3818 6120
86 295 142 354 819
384 297 572 352 EXCERPTA
590 299 637 354 Ell
657 299 795 356 SEVERO
816 299 980 374 sulpicio
1000 301 1044 356 ET
1063 299 1250 356 CASSIANO.
1271 299 1439 357 NOTATIO.
1676 288 1728 347 850

720 424 912 479 ROSWEYDI
929 424 1097 481 NOTATIO.

126 524 219 586 552
233 519 470 591 (i)iliictorr'bur.]
484 521 615 591 Inscripsi
625 520 688 575 libri
699 520 784 592 hujus
795 521 1077 593 quartiAcehaereat.
1091 523 1141 578 llle
1155 524 1231 578 enim
1245 541 1275 578 se
1290 542 1307 578 a
1319 525 1441 608 pueritia
1455 523 1495 578 ait
1506 519 1581 575 inter
1594 514 1727 571 eremitas

89 596 220 645 auctores
230 591 363 646 Severum
371 591 523 662 Sulpicium
535 593 583 646 etl
586 608 706 646 oannem
712 594 886 658 Cassianum,
930 600 1081 650 versatum.
1100 597 1144 651 lta
1157 596 1232 649 enirn
1244 597 1341 651 scribit
1354 596 1517 666 praelatione
1531 591 1565 645 ad
1582 589 1728 668 Castorem

90 661 159 734 quia
167 677 199 715 ex
210 678 307 716 eeruin
319 662 398 717 libris
405 662 451 717 hic
457 662 527 717 liber
538 662 628 717 verbis
636 680 733 718 eorum
744 681 824 719 excer
843 671 890 719 tus
930 666 1337 738 episcopum,quamlibrissuis
1345 657 1726 721 doinstitutisCaenebioruni

89 737 143 788 est.
162 733 229 796 Quis
244 734 421 805 excerpserit,
438 751 493 788 non
506 735 588 805 plane
598 740 716 789 constat.
732 735 802 789 Vide
834 736 891 791 icta
930 738 1074 808 praemisit,
1087 754 1148 791 cum
1160 755 1259 792 causas
1271 738 1362 793 adfert
1369 736 1515 791 curminus
1527 733 1644 812 idoneus
1654 741 1728 808 nunc

88 805 120 859 iii
132 805 331 876 prolegomene
341 807 470 876 generali
486 803 512 860 6.
931 808 968 862 sit
977 808 1011 861 ad
1023 809 1176 863 monastica
1186 809 1382 881 AEgyptierum
1393 800 1728 862 monachorummstituta

127 876 165 941 (p)
186 876 278 931 severo
292 877 439 1002 Surpia'oq
450 877 533 931 Varia
544 878 605 947 ejus
614 877 705 947 elogia
714 876 800 931 habes
809 878 889 932 initio
930 880 1116 934 recolendaet
1130 881 1333 950 recolligenda:
1354 900 1365 930 ι
1383 878 1519 942 Secunde,
1532 872 1605 946 qued
1619 883 1728 950 ³³.q¹¹ae

89 963 208 1018 operum
221 948 316 1028 ejusa
328 949 412 1002 variis
441 949 510 1002 eatis
523 949 588 1002 viris
598 949 889 1004 adornatarum.Dabe
931 951 1080 1022 apueritia
1091 952 1390 1006 nestraintereosdem
1399 948 1645 1014 constituti,atque
1655 955 1728 1021 ipse·

89 1023 202 1072 tantum
218 1017 262 1071 hic
277 1035 310 1072 ea
325 1036 386 1089 quae
400 1019 589 1090 Dialegerum.
606 1037 637 1073 eii
652 1019 753 1091 quibus
769 1020 828 1076 hice
842 1038 890 1075 ex·
932 1039 994 1076 runi
1004 1023 1111 1076 incitati
1119 1023 1290 1093 quotidianis
1299 1019 1537 1076 exhortationibus
1548 1012 1726 1098 etexempliS‚

90 1093 189 1159 cerpta
208 1092 282 1155 sunt,
300 1090 472 1145 mentionem
496 1091 611 1145 iaciunt.
635 1091 762 1146 Gelasius
781 1093 890 1147 Decreti
932 1095 973 1148 rel
989 1110 1071 1164 agere
1083 1093 1263 1161 tentavimus,
1275 1093 1316 1147 rel
1329 1092 1488 1157 didicimus,
1503 1088 1547 1142 rel
1561 1102 1621 1140 visu
1635 1097 1729 1165 perce·

89 1165 171 1230 partc
184 1159 276 1222 i,dist.
291 1161 333 1225 15,
345 1161 431 1231 capii
449 1180 454 1213 :
474 1180 487 1213 e
502 1162 642 1233 Opuscula
657 1163 850 1217 posthumiani
863 1169 892 1218 et
931 1166 1035 1236 pimus,
1047 1165 1153 1218 minine
1164 1167 1224 1235 jain
1235 1180 1383 1236 possumus
1397 1163 1431 1217 ad
1445 1163 1585 1231 integrum
1594 1163 1727 1237 retinere,

90 1231 166 1284 Galli
187 1232 356 1303 apocrypha.
375 1251 385 1281 i
404 1233 601 1302 Hieronymus,
616 1232 663 1285 lib.
686 1248 724 1296 xi,
740 1234 769 1288 in
791 1235 888 1288 Ezech.
932 1242 974 1290 tet
988 1253 1125 1290 annorum
1139 1237 1284 1291 curriculis
1295 1235 1329 1290 ab
1339 1251 1436 1289 eoiiiin
1447 1230 1586 1287 consertio
1600 1229 1729 1305 etimita·

90 1319 115 1354 c.
129 1316 220 1368 xxxvi,
234 1312 298 1373 post
310 1313 489 1357 enumeratos
503 1304 606 1358 erroris
618 1304 838 1359 Millenarieruin
850 1322 891 1359 se·
932 1308 1007 1361 tione
1022 1308 1241 1362 conversationis
1256 1307 1399 1362 abstracti.
1409 1324 1421 1355 i
1433 1304 1513 1359 Unde
1528 1314 1638 1373 queque
1654 1295 1729 1349 colli·

90 1378 223 1433 statores,
240 1373 337 1428 addit:
356 1393 368 1427 (
386 1375 420 1429 Et
434 1391 524 1445 nuper
537 1375 655 1429 Sereius
667 1381 772 1443 nester,
789 1377 818 1430 iii
833 1377 891 1430 dia·
930 1379 1016 1449 gitur,
1029 1395 1084 1431 nen
1101 1395 1161 1433 esse
1176 1379 1307 1434 cumdem
1322 1395 1385 1433 cuin
1394 1382 1493 1431 nestro
1503 1371 1678 1430 Cassianum,
1692 1364 1728 1419 ad

91 1444 166 1514 lege,
183 1444 228 1498 ciii
242 1445 321 1498 Galle
337 1446 627 1516 nomenimposuit.i
934 1466 1016 1520 quein
1030 1449 1127 1504 scribit
1141 1450 1263 1505 Isidorus
1277 1450 1428 1504 pelusiota.
1609 1511 1615 1522 ‚
1647 1510 1652 1520 ,

127 1515 170 1569 Ne
184 1515 285 1569 mirere
296 1517 389 1570 Severi
402 1518 542 1587 Dialeges,
554 1517 584 1571 iii
598 1516 699 1588 quibus
713 1517 891 1572 posthumia-
970 1520 1004 1588 (11
1020 1520 1321 1590 ον1’,(((η(ἐ.]11(ιι·οη1υε,
1333 1527 1408 1575 tomo
1419 1520 1453 1585 V,
1464 1533 1538 1571 anno
1551 1513 1655 1569 Christi
1665 1505 1726 1589 31111,

90 1601 144 1639 nus
163 1595 192 1641 et
214 1587 310 1641 Gallus
329 1587 567 1658 interloquuntur,
584 1588 727 1643 numerari
747 1605 764 1642 a
778 1588 888 1643 Gelasio
929 1592 1072 1647 Anastasii
1084 1591 1200 1663 papaei,
1213 1591 1325 1646 Arcadii
1340 1597 1368 1645 et
1382 1588 1498 1644 Honorii
1513 1588 1600 1656 impp.
1611 1583 1638 1635 5.
1653 1582 1730 1633 Acci-

90 1673 165 1727 papa
191 1656 265 1711 inter
288 1660 456 1730 apocrypha.
480 1661 633 1714 Continent
654 1660 729 1713 enim
753 1660 889 1730 quosdam
930 1665 973 1719 dit
983 1661 1525 1731 auteni,cumlibrerumOrigeniscausa
1535 1658 1729 1736 tetntantaequc

91 1743 195 1786 naevos,
213 1745 282 1798 ques
294 1729 355 1782 ride
366 1735 478 1784 notatos
492 1731 520 1786 iri
534 1731 625 1785 indice
640 1730 775 1785 libroruin
791 1746 891 1803 expur·
932 1733 1019 1790 turben
1034 1733 1282 1787 concitatmessent
1292 1732 1474 1794 Alexandria,
1487 1737 1608 1799 atquem
1619 1737 1729 1805 unirer·

89 1798 248 1868 gandonum
264 1816 281 1852 a
296 1801 325 1852 F.
348 1802 454 1854 leanne
478 1802 567 1855 Maria
587 1801 812 1867 Brasichellensi,
829 1819 890 1856 ma·
931 1822 963 1860 sa
974 1804 1094 1874 AEgppte
1107 1820 1158 1875 per
1171 1803 1357 1874 Theophilum
1371 1804 1432 1873 ejus
1445 1798 1563 1855 civitatis
1572 1798 1728 1876 antistitem

112 1869 181 1923 'stro
195 1870 267 1923 sacri
288 1870 399 1937 palatii,
416 1878 443 1925 et
458 1873 532 1943 apud
547 1873 749 1927 Bellarminum
769 1873 799 1928 in
817 1873 889 1929 libre
934 1877 1057 1945 aliosque
1081 1875 1225 1946 episcopos
1249 1875 1381 1931 adversus
1395 1871 1545 1929 monachos
1560 1870 1728 1936 scriptorum

93 1921 921 2021 ·escriptoribusEcclesiasticis,etBareniumvariislocisB
934 1946 1063 2016 Origenis
1082 1946 1215 2007 fautores,
1232 1944 1465 2000 posthumianum
1484 1941 1574 2021 illum,
1591 1937 1639 2008 qui
1653 1934 1728 2005 apud

91 2027 122 2064 in
140 2011 306 2079 Annalibus,
320 2018 349 2067 et
363 2015 542 2069 possevinum
558 2020 684 2069 nostrum
704 2016 734 2069 in
744 2017 889 2086 Apparatu
930 2020 1063 2074 Severum
1077 2033 1141 2071 cum
1156 2017 1236 2071 Galle
1249 2017 1390 2086 dialogum
1405 2020 1498 2081 558
1521 2015 1588 2081 agli,
1607 2008 1729 2061 Melan·

91 2098 182 2136 sacre.
196 2083 272 2138 Nulli
286 2090 381 2139 tamen
398 2086 467 2140 naevi
481 2086 510 2139 in
525 2086 568 2139 his
581 2086 717 2168 excerptis
727 2093 886 2140 occurrunt.
929 2076 1729 2159 (iriamappulisse,cemplui·aqueeerumquaeinterambas

127 2154 216 2208 perro
231 2155 265 2209 dc
287 2172 360 2210 anno
384 2172 439 2228 quo
460 2156 579 2211 Severus
593 2157 733 2228 Sulpicius
757 2157 889 2227 Dialoges
930 2161 1060 2215 adversas
1069 2165 1162 2229 partes
1170 2158 1729 2227 transactafueruntpraesentemconspe-

91 2240 158 2279 suos
172 2225 397 2296 conscripsit,ita
406 2228 551 2293 Barenius,
568 2234 644 2283 teme
659 2246 685 2294 v,
700 2244 774 2282 aime
785 2228 889 2283 Christi
930 2231 1131 2286 iisseselrcns
1139 2231 1214 2284 enini
1223 2230 1356 2285 Narbona
1363 2229 1393 2284 in
1402 2224 1579 2290 Africam,ad
1586 2220 1728 2302 tumulum

90 2293 155 2357 tei.
171 2297 326 2352 Innocentii
340 2314 420 2369 papae
435 2300 459 2366 l,
475 2299 587 2353 Arcadii
602 2303 629 2354 et
643 2299 761 2354 Henorii
770 2299 888 2424 imppp.
931 2302 1020 2357 sancti
1036 2301 1169 2372 Cypriani
1183 2301 1317 2374 martyria
1327 2299 1502 2354 invisendum
1512 2293 1649 2367 perrexit:
1663 2290 1728 2372 inde

93 2367 303 2439 Quete,inquit‚
312 2368 423 2423 Domini
438 2386 511 2424 anno
523 2371 641 2424 Severus
655 2369 798 2441 dialogum
809 2371 828 2425 il
841 2387 889 2425 um
930 2373 1026 2428 veroC
1062 2373 1208 2426 enensium
1217 2371 1423 2443 legenserasin
1433 2369 1583 2440 AEgyptum
1591 2366 1728 2436 pervenit,

91 2438 245 2509 scripserit,
262 2457 295 2493 eii
309 2439 351 2494 his
364 2441 471 2511 pariter
485 2441 604 2512 intelligi
620 2444 721 2513 potest.
740 2443 813 2496 Nam
826 2458 890 2496 cum
931 2445 945 2498 J
948 2460 1027 2498 erese
1040 2460 1133 2514 ymam
1141 2443 1317 2514 profecturus
1325 2442 1502 2496 visendorum
1512 2453 1596 2492 caiisa
1602 2436 1728 2488 locorum

90 2509 164 2564 idem
180 2510 256 2564 dicat
266 2516 379 2565 sanctus
389 2512 644 2583 Hieronymus.ees
660 2529 775 2581 nupera
789 2514 890 2568 Serere
931 2521 1102 2579 sanctorum,
1111 2519 1163 2569 etc.
1176 2515 1263 2584 Cujus
1272 2516 1301 2568 in
1308 2514 1459 2585 AEgyptum
1469 2509 1730 2579 lerosolymamque

90 2580 199 2635 censeri
220 2582 888 2653 tos,censtetquccemmentariosinEzechielem,
931 2585 1130 2658 peregrinatio,
1147 2586 1200 2640 etsi
1213 2602 1270 2640 nen
1285 2585 1337 2639 lieo
1347 2600 1431 2649 anne,
1443 2581 1519 2636 haud
1533 2585 1629 2634 tamen
1639 2577 1729 2631 multe

90 2652 139 2705 ubi
154 2652 190 2705 de
201 2598 248 2706 iiis
263 2653 330 2722 agit,
350 2669 424 2708 anno
440 2671 524 2725 quoa
543 2655 642 2709 Gothis
660 2661 742 2726 capta
756 2660 799 2709 est
812 2655 887 2718 urbs,
931 2663 995 2729 pest
1009 2656 1158 2728 contigisse
1172 2658 1273 2728 potuit.
1469 2724 1475 2734 ⁴

90 2739 151 2777 esse
161 2723 334 2794 conscriptes
346 2726 389 2787 (ut
402 2742 434 2779 cii
449 2727 510 2795 ejus
520 2726 549 2780 in
563 2725 642 2779 libris
650 2725 704 2780 illis
716 2727 807 2779 affixis
817 2743 890 2797 prae-
968 2730 1005 2800 (5⁴,
1022 2731 1093 2782 llam
1107 2744 1154 2797 eqo
1164 2733 1227 2797 jam
1241 2729 1338 2798 serica]
1353 2725 1433 2790 Quod
1448 2725 1494 2778 hic
1511 2722 1546 2777 de
1561 2718 1670 2775 duobus
1684 2736 1730 2772 sc-

90 2793 243 2849 fationibus
257 2801 394 2866 appareti,
404 2813 504 2868 nempe
512 2803 575 2921 post
585 2803 647 2852 ecte
657 2796 692 2851 ab
702 2798 755 2851 hoc
763 2803 891 2868 tempere
932 2799 1015 2853 nibus
1024 2804 1157 2854 narratur
1166 2800 1226 2854 sine
1240 2799 1363 2864 nomine,
1375 2799 1427 2851 hoc
1441 2796 1475 2849 de
1486 2793 1574 2849 Paesie
1584 2795 1612 2846 et
1623 2792 1638 2845 J
1641 2806 1730 2845 eanne

91 2881 189 2930 annea,
200 2865 297 2936 utique
311 2866 507 2922 fatendumest
528 2874 673 2939 ongepost
685 2866 890 2923 ebitumsancti
932 2870 973 2924 ita
996 2876 1094 2924 narrat
1108 2871 1268 2935 Cassianus,
1285 2869 1333 2923 lib.
1350 2886 1375 2921 r.
1400 2867 1493 2923 instit.
1511 2881 1571 2936 cap.
1595 2861 1639 2920 27.
1658 2879 1671 2914 (
1688 2861 1730 2916 Ad

89 2937 275 2991 Martinieam
285 2953 302 2990 a
312 2937 413 2992 Serere
419 2939 599 3010 scriptionem
610 2938 892 3004 elucubratam31icet
932 2958 1027 2996 senem
1045 2941 1165 2995 Pasiam
1179 2942 1208 2995 in
1223 2956 1318 2996 eremo
1333 2939 1493 2994 vastissima
1506 2938 1729 3015 commorantem

88 3007 224 3078 profectio
239 3008 287 3061 illa
299 3008 492 3064 posthumiani
503 3011 531 3064 in
544 3011 698 3075 Orientem,
710 3026 792 3080 aqua
805 3011 891 3065 sumit
931 3029 994 3066 cum
1011 3028 1094 3066 senen
1108 3013 1122 3066 J
1125 3028 1230 3066 oannes
1248 3028 1350 3082 magno
1367 3008 1492 3065 coenebie
1507 3023 1539 3061 ac
1555 3003 1729 3060 multitudini

90 3079 268 3149 dialogorum
276 3080 430 3146 exordium,
441 3082 515 3135 conti
538 3082 591 3135 erit
601 3082 708 3134 virente
717 3083 890 3136 sanctoMar·
931 3084 1050 3137 fratrum
1061 3083 1226 3154 praepositus
1236 3084 1403 3145 advenisset,
1416 3087 1444 3135 et
1454 3078 1489 3133 ab
1504 3095 1537 3132 ee
1550 3077 1625 3130 relut
1636 3074 1671 3129 ab
1682 3090 1730 3128 an-

90 3149 160 3215 tino,
173 3166 248 3204 anne
258 3150 449 3223 videlicetquo
462 3152 497 3207 eb
512 3100 686 3222 &agonistas
699 3152 817 3223 contigit
828 3152 891 3207 Ale·
930 3155 1089 3226 tiquissimo
1103 3154 1198 3208 sodale
1213 3155 1399 3226 perquireret,
1415 3151 1548 3223 quidnam
1563 3164 1614 3219 per
1632 3161 1729 3227 omnes

89 3220 258 3275 xandrinam
270 3223 415 3277 ecelesiam
429 3223 519 3278 turbis
530 3224 674 3294 exagitari.
931 3225 1119 3297 quadraginta
1134 3242 1231 3292 annes,
1248 3225 1349 3350 quibus
1363 3222 1397 3278 ab
1416 3221 1514 3277 eedem
1533 3223 1679 3290 separatus
1699 3233 1729 3270 in

125 3292 204 3347 Idem
219 3293 366 3359 Baronius,
380 3301 456 3349 tenie
467 3296 499 3355 V,
511 3312 586 3349 anne
601 3294 704 3350 Christi
715 3293 777 3361 131,
792 3294 918 3354 Cales-C
932 3296 1082 3351 solitudine
1097 3296 1214 3350 minime
1223 3313 1241 3350 a
1262 3296 1384 3350 ratribus
1395 3291 1590 3362 interpellatus
1600 3288 1705 3369 egisset
1722 3305 1727 3339 :

90 3362 143 3417 tini
159 3380 239 3435 papae
261 3363 288 3429 8,
304 3365 452 3420 Theodosii
467 3366 511 3429 24,
529 3366 718 3420 Valentiniani
740 3367 765 3429 7,
787 3366 885 3436 impp,
931 3369 1081 3438 Nunquam
1104 3384 1158 3431 me,
1183 3367 1231 3434 ait,
1258 3367 1300 3421 sel
1319 3365 1491 3420 reficientem
1506 3361 1584 3415 vidit.
1605 3360 1639 3413 Et
1657 3359 1727 3414 ille:

91 3435 216 3489 ostendit
228 3435 361 3490 Severum
381 3437 534 3507 Sulpicium
549 3438 730 3507 Dialegerum
745 3442 889 3491 auctorem
929 3439 1054 3503 Neome,
1066 3439 1095 3491 in
1115 3438 1166 3503 uit,
1181 3437 1321 3492 iratum.»
1339 3429 1633 3502 ldemhabeturapud
1647 3429 1729 3484 pela-

89 3505 233 3561 dirersum
241 3523 326 3562 essea
336 3509 437 3563 Serere
446 3508 886 3590 SulpicieepiseepeBituricensi.
930 3509 1017 3579 giam,
1034 3456 1128 3564 libelio
1139 3523 1175 3574 iv,
1189 3525 1268 3564 num.
1282 3508 1328 3565 24.
1493 3576 1499 3587 .

90 3576 153 3640 Qua
163 3577 192 3632 iii
203 3577 310 3650 relapsi
320 3585 400 3633 erant
410 3580 503 3633 Severi
515 3584 759 3640 commentatores,
773 3579 889 3634 Carolus
968 3577 1089 3647 (bllartc
1098 3577 1551 3651 Tbccucricaii1.]Martyrelegium
1557 3573 1726 3638 Romanum,

91 3647 233 3720 Sigonius,
256 3651 354 3703 petrus
373 3650 541 3714 Galesinius,
567 3655 595 3703 et
617 3651 714 3704 Victor
737 3650 886 3705 Giselinus.
929 3642 1730 3726 28hlaii:aThecueinpalastinasancterunimouacho·

90 3719 170 3783 Quod
185 3721 527 3792 etiamnetaritloscphus
540 3721 672 3791 Scaliger,
683 3721 888 3792 prolegomenis
928 3738 993 3777 runi
1007 3727 1175 3794 martyrum,
1192 3723 1240 3793 qui
1254 3727 1380 3793 tempere
1401 3717 1551 3775 Theodosii
1574 3715 1698 3797 iunioris
1713 3731 1731 3769 a

89 3791 124 3845 ad
140 3791 227 3846 libres
250 3792 283 3846 dc
306 3793 508 3847 Emendationis
526 3797 694 3863 temporum,
712 3799 741 3846 et
758 3793 888 3848 Nicotaus
931 3794 1094 3849 sarracenis
1108 3793 1188 3848 occisi
1213 3799 1307 3848 sunt:
1337 3807 1456 3864 querum
1481 3805 1576 3844 sacras
1597 3787 1647 3840 reli
1668 3801 1729 3840 uias

89 3861 181 3916 Faber
190 3863 220 3916 in
234 3861 382 3933 Opusculis
392 3865 558 3934 posthumis
570 3863 771 3918 schediasmate
781 3863 815 3917 de
825 3865 891 3918 Die·
930 3866 1030 3919 accolae
1043 3865 1215 3936 colligentes,
1230 3881 1341 3920 summa
1352 3861 1532 3918 veneratione
1544 3859 1607 3941 illas
1621 3858 1659 3910 ha
1679 3873 1729 3911 ue·

89 3933 172 4004 nysie
186 3934 366 4005 Areopagita,
383 3936 431 4004 qui
449 3936 523 3989 hunc
544 3940 674 3989 uestrum
697 3936 831 3990 Severum
849 3935 890 3990 ait
930 3943 1006 3990 runt.
1020 3956 1032 3989 a
1049 3937 1102 3991 Ubi
1117 3937 1256 3991 Baroui‘is
1267 3941 1361 3991 notat:
1375 3935 1410 3990 Hi
1421 3934 1460 3989 illi
1476 3948 1536 3988 esse
1551 3929 1683 3984 videntur
1694 3927 1730 3982 de

89 4002 175 4059 fuisse
186 4005 353 4060 monachum
368 4005 626 4061 Primuliacenseiii.
930 4005 1533 4077 quibusagitleannesCassianus,incoll.ri,
1545 4019 1569 4056 e.
1579 3998 1627 4069 1,2
1635 4004 1729 4082 etseq.

125 4075 330 4141 posthumiani,
340 4077 387 4158 qui
396 4078 490 4132 Severi
506 4077 628 4148 Dialegis
639 4076 846 4147 interloquitur,
859 4077 888 4131 in
964 4079 1244 4142 ldemBaren.,teme
1254 4079 1287 4143 V,
1300 4095 1374 4132 anno
1383 4072 1556 4139 Christilli),
1570 4074 1729 4153 innocentii

87 4146 243 4218 AEgyptum
253 4149 440 4218 peregrinatio
450 4148 715 4219 desciibiturprimo
727 4148 820 4202 Sercri
830 4148 889 4202 ilia·
928 4166 1007 4231 papei
1020 4149 1045 4212 9,
1060 4150 1176 4204 llenerii
1197 4149 1234 4213 lii,
1251 4149 1400 4203 Theodosii
1416 4147 1442 4211 3,
1458 4148 1556 4216 impp,
1567 4145 1726 4207 Cassianus,

87 4217 164 4299 lege,
176 4219 255 4288 cujus
265 4225 395 4290 excerpta
403 4220 448 4273 hic
463 4221 544 4288 legis.
559 4220 625 4283 Qum
636 4235 691 4290 que
702 4235 775 4272 anno
784 4219 888 4273 Christi
929 4218 1726 4298 inquit,iiitegracellationeri‚ineeargumente'yersatur,

88 4289 267 4343 existimetur
281 4291 439 4361 contigisse,
461 4291 523 4345 vide
538 4291 583 4344 hic
597 4289 768 4344 notationem
788 4291 822 4344 ad
841 4306 887 4343 ca·
930 4297 962 4345 ut
981 4292 1078 4345 doceat
1090 4308 1141 4344 cur
1163 4292 1238 4346 Deus
1258 4297 1368 4345 sanctos
1386 4289 1461 4343 vires
1474 4287 1509 4341 ab
1523 4302 1618 4356 impiis
1634 4299 1728 4337 necari

89 4363 142 4430 put
154 4359 181 4424 1,
198 4376 275 4414 nuni.
292 4359 318 4416 i.
335 4360 452 4416 Labitur
470 4362 605 4416 Reatinus
626 4361 766 4414 Victorius
781 4361 809 4414 in
824 4362 889 4415 Vita
950 4355 1728 4433 ermittat.Eratplanequaestioistaversataereomnium

88 4431 180 4485 saneti
196 4431 425 4503 llieronymi,qui
436 4433 604 4487 existimarit
618 4432 749 4486 Severum
765 4432 793 4486 in
806 4433 889 4503 AEgy-
930 4380 975 4486 1115
989 4432 1163 4503 temporibus
1178 4432 1213 4486 ob
1224 4432 1384 4503 ingruentia
1399 4430 1503 4502 ubique
1517 4427 1649 4507 malaci
1662 4423 1727 4478 bar·

87 4503 889 4575 ptumprefectum,cumipseposthumianiprelectionem
930 4503 1014 4558 baros
1037 4505 1118 4575 lenge
1145 4505 1256 4575 lateque
1279 4509 1451 4575 grassantes.
1472 4502 1512 4556 De
1526 4514 1648 4581 eaenim
1672 4511 1728 4577 nen

88 4579 198 4628 narret.
932 4575 1081 4630 Cassianus
1098 4580 1209 4630 tantum
1224 4575 1291 4646 egit,
1306 4575 1355 4630 sed
1372 4574 1471 4629 eadem
1487 4586 1631 4626 occasione
1641 4572 1728 4623 etiam

128 4643 166 4713 (3)
176 4647 282 4699 leonae
295 4646 447 4717 cassiana]
464 4647 499 4700 Et
513 4646 597 4718 hujus
612 4646 703 4719 elegia
717 4645 793 4700 varia
805 4645 890 4701 habes
931 4648 1117 4717 Augustiana,
1138 4648 1166 4701 in
1187 4647 1305 4718 epistola
1328 4646 1364 4700 ad
1382 4643 1573 4699 Victorianum
1587 4643 1727 4710 (August,

87 4720 158 4771 ante
167 4717 227 4785 ejus
234 4717 326 4788 Opera
333 4717 368 4772 ab
376 4718 495 4772 ilenrico
503 4718 625 4800 Cupcliie
633 4718 748 4771 etpetie
756 4717 890 4772 Ciacceno
899 4690 922 4748 D
932 4722 1007 4787 aiat
1025 4718 1168 4789 latiquod
1176 4718 1223 4773 ille
1233 4718 1369 4773 interalia
1378 4715 1600 4796 interpellasset:
1612 4731 1624 4763 ι
1635 4711 1728 4775 Quare

88 4788 223 4858 expolita,
232 4788 279 4858 qui
287 4789 372 4843 simul
382 4794 498 4843 monent
508 4790 573 4859 quid
585 4790 614 4842 in
625 4788 755 4859 operibus
765 4789 890 4844 Cassiani
932 4796 961 4843 et
970 4791 1041 4844 servi
1053 4791 1103 4845 Dei
1118 4790 1301 4844 barbarorum
1311 4790 1385 4843 ferre
1396 4791 1532 4860 perempti
1547 4789 1621 4847 sunt,
1639 4788 1667 4836 et
1680 4797 1729 4835 aii·

88 4858 256 4914 carendum.
273 4860 351 4913 Nihil
366 4860 393 4913 in
414 4861 456 4914 his
471 4861 609 4930 excerptis
635 4861 761 4914 censoria
782 4861 891 4930 virgula
932 4861 1002 4916 cillic
1016 4862 1188 4932 Deicaptirai
1199 4863 1297 4917 ductio.
1312 4881 1323 4911 i
1340 4859 1408 4924 Qua>
1420 4858 1517 4913 itidem
1528 4854 1727 4936 pluribusltra·

88 4930 211 5000 dignum
231 4931 360 4985 occurrit.
382 4932 469 4987 Peme
491 4931 525 4984 de
549 4931 675 4985 Cassiani
690 4931 718 4985 in
739 4931 890 5002 AEgyptuin
932 4938 990 4987 ctat
1012 4933 1048 4987 ad
1074 4933 1266 5010 Marcellinum
1285 4932 1314 4986 iii
1328 4928 1537 4985 commentariis
1556 4927 1591 4981 de
1609 4926 1729 4980 civitate

88 5002 272 5073 profectione,
297 5002 337 5056 ita
356 5003 502 5065 Barenius,
519 5020 592 5056 anne
612 5002 716 5058 Christi
728 5000 789 5064 1111,
808 5003 890 5056 lime·
932 5003 992 5057 Dei.
1007 5004 1149 5059 llactenus
1163 5003 1310 5057 Beronius.

87 5072 176 5126 centii
189 5089 224 5143 pa
244 5072 298 5137 ab,
308 5075 417 5128 Arcadii
429 5074 580 5129 etllonerii
591 5075 678 5145 impp.
691 5072 731 5138 10,
743 5078 891 5144 postquam
968 5074 1222 5129 Existimatibidcm
1230 5068 1729 5141 Batonius,eedcmtemperecladem

87 5143 152 5213 egit
166 5144 200 5198 de
216 5090 350 5199 dassiano
372 5146 406 5199 ad
432 5147 624 5200 Innocentium
642 5161 743 5215 papam
759 5145 787 5198 in
807 5160 892 5198 causa
932 5146 1052 5216 AEgypto
1073 5146 1179 5199 illatam
1196 5162 1213 5198 a
1233 5144 1369 5205 barbaris,
1389 5143 1549 5270 prebetque
1569 5157 1604 5196 ex
1627 5139 1729 5195 litteris

87 5215 408 5286 Joannischrysostoini
419 5218 510 5287 legate
521 5217 605 5270 misso
619 5234 624 5267 :
637 5215 889 5284 Caeteruminqiiit,
932 5217 1082 5286 Augustini
1097 5218 1131 5270 ad
1147 5216 1352 5271 Victorianum:
1368 5234 1381 5266 c
1413 5221 1476 5270 otus
1491 5230 1557 5286 quip
1578 5211 1728 5268 emundus

86 5291 157 5358 pest
170 5287 228 5341 haee
246 5288 396 5341 Cassianus
411 5289 550 5359 prolectas
566 5288 593 5340 iii
604 5288 765 5358 AEgrptum,
783 5285 821 5339 ibi
831 5303 891 5340 nie·
933 5287 1301 5358 tantisatssigiturcladihus,
1312 5294 1496 5358 utpenepars
1507 5230 1730 5340 nuliisterrarum

87 5357 229 5412 nesticam
244 5358 329 5412 vitam
356 5361 480 5414 excolere
502 5359 595 5430 capit,
618 5346 739 5427 indeque
754 5356 891 5411 scribendi
933 5358 1023 5412 situbi
1032 5375 1086 5412 non
1095 5359 1162 5412 talia
1171 5358 1266 5429 qualia
1276 5358 1411 5429 scripsisti
1419 5358 1632 5413 committantur
1642 5359 1726 5478 atque

87 5427 263 5483 Collationes
273 5430 388 5484 patrum
403 5431 498 5485 hausit
513 5434 722 5499 argumentum.
732 5429 831 5483 Exstat
839 5429 890 5483 lsi·
932 5430 1186 5500 plangantur.Nam
1201 5435 1266 5483 ante
1280 5446 1397 5501 parrum
1407 5437 1518 5500 tempus
1533 5428 1619 5482 ctiam
1633 5425 1661 5478 in
1674 5442 1683 5477 i
1695 5424 1729 5477 lis

89 5499 156 5554 deri
171 5500 320 5554 Pelusiotae
342 5501 377 5555 ad
395 5503 559 5556 Cassianum
576 5500 693 5571 epistola
709 5501 784 5560 tlsid.
800 5501 888 5554 Palas.
932 5500 1128 5554 solitudinibus
1145 5501 1269 5583 AEgypti,
1295 5501 1342 5556 ubi
1365 5502 1536 5556 monasteria
1549 5500 1679 5577 separata
1688 5493 1728 5577 ‘ab

88 5571 143 5627 tie.
155 5583 175 5635 1,
189 5575 264 5639 epist.
275 5571 349 5634 3091,
360 5589 423 5627 cuin
438 5589 586 5643 aggressus
600 5577 675 5626 esset
683 5571 769 5626 vitam
778 5586 890 5626 menas·
931 5588 1008 5626 omni
1022 5571 1140 5641 strepitu
1151 5588 1232 5643 quasi
1244 5587 1345 5628 secura
1357 5573 1508 5645 degebant,
1517 5587 1536 5626 a
1547 5567 1675 5624 barbaris
1687 5581 1729 5620 iii-

87 5640 179 5696 ticam
194 5643 329 5713 profiteri,
343 5659 472 5714 quaeum
486 5644 626 5715 inprimis
641 5642 693 5697 sibi
708 5642 890 5698 coercendam
931 5641 1040 5697 terlecti
1055 5647 1121 5696 sunt
1134 5643 1236 5698 fiatres
1249 5645 1390 5714 (August,
1409 5647 1484 5715 epist.
1503 5640 1576 5710 111).
1595 5657 1607 5690 r
1711 5707 1716 5718 ¹

90 5727 156 5768 esse
169 5713 297 5784 linguam
309 5714 464 5769 admonuit.
476 5715 618 5770 Hactenus
635 5714 782 5770 Batonius.
968 5713 1118 5769 Cassianus
1133 5718 1239 5780 tamen,
1254 5715 1303 5788 qui
1313 5717 1365 5773 hoc
1379 5722 1505 5786 tempere
1519 5712 1552 5770 iii
1562 5709 1682 5782 AEgypte
1692 5724 1731 5762 vi-

130 5784 198 5850 Quae
221 5785 425 5841 Berenianade
439 5786 565 5842 Cassiani
580 5786 610 5841 iii
628 5786 781 5859 AEgyptum
802 5783 891 5857 prele-
932 5785 1023 5851 rebat,
1040 5785 1146 5840 nullam
1159 5788 1331 5843 mentionem
1345 5788 1412 5842 facit
1425 5783 1666 5856 depredationum
1680 5795 1731 5852 per

93 5855 190 5915 ctione
202 5856 320 5930 putatio,
334 5874 391 5916 nen
405 5858 483 5916 rideo
503 5859 551 5932 qui
564 5873 628 5916 cum
641 5858 765 5916 Cassiani
780 5856 890 5930 scriptis
931 5856 1065 5915 barbares
1080 5859 1259 5918 monasteriis
1273 5859 1385 5934 AEgypti
1399 5857 1560 5919 illatarum,
1570 5855 1642 5913 Nam
1654 5855 1732 5924 pest-
