3818 6120
152 310 209 370 ιιι
332 272 337 283 ’
536 312 622 368 vrrs
640 312 769 370 smmi
787 314 965 372 excuouu
983 310 1136 370 xaaxrrs
1154 310 1413 371 rmmvmsrs.
1739 314 1792 376 als

154 436 357 505 convocabant,
388 438 435 510 qui
451 439 491 492 eis
507 438 686 493 testivitatem
700 441 805 495 laetitim
820 442 954 513 spiritalis
966 440 1103 512 Apositos
1118 439 1181 509 (291,
1200 441 1248 511 qui
1265 439 1317 493 sibi
1334 441 1368 494 ad
1387 434 1536 496 lucrandas
1546 443 1666 507 animas,
1682 456 1744 514 quae
1756 446 1792 499 ad

153 527 315 598 implerent.
328 528 391 582 Non
406 527 480 581 enim
495 528 656 599 patiebatur·
673 530 748 583 idern
771 548 864 593 senex,
881 532 955 585 inter
995 548 1059 584 eum
1074 529 1197 601 quotidie
1211 529 1712 601 confluebant,adjutoresexisterent.
1725 534 1792 589 Plu·

152 633 202 670 eos
209 634 270 670 esse
280 616 451 689 quempiam,
464 617 666 688 quiclericatus
678 618 768 672 officio
776 619 950 689 iungeretur.
995 619 1073 672 riruis
1088 618 1162 672 enim
1181 619 1261 686 (sicut
1271 618 1375 672 dictum
1391 625 1442 685 est)
1454 620 1559 675 adeum
1569 621 1752 689 venientibus,
1763 629 1791 677 et

151 705 272 760 Dicebat
285 706 371 771 enim,
387 706 475 759 multo
485 705 586 760 melius
607 724 667 760 esse
682 713 766 778 atque
782 707 954 762 commodius
994 707 1186 778 multiplieiter
1201 707 1229 760 in
1242 723 1325 777 opere
1336 708 1454 778 spiritaii
1469 709 1666 772 crescentibus,
1688 726 1792 781 magna
1819 736 1823 746 ·

152 794 467 860 monachisnonsolum
477 795 954 868 nulliusprorsushonorisquaerere
995 798 1122 868 quadam
1136 797 1354 852 conversationis
1368 812 1466 850 eorum
1481 797 1691 853 videbaturesse
1699 799 1792 854 diver·

152 883 294 953 primatus
304 889 333 937 et
339 885 443 954 gloriae,
456 901 552 938 verum
564 885 649 939 etiam
657 887 815 941 occasiones
825 888 953 957 hujusce·
993 883 1072 940 sitas.
1084 885 1190 950 Quibus
1204 902 1289 940 senex
1298 885 1379 955 juxta
1390 885 1485 940 datam
1499 885 1552 940 sibi
1565 886 1698 942 divinitus
1712 899 1794 959 regu-

152 972 231 1025 modi
240 972 413 1028 dectenobiis
422 975 713 1045 amputar·e,qaoniam
719 976 880 1046 frequenter
888 976 953 1030 hinc
994 976 1061 1042 lam,
1076 976 1168 1046 gratia
1182 973 1285 1029 Christi
1298 991 1327 1029 se
1340 990 1390 1046 per
1401 974 1496 1029 omnia
1511 976 1682 1042 moderante,
1693 977 1791 1049 provi·
1873 978 1876 985 '

152 1060 336 1116 interiratres
346 1063 539 1117 contentiones
549 1065 896 1119 etarnulationesinutiles
905 1081 953 1118 na·
994 1063 1071 1118 ribus
1094 1070 1123 1117 et
1144 1064 1265 1134 ingeniis
1288 1063 1462 1135 singulorum
1484 1080 1630 1119 mensuras
1644 1070 1673 1119 et
1686 1066 1791 1122 formas

153 1157 310 1204 seerentur.
322 1152 400 1206 Sicut
408 1152 484 1205 enim
498 1153 620 1206 scintilla
629 1153 703 1223 ignis
713 1172 777 1208 cum
791 1154 820 1208 in
832 1170 951 1208 messem
994 1168 1110 1224 operum
1123 1153 1264 1207 custodire
1279 1150 1410 1208 censebat
1426 1152 1506 1206 :aliis
1521 1154 1642 1224 quidem,
1659 1153 1792 1212 utlabore

153 1238 297 1301 ceciderit,
315 1257 370 1294 non
389 1241 444 1294 cito
460 1241 652 1311 restinguitur,
668 1248 697 1296 et
708 1243 848 1297 interdum
866 1244 953 1297 totius
995 1241 1665 1314 manuumvictumqurrrerent3aliis,utt⁴ratrum
1676 1258 1792 1316 occupa·

151 1326 220 1381 anni
231 1328 338 1382 fructus
347 1331 448 1395 exurit;
456 1330 634 1400 itacogitatio
645 1331 738 1385 feralis
748 1331 880 1395 ambitus,
892 1331 953 1384 siin
995 1337 1093 1386 rentur
1102 1330 1252 1402 obsequiis,
1263 1348 1313 1385 nec
1323 1330 1422 1386 iisdem
1430 1331 1537 1387 cunctis
1549 1333 1723 1403 temporibus
1733 1350 1792 1387 ves·

150 1423 264 1471 mentes
275 1418 421 1489 irrepserit
437 1419 647 1483 monachorum,
658 1422 739 1474 utvei
751 1420 955 1491 primicupiant
995 1422 1191 1485 cerentur,sed
1200 1421 1391 1491 unusquisque
1406 1437 1456 1491 pro
1470 1421 1564 1476 labore
1580 1422 1678 1476 suovel
1687 1419 1789 1490 audio,

150 1521 222 1571 esse,
238 1508 280 1560 vel
292 1507 393 1572 elerici,
405 1508 459 1561 nisi
468 1508 523 1562 cito
535 1508 722 1578 suggestionis
731 1509 951 1579 lrujusardorem
993 1508 1170 1563 continentiae
1189 1510 1382 1564 moderamina
1399 1511 1542 1564 retineret.
1568 1508 1791 1565 Sollicitudinem

148 1594 184 1647 de
199 1612 253 1648 suo
265 1597 348 1650 eorde
356 1597 523 1667 pepulerint,
540 1596 613 1651 illico
625 1599 743 1668 perdent
749 1598 951 1652 continentiam
994 1613 1057 1651 vero
1071 1598 1158 1651 totius
1166 1594 1455 1669 dispensationiserga
1464 1597 1569 1652 fratres
1576 1600 1661 1670 atque
1667 1599 1791 1671 peregri·

148 1684 248 1737 multis
265 1684 406 1740 laboribus
417 1686 594 1756 acquisitam.
607 1686 725 1757 Oportet
738 1704 804 1757 ergo
815 1704 878 1740 cum
891 1704 951 1740 om·
993 1703 1043 1739 nos
1058 1686 1164 1740 eisdem
1179 1687 1329 1751 commisit,
1346 1687 1432 1758 quise
1441 1687 1470 1742 in
1480 1687 1578 1742 ordine
1588 1687 1788 1758 sequebantur.

147 1773 175 1827 ni
191 1775 410 1828 mansuetudine
424 1779 453 1828 et
463 1775 584 1846 puritate
595 1776 833 1829 communicantes
849 1776 952 1830 Christi
961 1768 984 1827 Β
994 1775 1145 1829 Universos
1171 1783 1265 1829 mrtem
1279 1776 1429 1830 monachos
1439 1780 1582 1847 promptos
1595 1793 1655 1830 esse
1667 1777 1702 1830 ad
1721 1776 1789 1831 obe-

151 1862 402 1917 ecciesiiselericos
415 1865 550 1930 venerari,
573 1862 638 1935 quia
653 1866 705 1918 lroc
722 1865 835 1935 expedit
850 1881 948 1918 mona·
991 1863 1127 1918 dientiam
1143 1864 1349 1927 commonebat,
1358 1865 1620 1936 uthoccompendio
1635 1865 1714 1919 facile
1727 1880 1789 1937 per·

147 1950 217 2016 chis,
244 1952 337 2006 nullas
358 1960 453 2007 autem
469 1953 614 2023 religiosas
633 1959 764 2024 appetere
784 1954 945 2024 dignitates.
990 1951 1579 2025 fectionisapprehenderentcelsafastigia,
1591 1954 1789 2025 cordaquesue

144 2040 174 2094 Si
190 2057 258 2094 vero
268 2042 456 2111 repererimus
465 2043 573 2113 aliquos
581 2042 764 2117 exmonachis
771 2044 830 2112 jam
837 2042 945 2114 pridem
988 2041 1017 2096 iu
1033 2041 1134 2096 timore
1146 2042 1249 2097 Christi
1258 2043 1411 2112 diligenter
1417 2043 1583 2097 excolerent.
1592 2042 1637 2097 Sic
1648 2043 1723 2096 enirn
1730 2042 1787 2097 Deo

145 2129 263 2183 clericos
273 2130 308 2183 ab
316 2130 452 2202 episeopis
465 2131 616 2196 ordinatos
634 2132 838 2202 amplectamur
848 2148 945 2186 eorum
986 2130 1169 2202 potiusquam
1177 2130 1789 2203 sibiviverent,dumfructusobedientiaesup-

145 2218 346 2283 ministeriurm
356 2221 421 2289 quia
438 2220 504 2273 etin
519 2221 606 2274 veteri
613 2222 792 2275 Testamento
800 2237 945 2275 nonomne
987 2220 1072 2289 plicas
1080 2218 1408 2275 exhiberentllicautem
1420 2218 1681 2292 patervenerabilis,
1690 2236 1786 2291 quam-

144 2307 245 2376 vulgus
260 2323 370 2361 sacmm
386 2308 571 2380 presumebat
585 2309 715 2372 olsrcium,
732 2310 781 2362 sed
797 2310 824 2362 hi
836 2315 944 2364 tantum
988 2308 1029 2361 vis
1044 2315 1118 2363 esset
1138 2308 1311 2381 spiritalibus
1327 2308 1434 2362 actibus
1450 2314 1611 2378 occupatus,
1633 2306 1656 2362 si
1672 2308 1784 2379 quando

144 2396 190 2466 qui
204 2396 329 2449 erantde
338 2397 412 2451 tribu
424 2397 487 2450 Levi
498 2398 533 2450 ad
543 2399 601 2451 hac
610 2398 945 2468 obsequianaseobarrtur.
988 2403 1083 2450 tamen
1098 2397 1239 2451 acciderat
1251 2405 1282 2451 ut
1296 2398 1407 2451 abesset
1416 2397 1440 2450 is
1452 2397 1498 2450 cui
1513 2396 1676 2451 monasterii
1687 2410 1784 2452 curam

144 2484 299 2555 Siquando
315 2494 408 2539 autern
419 2494 568 2540 extraneus
583 2486 671 2540 irater
686 2487 839 2554 advenerit,
849 2488 946 2558 dequo
988 2486 1176 2548 commiserat,
1191 2487 1231 2540 sic
1245 2486 1416 2557 adimplebat
1430 2485 1525 2539 onmia
1539 2483 1623 2550 solus,
1637 2486 1784 2541 velatam·

145 2580 253 2627 certum
269 2578 321 2637 est,
335 2574 408 2644 quod
420 2575 814 2645 sacerdotiiiungaturosticio,
832 2593 887 2629 non
901 2593 944 2629 ex·
986 2574 1203 2629 niumthmulas.
1214 2574 1248 2629 lit
1261 2571 1588 2645 lrocagebatsinealiqua
1597 2574 1783 2629 ostentatione

144 2663 310 2734 probremus
324 2663 359 2729 ei,
376 2668 520 2734 tamquam
537 2665 584 2734 qui
599 2681 678 2719 sacra
684 2667 751 2735 jura
761 2664 941 2736 persuaserit,
965 2731 968 2736 Ι
985 2663 1026 2716 vel
1038 2664 1186 2733 jactantia,
1203 2681 1264 2734 quie
1277 2678 1394 2732 magnas
1402 2660 1570 2735 spiritalium
1580 2656 1703 2717 virorum
1712 2661 1784 2718 solet

144 2752 225 2805 ethis
242 2769 273 2805 se
287 2753 452 2807 ministeriis
464 2753 618 2807 insolenter
630 2753 788 2824 ingesserit.
798 2754 943 2817 Quomodo
985 2766 1119 2806 evacuare
1139 2753 1267 2807 virtutes
1296 2754 1368 2807 Nam
1379 2768 1490 2806 summa
1504 2752 1607 2806 mentis
1621 2750 1782 2807 humilitate

144 2854 265 2911 namque
282 2841 334 2894 hoc
347 2840 381 2894 de
393 2858 425 2895 eo
436 2842 649 2913 suspicabimur,
662 2860 744 2912 quem
761 2859 811 2896 nos
825 2842 860 2896 ad
871 2843 943 2895 cele·
985 2848 1099 2895 cunctos
1113 2840 1274 2896 aedificabat
1286 2841 1316 2894 in
1328 2840 1459 2905 Domino,
1474 2839 1582 2894 utiliter
1595 2841 1725 2895 universa
1738 2838 1781 2895 di-

143 2926 250 2982 branda
268 2929 393 2983 scelestis
412 2937 588 2984 sacramenta
607 2931 715 2985 enixius
735 2931 912 2985 obsecremus
931 2930 943 2983 i
984 2946 1128 2999 sponsans.
1144 2928 1245 2985 Omnia
1255 2945 1365 3000 quoque
1377 2930 1548 2984 monasteria
1555 2925 1672 2983 sollicite
1683 2926 1782 2984 circui-

144 3015 200 3071 Imu
215 3018 347 3087 magisut
356 3025 475 3089 patrem,
484 3024 512 3073 et
527 3019 642 3073 nobisin
652 3021 704 3073 hac
714 3037 744 3073 re
755 3018 940 3084 obedientem,
983 3015 1040 3082 bat,
1057 3034 1145 3088 usque
1159 3020 1226 3072 dum
1235 3036 1333 3072 rursus
1347 3019 1381 3072 ad
1393 3019 1504 3072 eosdem
1515 3017 1780 3090 litiossuospaterno

143 3107 204 3177 plus
220 3107 361 3161 bonorare
388 3124 439 3162 nos
459 3109 597 3175 convenit,
610 3116 706 3180 utpote
717 3108 765 3178 qui
779 3116 939 3163 sanctorum
952 3084 1130 3178 Grepedaret
1143 3108 1253 3162 allecta.
1270 3108 1345 3171 Quos
1357 3106 1500 3161 inveniens
1510 3107 1630 3178 inopere
1640 3107 1691 3162 Dei
1701 3107 1780 3161 solli-

143 3196 259 3266 vestigia
273 3201 407 3262 sectetur,
419 3203 448 3251 et
457 3196 660 3251 illibalurnDeo
670 3198 939 3251 munusollerrenon
980 3195 1035 3249 cite
1049 3195 1173 3266 vigilare,
1188 3197 1338 3267 gaudebat,
1353 3198 1530 3267 multumque
1543 3194 1719 3267 profectuum
1733 3210 1779 3251 eo·

143 3283 262 3349 desinat,
275 3286 396 3339 maxime
407 3286 430 3339 si
440 3288 612 3341 conversatio
628 3289 689 3358 ejus
699 3293 859 3358 exspectata
874 3303 939 3340 cuu-
980 3299 1043 3339 rum
1058 3284 1207 3340 laetahatur
1221 3284 1393 3355 augmentis,

141 3372 189 3427 ctis
204 3383 249 3428 est
274 3380 303 3428 et
325 3375 450 3445 probata.
479 3376 507 3431 Si
523 3393 596 3442 vero,
615 3377 689 3446 quod
704 3376 786 3437 absit,
801 3375 829 3428 in
845 3375 938 3446 aliquo

140 3462 240 3517 delicto
251 3470 369 3534 putatur
379 3481 439 3518 esse
450 3466 597 3536 collapsus,
608 3465 642 3518 de
651 3482 683 3518 eo
695 3464 937 3534 nosjudiearenon

139 3553 381 3621 possumusDeus
392 3555 467 3606 enim
480 3545 938 3628 judexjustus,constituitepisco-
979 3525 1048 3580 qUOS
1076 3509 1230 3563 medioeres
1256 3509 1389 3608 hmines.
1406 3508 1434 3562 in
1457 3508 1554 3562 minis
1572 3508 1639 3562 ¹⁰⁰¹⁸
1650 3508 1776 3606 dumpi

140 3656 184 3709 pos
200 3658 289 3712 super
306 3658 354 3695 eos
376 3642 494 3712 judices,
509 3644 558 3712 qui
573 3641 720 3696 beatorum
747 3646 936 3714 apostolorum
977 3604 1087 3651 scerent
1097 3615 1206 3668 pecora,
1221 3596 1776 3652 acommumonesacramentorumChn·

141 3740 313 3784 successores
328 3736 357 3784 et
371 3732 527 3786 imitatores
541 3731 936 3804 existunt,quipossuntspiri·
978 3693 1014 3740 sn
1034 3685 1184 3793 abiunem’
1215 3704 1266 3794 Ψ
1287 3688 1446 3741 mmmm
1472 3686 1528 3740 mu
1548 3689 1636 3751 ιω
1655 3685 1774 3792 lemine

139 3818 183 3872 tali
200 3816 325 3872 examini
339 3819 445 3876 discere
458 3820 569 3891 negotia
584 3820 769 3890 singulorum.
787 3829 815 3874 et
825 3838 935 3893 aequum
975 3784 1225 3892 wmmnmmflqm
1239 3800 1290 3891 pqr
1304 3799 1386 3836 mnne
1397 3781 1550 3892 §abbatum
1560 3782 1776 3893 ffiquenwnb

141 3905 167 3960 de
183 3906 226 3961 eis
249 3907 324 3961 serre
334 3908 482 3977 judicium.
498 3910 554 3963 Nos
569 3916 663 3963 autem
678 3911 884 3980 compatiamur
902 3929 935 3965 ex
975 3898 1040 3935 ⁰⁰¹⁰
1055 3883 1217 3936 ³⁰¹e¹¹¹¹¹¹t⁰s
1227 3881 1331 3953 Ub¹si¹¹⁹
1356 3886 1519 3947 mcmmur’
1540 3886 1605 3935 ΠΜ
1625 3882 1773 3980 ⁰⁰¹¹‚⁸¹¹¹¹‚¹m

975 3972 1073 4025 cumS.
1085 3971 1399 4040 AprioneTentyrorum
1410 3970 1539 4040 episcopo
1548 3968 1612 4037 130),
1629 3975 1662 4024 ut
1670 3987 1700 4023 ιιι
1713 3985 1774 4024 vrca

139 3993 188 4050 imo
203 4002 320 4066 pectore
331 3996 433 4050 bilibus
446 4016 451 4049 ι
463 3998 529 4068 quia
537 4004 565 4051 et
575 3998 768 4051 misericordes
777 4015 827 4052 nos
841 4000 935 4053 Domi·
1090 4062 1095 4071 .
1682 4059 1687 4070 ⁸

139 4096 184 4138 nus
200 4102 265 4138 esse
273 4091 433 4140 commonet
444 4084 549 4150 tilolth.
560 4087 656 4155 vr),cui
667 4087 823 4158 supplicare
828 4089 935 4158 jugiter
975 4076 1073 4113 mrum
1085 4076 1145 4129 iam
1159 4076 1230 4130 pene
1240 4059 1351 4113 desem
1369 4065 1580 4114 ⁰⁰¹¹st¹¹u⁰se²ur
1592 4060 1717 4127 ⁰⁰⁰¹⁰⁸¹³¹
1735 4058 1771 4113 “d

139 4181 255 4243 oportet,
269 4191 305 4227 ne
317 4190 368 4228 nos
382 4173 411 4227 jn
425 4175 547 4245 aliquam
557 4176 741 4229 tentationem
753 4176 878 4246 patiatur
888 4177 932 4231 in.
975 4164 1060 4219 quarn
1079 4149 1267 4212 convenirent,
1284 4155 1313 4201 et
1327 4148 1462 4218 mysteria
1475 4148 1569 4202 divina
1583 4148 1767 4248 perciperent.

137 4257 204 4316 duci.
231 4263 298 4316 liaec
318 4270 500 4318 amemorato
516 4264 598 4317 Patre
609 4264 934 4320 nonsolumdicebantur
974 4237 1054 4300 Qu⁰d
1066 4237 1114 4291 Ubi
1127 4237 1232 4291 sactum
1247 4243 1298 4299 θεῖ’
1315 4252 1379 4289 cum
1395 4252 1445 4289 ¹¹⁰⁰
1459 4237 1527 4289 dum
1542 4242 1642 4290 ΝΟΜ
1657 4238 1772 4291 ⁰rd¹¹¹³⁸

135 4348 262 4415 viriliter,
273 4350 357 4404 sedet
366 4368 429 4406 curn
444 4352 519 4405 omni
534 4351 720 4406 sollieitudine
736 4353 930 4408 servabantur.
973 4333 1074 4399 “mich
1089 4335 1137 4404 qui
1147 4333 1616 4404 ⁸⁰13¹1¹¹¹ii²li¹⁰biP‘fflisseiintrillsse
1626 4334 1768 4388 &dimin

132 4434 156 4494 si
168 4439 288 4510 quando
303 4440 423 4510 denique
435 4441 558 4494 venisset
572 4441 606 4494 ad
615 4442 815 4501 euinclericus,
825 4442 931 4513 quisub
943 4434 964 4493 il
975 4436 1126 4485 conventus
1164 4431 1286 4486 ecclesi&
1326 4448 1390 4486 cum
1428 4431 1572 4486 monachis
1606 4430 1768 4486 muliebri*

130 4526 191 4597 ejus
204 4529 307 4598 regula
319 4529 402 4583 vellet
411 4529 510 4595 vivere,
519 4530 651 4599 dignitati
659 4532 719 4601 ejus
728 4532 864 4585 honorem
872 4533 931 4586 red-
972 4528 1129 4582 salutiferas
1138 4527 1210 4599 plebi
1221 4528 1338 4599 paginas
1348 4527 1487 4598 relegens3
1500 4526 1691 4598 quia,utdixi,
1700 4542 1769 4584 non-

129 4612 216 4671 debat
226 4616 353 4671 ecclesiae
363 4617 488 4672 debitum
497 4637 503 4684 3
512 4610 564 4671 'ille
576 4635 641 4673 vero
655 4620 855 4674 monachorum
871 4638 930 4674 ser·
972 4617 1039 4670 dum
1053 4616 1157 4671 ibidem
1169 4619 1286 4672 lectores
1301 4619 1414 4674 fuerant
1423 4615 1577 4682 constituti,
1589 4632 1640 4672 nec
1653 4616 1701 4672 alii
1711 4619 1767 4673 cle-

127 4703 207 4759 nens
220 4705 368 4773 instituite,
384 4711 520 4777 tanquam
537 4706 610 4778 patri
626 4725 656 4762 se
669 4710 757 4762 multa
772 4708 930 4764 humilitate
972 4706 1031 4769 rici,
1043 4707 1090 4777 qui
1100 4706 1531 4785 ministeriasacracelebrarent.
1549 4703 1690 4770 Quamdiu
1700 4719 1767 4779 ergo

128 4794 280 4849 mbdebat.
971 4794 1116 4867 presbyter
1130 4800 1158 4849 et
1169 4795 1293 4865 reliquus
1319 4795 1387 4849 ordo
1408 4793 1572 4848 clericorum
1592 4795 1699 4863 aberat,
1716 4794 1768 4851 Pa·

163 4884 233 4937 Cxe.
249 4882 333 4937 XXV.
356 4919 371 4926 -
389 4883 494 4938 Omnes
503 4889 598 4938 autern
614 4884 718 4939 Christi
732 4886 851 4940 santulos
866 4887 924 4941 bea·
970 4884 1097 4938 chomius
1123 4884 1261 4943 veniebat.
1279 4891 1307 4937 et
1320 4883 1358 4937 sic
1373 4882 1504 4937 alacriter
1526 4900 1559 4938 ac
1580 4884 1766 4941 inverecunde

129 4971 174 5026 tus
188 4971 360 5026 pachomius
371 4973 440 5026 adeo
452 4972 596 5043 diligebat,
608 4979 639 5028 ut
649 4973 689 5027 eis
699 4992 809 5046 semper
817 4993 928 5047 compa·
970 4973 1081 5027 lectoris
1095 4971 1230 5044 implebat
1243 4972 1374 5037 officium,
1388 4979 1417 5027 et
1431 4973 1470 5027 ita
1484 4972 1585 5028 mentis
1600 4988 1632 5028 ac
1641 4974 1766 5046 corporis

132 5062 238 5113 teretur
246 5065 364 5131 paterno
375 5061 484 5115 ellectu.
493 5062 613 5116 Senibus
626 5062 710 5115 etiam
723 5068 751 5116 et
759 5080 833 5133 aegro
845 5063 928 5119 tanti·
969 5063 1063 5115 oculos
1074 5062 1194 5116 habebat
1202 5063 1334 5126 intentos,
1347 5066 1379 5116 at
1388 5059 1513 5116 videntes
1521 5078 1586 5117 cum
1594 5061 1699 5134 populi,
1708 5078 1764 5119 non

132 5142 190 5215 bas,
201 5164 312 5202 necnon
327 5154 356 5202 et
364 5150 701 5219 parvulis,miser·icor·diae
709 5168 794 5222 opera
809 5153 928 5223 propriis
969 5150 1120 5215 hominem,
1133 5151 1182 5205 sed
1195 5151 1247 5212 Dei
1262 5151 1393 5220 angelum
1406 5148 1562 5206 crederent.
1580 5149 1660 5207 Unde
1669 5151 1765 5222 plures

133 5236 491 5309 nranibusingerebat,prae
499 5240 828 5295 cateriseomrnmentes
838 5243 926 5296 muni·
968 5240 1130 5295 intitutiorre
1145 5240 1205 5310 ejus
1218 5238 1253 5294 ab
1268 5255 1363 5294 errore
1377 5237 1512 5306 conversi,
1524 5239 1589 5295 iacti
1605 5245 1675 5317 sunt·
1686 5240 1765 5295 Chri·
1838 5249 1856 5265 “

133 5325 205 5379 mine
232 5326 353 5396 spiritali
381 5328 575 5382 corroborans.
607 5331 733 5400 Cumque
749 5330 777 5383 in
788 5330 842 5384 lide
857 5336 885 5384 et
900 5331 927 5384 in
969 5329 1062 5384 stiarri.
1080 5329 1146 5383 Erat
1169 5329 1243 5382 enim
1262 5328 1335 5383 circa
1353 5329 1472 5400 proximi
1495 5329 1661 5384 charitatem
1685 5328 1764 5383 ralde

131 5428 212 5486 opere
230 5415 315 5469 multi
329 5414 506 5486 proficerent,
521 5424 549 5472 et
563 5435 681 5488 nrrtgmus
698 5419 816 5472 hairum
831 5436 927 5474 nume·
968 5419 1116 5489 perlectus,
1135 5424 1163 5471 et
1173 5418 1310 5472 intantum
1322 5418 1490 5491 misericors,
1508 5423 1540 5472 ut
1553 5417 1576 5473 si
1598 5417 1710 5490 quando
1722 5432 1763 5471 vr-

130 5508 346 5573 msaugeretur,
357 5520 454 5558 ornnes
463 5506 928 5576 propemodumsatagebantaemu-
969 5508 1056 5561 disset
1071 5507 1178 5578 aliquos
1200 5507 1303 5561 diaboli
1318 5507 1416 5563 fraude
1430 5509 1569 5579 deceptos,
1589 5522 1692 5578 eosque
1707 5521 1763 5560 non

128 5586 232 5646 latores
255 5608 316 5646 esse
331 5588 454 5648 virtutis.
480 5594 633 5649 Constituit
646 5593 733 5664 igitur
748 5612 779 5648 ex
795 5595 835 5649 eis
854 5612 926 5668 prae-
969 5610 1063 5650 verum
1078 5594 1166 5650 Deum
1182 5597 1282 5665 coiere,
1298 5597 1345 5649 sed
1356 5597 1434 5651 vanis
1449 5594 1583 5650 inservire
1595 5592 1762 5661 simulacris,

1016 3421 1080 3474 Cir.
1096 3420 1230 3474 XXVl.-
1244 3419 1369 3484 Quodam
1385 3435 1450 3473 vero
1463 3424 1600 3489 tempore,
1615 3418 1713 3472 videns
1727 3418 1777 3473 ali-
