3818 6120
185 241 238 300 aaa
693 246 740 303 nu
758 247 853 304 viris
873 248 1021 305 naraon
1039 248 1147 306 urana
1165 247 1310 304 narnus.
1401 218 1404 222 ’
1767 246 1820 306 ase

186 374 291 442 sufflat
303 375 362 438 titi,
379 388 412 426 aa
426 374 496 440 sorte
510 373 628 426 satietas
640 387 745 427 evomas
757 374 831 428 iliad
846 372 934 441 (Paeo.
946 373 1022 443 xxv).
1044 375 1080 430 Et
1097 374 1164 429 alibi
1180 393 1187 429 :
1203 375 1312 429 altiora
1325 378 1349 428 te
1360 387 1393 427 ne
1407 373 1556 442 quesieris,
1573 376 1599 427 et
1613 372 1734 439 fortiora
1749 378 1774 428 ta
1788 389 1822 428 aa

186 467 327 517 scrutatus
336 464 424 529 fueris
438 460 534 532 (decli.
549 464 608 529 111);
621 477 683 515 ecce
696 460 789 516 subito
804 463 918 533 quidam
931 464 1039 518 strenui
1055 481 1088 518 ac
1102 464 1220 519 studiosi
1235 463 1286 517 viri
1303 479 1348 517 me
1358 463 1498 517 cohortari
1511 462 1669 521 voluerunt.
1681 467 1714 516 ut
1728 463 1757 517 in
1772 464 1822 519 la·

187 549 278 605 tinum
293 565 450 604 sermonem
465 553 603 603 verterem
617 549 764 605 Leontium
787 551 822 606 de
843 552 913 606 Vitae
928 553 1047 609 residuis
1066 555 1101 620 (5)
1120 552 1237 608 loannis
1261 552 1444 607 Alexandrini
1465 551 1609 611 antistitis.
1630 568 1713 623 quem
1735 551 1822 608 Graeci

188 644 302 710 propter
316 638 499 710 multiplicem
513 640 745 710 compassionem,
761 657 845 712 quam
859 658 926 713 erga
939 658 1037 698 omnes
1056 641 1224 714 possidebat,
1242 642 1342 696 merito
1353 648 1382 695 et
1405 640 1532 695 absolute
1548 641 1709 708 Eleemona,
1726 641 1821 710 idest,

188 728 395 782 misericordem
411 729 563 800 appellant,
579 734 719 798 quatenus
733 735 829 785 tantus
842 731 886 785 vir
899 747 955 785 nen
974 736 1085 787 tantum
1100 748 1229 787 sermone
1245 731 1352 799 Graeco,
1366 748 1464 786 verum
1484 731 1570 784 etiam
1595 730 1695 786 Latino
1714 730 1822 802 eloquio

188 814 357 888 pellentibus
371 817 486 871 utilitati
501 823 575 872 esset
588 823 617 872 et
629 820 784 875 commodo.

226 905 403 976 Quapropter
419 907 484 977 quia
498 923 544 961 me
558 907 675 978 dignum
703 909 737 963 ad
763 913 876 965 tantum
895 926 966 982 opus
990 915 1076 982 atque
1104 910 1236 965 idoneum
1256 909 1372 964 minime
1394 909 1533 981 perspexi,
1550 911 1638 963 leeoei
1651 912 1741 963 oeulos
1755 923 1824 963 svaros

186 998 219 1049 ia
233 1000 336 1049 mentes
351 998 423 1050 unde
437 1000 542 1050 saisiret
556 999 699 1052 auritium
715 999 788 1053 mihi
799 1001 880 1067 (Psoi.
897 1003 969 1066 axxl;
985 999 1081 1071 sicque
1095 999 1196 1054 solatia
1209 1004 1323 1071 patrum
1337 1004 1366 1054 et
1378 999 1524 1053 orationes
1534 996 1678 1064 adhibens,
1691 1002 1749 1052 tam
1763 1015 1825 1069 pro·

187 1085 291 1140 ficuum
304 1084 394 1138 virum
410 1101 465 1139 non
481 1102 579 1155 passus
594 1103 657 1140 sum
672 1087 762 1141 celare
780 1087 897 1144 Latinis.
913 1087 968 1143 Sed
983 1087 1047 1142 licet
1060 1087 1239 1143 membranas
1261 1088 1420 1152 inciderim,
1451 1088 1578 1143 scedulas
1599 1088 1822 1159 praeparaverim,

187 1180 351 1228 nontamen
366 1174 440 1228 huuc
454 1174 483 1228 in
497 1175 627 1230 Codicem
641 1176 777 1232 conticere
792 1194 877 1231 ausus
901 1193 973 1244 sum,
990 1181 1144 1248 antequam
1160 1194 1176 1231 a
1198 1177 1391 1232 dominatione
1407 1182 1508 1237 vestra,
1527 1193 1543 1230 o
1560 1177 1662 1231 millies
1681 1177 1773 1243 beate,
1790 1177 1824 1229 li-

188 1263 308 1318 centiam
324 1263 439 1334 adipisci
454 1265 607 1334 promerui.
624 1265 721 1336 Neque
733 1266 809 1320 enim
823 1266 865 1321 fas
877 1271 920 1320 est
930 1271 962 1320 ut
975 1266 1080 1337 absque
1103 1267 1205 1320 vicario
1231 1267 1281 1320 Dei
1298 1264 1345 1337 (6),
1364 1265 1470 1337 absque
1485 1266 1621 1337 clavigero
1635 1267 1707 1329 eseli,
1721 1266 1825 1338 absque

189 1367 274 1406 curru
289 1357 317 1406 et
332 1353 430 1422 auriga
444 1353 599 1423 spiritualis
612 1355 733 1420 Israelis,
749 1354 853 1426 absque
875 1354 1068 1409 universitatis
1086 1356 1226 1426 pontifice,
1243 1355 1348 1426 absque
1363 1355 1445 1409 unico
1462 1372 1546 1426 papa,
1567 1355 1673 1427 absque
1689 1354 1825 1425 singulari

189 1446 319 1515 pastore,
347 1440 452 1511 absque
475 1443 588 1512 speciali
612 1443 705 1510 Patre,
732 1443 837 1515 absque
858 1450 886 1499 te
906 1444 1031 1498 omnium
1056 1443 1161 1498 arbitro
1193 1444 1299 1514 aliquid
1326 1450 1538 1497 consummetur
1569 1448 1619 1497 aut
1654 1443 1823 1514 divulgetur.

190 1531 232 1586 Tu
249 1531 324 1595 enim
338 1535 416 1584 tenes
429 1530 518 1585 claves
532 1531 619 1585 David
639 1533 723 1600 (Licea
736 1533 786 1600 xil,
802 1538 834 1586 tu
849 1533 980 1604 accepisti
989 1533 1079 1588 claves
1093 1533 1225 1588 scientiae.
1238 1534 1270 1588 ln
1285 1549 1349 1587 arca
1364 1533 1467 1604 quippe
1482 1533 1603 1604 pectoris
1617 1533 1658 1587 tui
1670 1533 1775 1587 tabulae
1784 1538 1826 1586 te-

191 1619 324 1674 stamenti
332 1624 471 1672 etmanna
480 1619 600 1672 coelestis
611 1620 721 1690 saporis
730 1621 922 1692 requiescunt.
936 1622 977 1677 Τιι
989 1623 1064 1677 euim
1072 1622 1146 1694 qued
1157 1622 1237 1693 ligas,
1253 1639 1336 1677 nemo
1347 1622 1447 1688 solvit3
1466 1623 1540 1692 quod
1552 1622 1645 1676 solvis.
1654 1622 1824 1692 nemoligat3

192 1709 239 1779 qui
253 1708 355 1779 aperis,
371 1712 399 1761 et
414 1724 496 1761 nerito
509 1708 629 1774 claudit3
645 1709 762 1775 claudis,
779 1715 808 1765 et
821 1726 904 1765 nemo
919 1711 1010 1782 aperit
1023 1713 1129 1778 (osores.
1148 1716 1211 1778 rvr).
1229 1711 1326 1765 vicem
1342 1728 1462 1781 namque
1477 1711 1506 1765 in
1520 1711 1604 1765 terris
1617 1711 1743 1783 possides
1758 1710 1821 1767 eei.

233 1804 249 1861 Ι
262 1803 323 1863 w
337 1796 408 1854 Oura
421 1790 516 1852 autem
528 1798 603 1852 huuc
615 1797 729 1853 beatum
742 1799 772 1853 in
782 1800 913 1854 Latinum
928 1804 1065 1855 verterem
1077 1801 1229 1873 eloquium,
1253 1817 1304 1854 nec
1320 1801 1480 1855 Graecorum
1502 1801 1646 1866 idiomata,
1664 1817 1717 1855 nec
1728 1817 1826 1855 eorum

191 1886 319 1941 ordinem
333 1886 480 1941 verborum
496 1888 575 1958 sequi
587 1888 666 1958 potui
680 1888 724 1942 vel
738 1887 831 1942 debui.
843 1889 906 1943 Non
921 1889 996 1944 enirn
1012 1888 1128 1944 verbam
1142 1906 1159 1943 e
1174 1889 1265 1953 serbe,
1288 1889 1336 1943 sed
1348 1906 1462 1944 sensum
1480 1906 1495 1943 e
1518 1906 1601 1944 sensu
1621 1890 1757 1961 excerpsi.
1775 1890 1827 1944 Sed

189 1992 242 2030 nec
255 1975 369 2030 Latinas
383 1977 494 2046 regulas
508 1993 711 2047 usquequaque
724 1993 835 2031 servare
850 1978 955 2043 curavi,
970 1978 1038 2033 dum
1052 1983 1164 2032 tantum
1178 1978 1298 2033 intentio
1313 1995 1377 2032 mea
1386 1979 1434 2032 illo
1446 1979 1587 2043 tenderet,
1603 1995 1637 2033 cx
1651 1995 1706 2050 quo
1719 1978 1828 2033 utilitas

190 2070 355 2120 nasceretur
368 2065 535 2134 legentibus.
551 2065 611 2129 Qua
627 2066 715 2128 dere,
732 2065 888 2134 coangelice
903 2066 1014 2132 domne,
1032 2083 1088 2121 non
1103 2082 1250 2138 personam
1265 2066 1437 2121 tantillitatis
1453 2084 1522 2121 meae
1538 2068 1661 2132 intuens,
1678 2084 1735 2121 non
1750 2078 1829 2122 astu-

190 2154 260 2209 tiam
273 2154 453 2225 investigans,
466 2170 522 2207 non
534 2153 681 2208 verborum
696 2153 825 2224 phaleras
838 2155 994 2225 requirens,
1009 2155 1058 2210 sed
1069 2155 1162 2227 potius
1173 2155 1218 2226 pio
1229 2155 1319 2210 cerdis
1330 2156 1409 2210 oculo
1424 2156 1578 2226 proiectum
1592 2156 1745 2226 legentium
1757 2173 1827 2226 prae-

189 2257 317 2308 noscens,
335 2249 367 2297 ut
379 2248 476 2297 tantus
490 2243 533 2295 vir
546 2249 681 2313 tanquam
697 2243 838 2313 exemplar
852 2249 881 2297 et
890 2243 1039 2314 speculum
1052 2245 1089 2299 sit
1101 2243 1240 2311 omnibus,
1255 2250 1348 2299 vestra
1360 2245 1512 2315 apostolica
1528 2245 1696 2300 auctoritate
1709 2246 1829 2299 transla-

188 2331 295 2387 tionem
308 2333 389 2398 hauc,
407 2333 430 2386 si
447 2336 536 2386 vestro
551 2331 667 2387 arbitrio
679 2333 779 2404 placet,
797 2335 924 2400 firmate;
941 2334 965 2387 si
979 2331 1117 2405 displicet,
1132 2334 1296 2401 emendate;
1316 2334 1469 2388 dummodo
1484 2333 1622 2388 Latinitas
1636 2351 1666 2387 se
1678 2340 1759 2388 tant>
1773 2350 1829 2388 non

191 2420 285 2476 deleat
296 2437 356 2476 esse
371 2421 429 2475 sale
444 2420 591 2492 privatam,
608 2438 663 2491 quo
680 2422 788 2476 Graecia
803 2439 833 2477 se
847 2423 954 2493 gaudet
967 2421 1072 2492 optime
1087 2423 1240 2477 conditam-

227 2509 342 2581 Suseipc
354 2527 422 2580 ergo
437 2516 565 2565 sanctum
580 2528 598 2564 a
620 2515 764 2582 peccatore
788 2511 1021 2582 interpretatum
1039 2516 1068 2565 et
1080 2512 1137 2566 noli
1153 2511 1297 2567 attendere
1312 2529 1362 2583 per
1372 2527 1456 2582 quem
1471 2511 1627 2565 translatus
1639 2510 1686 2575 sit,
1702 2511 1753 2565 sed
1768 2510 1830 2581 quis

191 2601 347 2654 translatus
361 2599 406 2654 sit.
421 2600 518 2671 Neque
533 2600 606 2654 enim
622 2600 869 2671 propterllstulam
884 2600 1044 2672 plumbeam
1056 2600 1091 2668 (l)
1108 2617 1210 2671 aquam
1226 2601 1449 2671 limpidissimam
1465 2599 1593 2670 despicis,
1611 2615 1701 2670 neque
1715 2606 1831 2670 propter

137 2702 140 2707 ·
194 2689 289 2761 spinas
305 2704 366 2760 qua
391 2689 557 2761 producunt,
572 2706 664 2745 rosam
678 2706 739 2761 quae
763 2690 927 2761 producitur
944 2690 1063 2767 spernis.
1081 2690 1181 2744 Custos
1202 2689 1323 2760 denique
1348 2695 1377 2743 et
1390 2694 1501 2743 amator
1512 2693 1586 2752 tuus,
1605 2688 1718 2759 quando
1731 2688 1828 2749 voluit,

193 2777 334 2833 Pharaoni
348 2778 421 2845 (Gen.
438 2780 490 2847 xer)
507 2785 536 2833 et
549 2778 808 2834 Nabuchodonosor
818 2779 900 2846 (Dan.
917 2782 954 2847 iv)
970 2777 1074 2850 iniquis
1088 2778 1200 2849 regibus
1215 2778 1334 2847 somnia,
1350 2778 1451 2849 quibus
1466 2777 1562 2832 lutura
1576 2782 1829 2849 praenosccrentur,

194 2867 332 2934 ostendit;
349 2871 378 2922 et
392 2867 527 2939 Caipham
538 2868 656 2939 impium
673 2867 748 2939 quod
761 2866 926 2940 expediebat
936 2868 1054 2938 protulit
1067 2870 1154 2933 (Joaa.
1170 2871 1219 2936 x1):
1237 2868 1363 2939 quinimo
1374 2871 1403 2922 et
1416 2867 1528 2938 qnando
1539 2865 1635 2933 voluit,
1652 2865 1739 2920 asinae
1754 2865 1831 2937 loqui

195 2955 346 3012 articulata
357 2972 424 3011 roee
439 2956 569 3028 permisit
584 2958 677 3023 (Naar.
693 2959 771 3023 xxu).
805 2971 808 2977 ·

718 3064 796 3121 Salve,
807 3060 902 3112 Presnl
916 3067 994 3112 amato
1004 3063 1061 3121 Deo,
1075 3076 1116 3127 per
1128 3062 1214 3111 secula
1225 3061 1300 3123 salve,

769 3123 854 3175 Totius
869 3129 940 3188 atque
953 3124 1017 3174 orbis
1031 3139 1090 3188 papa
1106 3126 1243 3174 hesternis.

645 3333 1046 3507 liaeoaaiaat
1084 3336 1393 3472 castoria.

232 3586 355 3644 Intentio
364 3586 542 3659 quidemuna
549 3591 695 3643 estnostra
703 3602 815 3659 quoque
822 3592 852 3643 et
861 3602 958 3642 aarum
967 3585 1016 3658 qui
1025 3590 1091 3641 aute
1100 3601 1151 3640 nos
1158 3583 1275 3639 fuerunt
1283 3583 1521 3650 studiosorum‚et
1530 3581 1835 3648 sanctorumvirorum,

196 3693 282 3749 super
293 3675 425 3747 praesenti
442 3675 632 3730 memorabilis
646 3676 699 3730 viri
710 3676 779 3731 Vitae
788 3676 965 3745 narratione;
976 3676 1064 3742 idest,
1082 3679 1113 3730 ut
1123 3691 1156 3729 ex
1168 3673 1358 3729 hocomnibus
1372 3673 1485 3745 quidem
1500 3671 1621 3726 imitatio
1632 3671 1679 3743 pia
1689 3676 1719 3725 et
1730 3671 1837 3725 utilitas

198 3767 260 3834 fiat,
269 3765 361 3836 gloria
375 3770 469 3820 autem
482 3765 726 3836 etmagniiicentia
735 3771 838 3821 saneta
852 3771 881 3820 et
894 3766 1043 3821 adoranda
1057 3763 1189 3818 Trinitati
1201 3762 1354 3830 referatur;
1369 3768 1398 3816 et
1411 3762 1439 3816 in
1450 3761 1512 3826 hoc,
1528 3760 1601 3814 sieut
1613 3765 1642 3814 et
1656 3759 1684 3814 in
1697 3758 1836 3825 omnibus,

200 3871 264 3927 qam
277 3871 392 3926 semper
403 3855 654 3925 ingenerationem
665 3860 693 3909 et
706 3855 918 3927 generationem
932 3854 1047 3928 propria
1057 3851 1213 3908 luminaria
1221 3851 1352 3918 ostendit,
1365 3851 1400 3905 ad
1410 3849 1610 3904 illuminandos
1619 3848 1703 3920 quiin
1715 3847 1838 3903 tenebris

194 3950 232 4001 et
242 3944 389 4000 in'umbra
404 3943 504 3998 mortis
519 3944 617 3999 sedent
632 3947 706 4004 (live.
723 3943 745 4015 1)
758 3951 788 3999 et
801 3944 916 4018 peccati.
933 3943 1070 4009 Quoniam
1087 3958 1150 3996 vero
1165 3940 1249 3996 amici
1261 3941 1365 3995 Christi
1379 3956 1435 3994 non
1450 3938 1530 3993 valde
1545 3938 1691 4002 miramur,
1709 3938 1758 4009 qui
1773 3942 1837 3993 ante

206 4033 417 4107 generationem
433 4038 559 4087 nostram
573 4033 688 4088 fuerunt
701 4033 761 4098 viri,
773 4032 823 4105 qui
837 4033 895 4089 Deo
911 4033 1013 4105 placita
1026 4031 1237 4088 conversatione
1252 4030 1394 4097 vixerunt;
1406 4029 1454 4083 sed
1472 4029 1506 4082 de
1525 4027 1661 4082 diabolica
1675 4027 1838 4098 operatione

205 4123 269 4179 illos
281 4139 426 4180 sermones
441 4136 554 4194 semper
562 4121 681 4177 dicimus
695 4123 729 4176 ad
743 4123 922 4191 alterutrum,
937 4123 1003 4193 quia
1024 4120 1076 4177 sub
1089 4120 1155 4175 viris
1171 4120 1218 4192 qui
1231 4124 1296 4174 ante
1308 4135 1359 4175 nos
1371 4118 1494 4185 riserunt,
1507 4133 1563 4171 non
1577 4121 1639 4171 erat
1651 4116 1692 4170 ita
1706 4115 1838 4188 iniquitas

204 4212 352 4271 hominum
379 4211 566 4283 multiplicata
594 4212 666 4266 sieut
694 4212 796 4280 modo,
825 4217 858 4267 ut
884 4211 1013 4284 praedixit
1037 4211 1132 4265 divina
1159 4210 1324 4281 Scriptura,
1351 4225 1384 4263 eo
1409 4207 1484 4278 quod
1513 4205 1665 4261 abundavit
1692 4204 1837 4275 iniquitas,

203 4303 359 4377 retligescit
372 4302 496 4357 charitas
516 4303 669 4357 multorum
683 4303 793 4373 (Mettis.
810 4301 1055 4372 xxiv);1deonon
1072 4300 1196 4355 valemus
1215 4300 1249 4353 ad
1267 4314 1365 4353 eorum
1385 4311 1553 4367 consurgere
1576 4295 1729 4349 meritum:
1754 4293 1837 4364 hujus

203 4395 246 4451 rei
255 4395 349 4465 gratia
362 4393 397 4447 ad
413 4395 581 4464 presentem
592 4395 694 4446 sanetae
708 4391 793 4461 hujus
805 4390 876 4446 Vitae
891 4390 1083 4445 narrationem
1099 4405 1132 4443 ex
1142 4392 1221 4460 parte
1231 4387 1358 4442 venimus
1373 4386 1408 4440 ad
1423 4383 1626 4440 ostendendum
1642 4382 1728 4437 etiam
1744 4381 1842 4437 diebus

204 4484 449 4547 nostrisrolentes,
458 4487 487 4536 et
495 4480 759 4552 propositumsuum
767 4486 906 4552 cogentes,
915 4479 1126 4535 excellentiores
1132 4476 1212 4533 nobis
1220 4476 1418 4540 demonstrari,
1428 4478 1608 4544 etangastam
1620 4471 1841 4528 etarctamviam

206 4590 288 4647 posse
301 4573 431 4628 incedere
443 4571 554 4637 (Mettis.
573 4572 621 4639 vu)
636 4575 665 4624 et
678 4570 823 4625 obstruere
838 4587 869 4624 os
881 4568 1057 4640 loquentium
1073 4567 1170 4639 iniqua
1183 4569 1263 4636 (Psoi.
1281 4568 1360 4636 exn),
1374 4564 1512 4619 etanimae
1527 4579 1630 4617 nocuos
1642 4561 1813 4617 intellectus.

240 4664 303 4719 Jam
320 4661 433 4734 quidem
448 4665 476 4714 et
492 4658 540 4714 alii
553 4662 619 4713 ante
633 4674 685 4713 nos
700 4658 806 4730 optima
816 4663 900 4730 atque
915 4656 1148 4713 excellentissima
1161 4656 1195 4710 de
1210 4657 1262 4711 hoc
1275 4652 1435 4708 admirabili
1450 4653 1509 4706 viro
1526 4657 1555 4706 et
1571 4666 1682 4705 summo
1697 4649 1841 4704 sacerdote

204 4753 312 4808 Joaane
328 4749 517 4824 philosophati
528 4755 601 4815 suut,
610 4751 738 4820 potentes
752 4746 902 4803 existentes
913 4747 944 4801 in
955 4762 1039 4819 opere
1052 4746 1116 4802 etin
1126 4760 1265 4800 sermone.
1277 4742 1346 4799 Dico
1362 4742 1438 4796 enim
1452 4741 1467 4796 J
1470 4756 1590 4795 oannem
1605 4744 1634 4793 et
1648 4738 1837 4810 Sophronium

207 4841 248 4912 (8)
260 4842 312 4897 Dei
326 4843 456 4907 cultores,
471 4845 501 4897 et
512 4846 654 4895 amatores
665 4839 811 4905 virtutum,
827 4843 857 4893 et
870 4837 983 4910 pietatis
996 4840 1219 4908 propugnatores
1231 4852 1238 4901 ;
1250 4837 1376 4888 attamen
1390 4830 1516 4903 quamvis
1530 4828 1600 4883 tales
1624 4832 1728 4890 essent,
1746 4827 1782 4882 de
1801 4825 1843 4881 di·

208 4930 317 5001 gnitate
331 4936 358 4986 et
369 4930 471 4986 merita
486 4930 573 4986 studii
585 4929 640 4984 viri
659 4928 741 4985 istius
761 4933 789 4983 et
803 4926 856 5000 ipsi
871 4927 1037 4993 emiserunt,
1051 4931 1079 4980 et
1099 4925 1221 4995 idipsum
1235 4920 1359 4993 perpessi
1373 4925 1447 4982 sunt,
1474 4917 1549 4990 quod
1573 4916 1702 4971 nonnulli
1726 4914 1844 4970 studiosi

207 5021 346 5093 agricolae,
363 5021 474 5075 vineam
487 5020 603 5077 uberem
619 5023 649 5076 et
662 5019 834 5074 fructuosam
843 5015 1061 5083 vindemiantes;
1078 5030 1143 5069 nam
1158 5012 1322 5082 relinquunt
1335 5010 1432 5080 utique
1442 5025 1475 5062 ex
1497 5007 1589 5060 fructu
1605 5004 1840 5069 benedictionem,

210 5111 296 5167 etiam
310 5110 448 5177 nolentes,
466 5116 542 5166 retro
553 5126 584 5167 se
598 5107 781 5182 sequentibus
796 5106 891 5178 egenis
906 5104 1075 5177 eligentibus
1088 5102 1207 5167 vineam,
1224 5097 1368 5170 exquibus
1380 5113 1478 5152 sumus
1490 5099 1519 5150 et
1532 5111 1583 5150 nos
1596 5092 1717 5148 minimi.
1733 5093 1807 5148 Nam
1818 5098 1847 5148 et

209 5217 308 5258 omnes
322 5200 412 5255 sancti
425 5200 482 5267 isti,
500 5200 627 5272 quamvis
640 5199 717 5255 omni
726 5197 891 5254 fortitudine
905 5212 956 5252 sua
970 5193 1142 5250 fructiferam
1154 5190 1226 5245 hauc
1237 5188 1348 5254 olivam,
1365 5203 1426 5259 quae
1440 5186 1469 5239 in
1484 5185 1568 5238 domo
1583 5182 1644 5249 Dei,
1662 5186 1694 5236 ut
1708 5182 1751 5236 ait
1764 5181 1848 5237 Psal-

206 5291 293 5347 mista
306 5290 386 5359 (esar.
404 5294 450 5355 ml,
465 5288 591 5360 plantata
605 5296 657 5355 est,
672 5294 786 5361 propter
798 5285 966 5359 multiplices
978 5300 1076 5340 revera
1090 5281 1186 5346 olivas,
1204 5296 1266 5351 quae
1278 5278 1309 5333 in
1323 5295 1356 5332 ea
1367 5281 1443 5342 suut,
1459 5275 1517 5329 zelo
1531 5272 1584 5328 Dei
1600 5271 1778 5327 vindemiare
1790 5278 1848 5327 stu·

209 5379 332 5447 ducunt,
349 5383 474 5434 attamen
487 5377 572 5434 latuit
586 5395 633 5433 eos
648 5379 753 5433 multus
766 5377 846 5432 olivae
864 5375 980 5441 fructus,
996 5373 1115 5429 Domino
1130 5372 1322 5443 dispensante.
1336 5369 1469 5423 Nostram
1485 5379 1551 5434 ergo
1565 5362 1648 5416 vilem
1670 5366 1699 5416 et
1713 5360 1848 5432 frigidam

208 5469 384 5527 alacritatem
399 5466 541 5540 suscipite,
557 5472 589 5522 ut
602 5466 658 5521 duo
668 5467 757 5521 nduae
772 5466 883 5521 minuta
896 5465 982 5532 (laea
995 5462 1069 5534 xx1);
1085 5476 1142 5517 uon
1157 5459 1231 5515 enim
1246 5457 1302 5513 illis
1317 5455 1507 5521 detrahentes,
1524 5468 1616 5525 neque
1630 5450 1679 5523 qni
1702 5450 1847 5523 possimus

209 5576 307 5618 eorum
320 5575 337 5615 a
348 5559 406 5616 Dee
420 5558 554 5614 donatam
565 5556 734 5632 sapientiam
746 5555 864 5622 imitari,
876 5553 947 5627 iusti
960 5555 1040 5626 gesta
1052 5551 1199 5624 scriptura
1210 5548 1323 5606 tradere
1337 5544 1531 5602 festinavimus
1543 5562 1550 5612 ;
1566 5541 1615 5598 sed
1625 5540 1717 5614 primo
1732 5539 1851 5613 quidem

207 5655 242 5710 ut
256 5648 332 5724 quod
339 5646 525 5723 intelligimus
537 5662 596 5706 aon
607 5646 718 5720 iustam
733 5660 803 5716 essa,
826 5661 860 5704 ea
872 5659 934 5719 qua
947 5648 1065 5719 possunt
1075 5640 1228 5701 utilitatem
1242 5635 1421 5697 audientibus
1436 5634 1540 5703 tacere,
1557 5630 1669 5690 silentio
1687 5629 1850 5697 occultare3
