3818 6120
131 232 204 300 ίίλθθ
689 245 737 304 nn
753 244 850 305 Vnus
868 245 1019 305 Paruum
1035 246 1144 305 muca
1161 247 1211 306 vl.
1710 249 1775 311 lutt

169 371 225 428 Sed
240 372 346 429 mentio
360 373 421 428 a'us
434 370 476 427 rei
485 371 515 427 in
530 370 643 428 Menaeis
656 371 827 439 Graecomm,
841 373 877 428 tc
888 374 963 434 lta-A
973 392 1019 426 νοι.
1037 372 1089 428 Καί
1103 370 1176 427 τοῦτό
1190 368 1253 427 ἐστιν
1268 368 1350 435 αύτοις
1362 377 1406 442 ιῆς
1419 373 1533 442 τελευτῆς
1548 372 1580 430 τό
1594 374 1773 446 τερπνότατον.

132 390 514 511 auaritmetiioelocoa
533 443 933 518 udl‘etagium,etsupraapud
973 445 988 512 h
1016 445 1121 516 ταχίστη
1147 450 1197 496 τῶν
1225 445 1368 498 λυπούντων
1395 440 1528 516 ἀπαλλαγὴ
1553 446 1596 499 καί
1611 447 1773 509 ,κατύλυοιςε

135 461 577 579 Ruffinumlibro111.num.i'l·i,
593 516 859 587 etapudloannem
876 519 932 572 Da·
976 515 1182 571 ‹Cumautem
1193 515 1304 586 iuvenis
1319 515 1459 588 quispiam
1473 517 1773 590 accesserit,atquein
1809 543 1812 552 ·

133 603 305 647 mascenum.
323 586 394 642 libro
406 588 441 642 de
455 588 490 642 iis
504 588 552 658 qui
567 587 596 641 in
610 587 664 641 fide
679 587 863 649 dormierunt,
884 587 931 643 ubi
973 603 1069 640 eorum
1080 604 1098 642 a
1108 586 1209 658 quibus
1224 593 1323 658 captus
1337 592 1381 642 est
1391 604 1491 642 manus
1502 595 1531 643 et
1544 596 1720 660 potestatem
1733 608 1774 644 re·

133 657 174 712 ita
187 657 260 712 hanc
273 659 388 713 hlaearii
403 658 550 713 historiam
565 659 660 713 Graece
674 664 771 713 narrat
787 676 792 711 :
811 657 881 730 llpi;
902 657 931 713 τό
972 657 1046 711 nerit
1056 659 1248 726 (venitautem
1260 657 1303 712 rel
1318 665 1426 730 sponte,
1438 660 1629 733 velcoactus),
1641 667 1773 718 tumuere

134 727 206 820 ξηρὸν
220 729 268 800 γάρ
282 732 381 801 κρανίον
394 729 528 804 πυθόμενος
543 731 597 820 περὶ
610 736 661 782 τῶν
674 732 868 801 κεκοιμημένων,
885 751 931 801 με·
972 729 1063 783 Attica
1077 730 1136 784 haec
1157 730 1211 784 illis
1230 730 1402 785 consuetudo
1418 737 1462 785 est
1482 732 1626 803 ludusque
1642 732 1686 786 rei
1702 733 1773 788 setin

134 802 240 871 μαθηκεν
255 799 361 854 ἅπαντα.
379 801 444 855 Εἰτα
459 799 521 872 πρός
538 821 628 863 τουτω,
645 797 762 854 οὐδέποτε
780 802 860 854 τοίνυν
878 801 932 855 τινὰ
972 800 1119 855 admistus.
1134 801 1259 855 Primum
1271 801 1345 872 apud
1356 819 1453 857 eorum
1463 803 1599 873 aliquem,
1612 803 1663 875 qui
1672 805 1772 874 priores

133 890 151 923 π
186 873 289 942 αμυθίαν
307 873 440 943 εὑρίσκεται
461 894 467 905 ·
488 865 517 941 ἦν
540 872 588 944 γὰρ
606 855 620 924 δ
638 871 706 943 άγιος
725 874 834 940 συνήθως
853 881 931 926 ποιῶν
972 871 1065 943 ipsum
1074 872 1385 944 arripuerint,hospitio
1395 874 1452 928 acci
1474 873 1540 941 itur,
1553 875 1772 936 velamicorum,

133 891 194 1014 aii?
208 948 258 995 τῶν
272 945 455 1014 κεκοιμημένων
471 941 554 1016 τύχας,
574 944 614 995 καὶ
632 950 725 1013 γνῶναι
745 941 824 1014 ἐφίετο
843 941 863 996 εί
883 942 931 1015 ἄρα
972 942 1015 997 rel
1027 960 1078 1013 pro
1099 943 1259 1014 inquorum,
1275 944 1316 998 vel
1327 944 1375 1016 qui
1387 890 1513 1015 ejusdem
1527 952 1597 1002 sunt
1611 947 1725 1018 patriae,
1738 947 1773 1001 rel

133 1011 195 1084 πρός
215 1011 297 1081 ὄνησιν
333 1016 423 1067 ίνονται
444 1035 450 1048 ·
470 1021 542 1068 τούτο
563 1015 592 1081 δὴ
615 1015 739 1083 βουληθεὶς
761 1015 774 1067 ὁ
796 1013 932 1087 φιλόψυχος
973 1014 1021 1084 (μιί
1035 961 1199 1085 sopitistices
1213 1020 1302 1069 artem
1317 1015 1443 1087 apprime
1453 1016 1567 1084 callent,
1576 1034 1610 1071 ac
1623 1019 1707 1072 lucra
1721 1035 1773 1072 ma·

133 1081 297 1147 iactatiactat
315 1035 419 1156 iftprm,
439 1087 479 1138 καὶ
497 1084 539 1139 τόν
560 1087 646 1138 ἑαυτοῦ
665 1086 872 1156 πληροφορεῖσθαι
890 1089 932 1139 θε-
972 1084 1068 1154 gistris
1078 1086 1237 1151 concilient,
1249 1102 1337 1157 eoque
1350 1087 1463 1141 nomine
1471 1089 1548 1158 apud
1561 1104 1610 1143 eos
1620 1089 1653 1143 in
1668 1106 1773 1145 summo

134 1154 255 1226 ράποντα,
275 1162 312 1228 τῷ
332 1156 468 1227 ξυρανθίντι
486 1160 579 1229 κρανίῳ
597 1156 672 1240 λόγον
692 1155 805 1224 ἀληθείας
820 1155 932 1211 ἐνέπνευ-
973 1157 1120 1212 honoreac
1134 1157 1224 1229 pretio
1238 1164 1313 1223 sunt,
1327 1159 1554 1229 quandoquidem
1570 1159 1628 1214 illis
1644 1161 1775 1216 mercedis

133 1246 184 1280 σεν.
202 1227 272 1292 Ὁτε,
284 1229 365 1298 φησὶν,
377 1228 437 1298 ὑπὲρ
447 1234 497 1281 τῶν
508 1234 599 1299 νεκρῶν
614 1248 657 1290 τας
671 1229 765 1295 δεήσεις
776 1232 930 1299 προσφέρεις,
973 1227 1033 1281 loco
1050 1233 1094 1282 est
1112 1227 1214 1283 habere
1234 1228 1282 1300 qui
1305 1229 1430 1300 ipsorum
1451 1230 1608 1286 commodis
1634 1232 1772 1286 studeant.

132 1296 189 1351 τότε
216 1300 371 1369 παραμυθίας
400 1297 486 1370 μικρὰς
515 1297 678 1367 αἰσθανόμεθα
704 1316 709 1349 τ
736 1299 873 1354 Macarius
899 1317 932 1354 ex
973 1298 1108 1354 Deindea
1122 1300 1364 1372 quolibetcavillis
1379 1301 1543 1356 lacessitur:
1563 1303 1774 1374 quodquidam,

133 1368 230 1423 cranio
248 1369 326 1423 arido
341 1370 508 1425 sciscitando
522 1371 557 1425 de
570 1369 708 1424 defunctis
723 1371 856 1442 pleraque
871 1371 932 1425 edi·
973 1369 1002 1423 ni
1017 1370 1107 1436 fallor,
1124 1388 1157 1425 eo
1175 1371 1288 1436 iaciunt,
1302 1376 1335 1426 ut
1352 1372 1520 1428 novitiorum
1542 1374 1657 1428 animos
1671 1381 1774 1430 contra·

134 1439 210 1495 dicit.
237 1441 272 1495 Et
290 1440 356 1512 quia
380 1440 499 1495 faciebat
513 1458 564 1513 pro
587 1442 788 1497 consuetudine
813 1458 865 1495 sua
882 1458 933 1513 pro
973 1441 1052 1507 hant,
1060 1443 1319 1513 atqueaprincipio
1329 1443 1405 1514 ipsos
1414 1444 1442 1497 in
1453 1450 1627 1526 potestatem
1638 1446 1772 1518 redigant.

135 1510 273 1566 defunctis
288 1528 393 1583 preces,
402 1513 529 1583 scireque
542 1512 728 1578 desiderabat,
741 1513 867 1583 nunquid
876 1513 933 1568 illis
974 1513 1134 1568 Lacessitur
1142 1521 1236 1569 autem
1248 1514 1283 1568 ab
1293 1514 1355 1568 aliis
1362 1514 1545 1576 audacmsah
1555 1516 1622 1570 aliis
1630 1517 1772 1584 eruditius,

154 1582 307 1646 rodesseut,
330 1589 409 1638 etan
432 1584 585 1639 consolatio
603 1585 644 1638 eis
662 1584 728 1638 irde
751 1584 911 1656 proveniret
924 1603 930 1651 ;
973 1591 1059 1707 prout
1071 1584 1119 1638 ille
1133 1585 1175 1639 vel
1189 1585 1300 1640 rusticis
1315 1590 1343 1639 et
1356 1586 1459 1658 ineptis
1471 1591 1514 1640 est
1529 1587 1671 1651 moribus,
1683 1589 1725 1642 rel
1734 1605 1774 1642 ur·

134 1599 209 1708 Beue
231 1654 388 1710 animarum
404 1662 522 1720 amator,
537 1655 632 1710 rolens
648 1655 700 1709 hoc
713 1672 792 1710 servo
807 1672 857 1710 suo
872 1656 933 1728 plu·
993 1655 1099 1709 anitate
1111 1656 1253 1728 praeditus.
1265 1657 1357 1728 Atque
1368 1657 1396 1711 id
1411 1657 1516 1728 ignaris
1530 1658 1649 1730 quidem
1663 1659 1774 1715 horren·

135 1723 211 1779 ribus
225 1731 253 1779 et
267 1725 350 1780 certis
363 1727 538 1798 argumentis
555 1727 723 1810 patefacere,
735 1726 840 1790 eranio,
857 1727 930 1798 quod
940 1733 962 1793 Β
973 1724 1041 1780 dum
1051 1727 1165 1782 valdeet
1173 1727 1359 1782 inhumanum
1367 1728 1486 1795 ridetur,
1493 1729 1528 1783 iis
1537 1735 1775 1801 autemperquam

134 1796 708 1869 examerat,verbumveritatismspirarit.
719 1798 931 1880 Prorupitenim
971 1798 1128 1866 jucundum
1140 1801 1170 1852 et
1182 1815 1276 1865 suave,
1297 1799 1345 1870 qui
1360 1798 1412 1854 hoc
1423 1801 1501 1870 prius
1514 1808 1635 1855 norunt.
1655 1802 1775 1884 Amplior

134 1868 263 1922 cranium
274 1869 303 1923 in
312 1870 369 1923 haee
383 1875 485 1923 verba:
501 1891 511 1921 ε
525 1869 642 1934 Quando
652 1886 703 1940 pro
716 1874 835 1924 mortuis
850 1869 933 1924 offers
973 1868 1048 1922 enim
1063 1875 1105 1924 est
1119 1870 1178 1924 hec
1200 1871 1341 1924 minamm
1356 1872 1516 1938 ostentatio,
1533 1888 1622 1942 quam
1638 1889 1685 1928 res
1707 1890 1773 1944 ipsa.

134 1955 240 2010 preces,
253 1940 522 1995 consolatiunculam
534 1940 679 1996 sentimus.
695 1961 708 1993 υ
972 1939 1104 2011 'lumper
1118 1940 1210 1996 forum
1224 1941 1260 1995 ad
1277 1942 1407 1996 balneum
1419 1958 1482 1997 cum
1495 1959 1602 2015 pompa
1617 1944 1773 2001 deducitur.

168 2010 261 2075 Quare
275 2011 470 2082 interpretatio
484 2013 580 2083 aliqua
591 2012 751 2082 quaerenda.
765 2012 855 2076 Quam
870 2010 933 2065 vide
973 2011 1080 2082 Pompa
1104 2017 1197 2067 autem
1216 2013 1268 2066 hoc
1283 2013 1367 2067 modo
1387 2030 1417 2067 se
1439 2013 1534 2068 habet.
1551 2014 1607 2078 Qui
1622 2015 1773 2070 deducendi

133 2081 207 2163 apud
220 2082 314 2139 dirum
329 2083 466 2137 Thomam
482 2085 511 2138 in
526 2098 561 2148 ιν,
579 2082 606 2137 ιί.
624 2084 667 2150 45,
684 2088 737 2137 art.
750 2083 777 2148 i,
793 2100 821 2153 q.
840 2085 867 2147 t,
884 2083 933 2154 qui
971 2082 1082 2152 juvenis
1105 2099 1222 2138 munere
1236 2083 1403 2154 funguutur,
1419 2086 1517 2140 ordine
1533 2087 1679 2153 collocati,
1695 2096 1773 2159 atque

132 2159 185 2218 art,
194 2153 471 2227 damnatosrecipare
481 2171 538 2209 non
548 2171 643 2209 veram
652 2154 776 2226 aliquam
785 2170 932 2225 poenarum
973 2153 1061 2224 arquis
1075 2155 1173 2225 spatiis
1183 2154 1380 2218 distincti,bini
1393 2172 1459 2210 eum
1474 2157 1509 2211 ad
1520 2155 1660 2212 balneum
1674 2165 1774 2214 antece

132 2224 348 2295 mitigationem,
357 2227 405 2281 sed
417 2227 508 2282 solum
519 2226 603 2280 inane
611 2232 640 2281 ot
648 2225 732 2281 fallax
744 2225 857 2297 aliquod
864 2242 933 2296 gau-
973 2224 1052 2278 dunt.
1062 2225 1132 2280 Cum
1144 2232 1239 2280 autem
1249 2227 1364 2298 propius
1375 2227 1553 2293 accesserint,
1563 2229 1648 2300 quasi
1661 2228 1774 2284 fanatico

132 2295 225 2362 dium;
250 2297 324 2369 quad
346 2298 479 2353 nimirum
495 2297 608 2351 videant
626 2314 656 2352 se
672 2295 775 2351 habere
789 2297 879 2351 socios
901 2297 930 2351 in
971 2293 1066 2350 furore
1077 2296 1361 2369 correpti,clamorem
1372 2297 1515 2369 ingentem
1527 2315 1593 2353 cum
1604 2301 1774 2356 saltitatione

132 2368 231 2438 pranis,
245 2369 327 2439 quale
341 2374 386 2424 est
397 2369 532 2440 gaudium
544 2369 714 2426 damonum.
730 2377 794 2423 cum
807 2367 930 2439 aliquem
972 2367 1101 2421 tollentes
1108 2367 1167 2440 (hic
1179 2375 1274 2424 autem
1290 2370 1405 2436 clamor,
1418 2371 1580 2426 neulterius
1595 2373 1776 2443 progredian-

132 2437 284 2510 decipiunt.
298 2440 403 2494 Ibidem
419 2441 499 2495 divus
522 2440 644 2494 Thomas
665 2439 770 2493 refutat
788 2439 930 2494 rariorum
971 2442 1027 2498 tur.
1044 2445 1128 2501 vetat,
1145 2439 1194 2494 sed
1210 2446 1241 2495 ut
1259 2440 1402 2506 insistant,
1419 2446 1557 2513 tanquam
1575 2459 1628 2497 eos
1648 2442 1775 2498 balneum

132 2510 361 2566 scholasticorum
376 2510 621 2582 interpretationes
639 2512 755 2581 hujusce
768 2510 832 2563 loci.
849 2511 930 2565 Certe
972 2508 1088 2565 minime
1102 2510 1243 2580 admittat)
1255 2511 1395 2595 simulque
1405 2513 1524 2585 pulsatis
1534 2514 1647 2584 januis,
1656 2532 1720 2570 cum
1729 2532 1775 2586 per

133 2597 197 2637 cum
212 2587 320 2637 veteres
334 2582 492 2638 scholastici
508 2581 537 2636 in
548 2583 589 2636 rei
600 2582 684 2653 huius
697 2580 878 2653 explicatione
892 2581 932 2636 la·
971 2580 1120 2651 strepitum
1125 2583 1221 2652 juveni
1231 2588 1337 2637 metum
1349 2584 1528 2651 incusserint,
1537 2590 1641 2656 postea
1651 2601 1775 2641 conoemo

132 2648 303 2719 borarerint,
315 2670 369 2707 non
379 2652 502 2708 habuere
516 2669 578 2706 eam
590 2669 640 2723 pro
654 2653 823 2724 apocrypha.
972 2651 1111 2722 ingressu,
1121 2653 1160 2706 ita
1168 2653 1281 2708 demum
1296 2671 1361 2708 eum
1372 2655 1401 2708 in
1410 2654 1568 2711 libertatem
1584 2664 1728 2721 asserunt,
1739 2663 1776 2711 at·

169 2723 223 2793 tn)
234 2725 421 2780 Adcr'vr'tatcm
433 2725 642 2781 Atheniensium
656 2725 745 2795 ]ldem
758 2724 932 2779 oecurritsu·
993 2739 1027 2777 ue
1037 2723 1162 2778 abalneo
1172 2724 1336 2780 redeuntem
1349 2725 1479 2798 deinceps
1492 2732 1526 2781 ut
1539 2728 1682 2799 equalem
1695 2745 1727 2783 ac
1736 2745 1776 2783 so·

133 2811 193 2866 pra,
211 2795 246 2850 ad
260 2795 362 2850 librum
386 2812 437 2857 cxi,
455 2813 482 2850 n.
496 2796 541 2850 84.
559 2795 710 2865 Gregorius
726 2795 929 2860 Nazianzenus,
972 2739 1064 2848 dalem
1076 2795 1227 2867 accipiunt.
1239 2798 1331 2868 Atque
1345 2797 1398 2851 hoc
1412 2798 1481 2868 ipsis
1492 2802 1537 2853 est
1555 2798 1649 2854 totius
1662 2800 1777 2881 hujusce

134 2866 260 2922 oratione
270 2867 300 2921 in
309 2867 420 2922 laudem
427 2866 615 2922 Basiliiritum
624 2866 756 2921 describit
766 2867 933 2938 quotirones
973 2866 1145 2921 caeremoniae
1152 2867 1397 2934 jucundissimum,
1409 2869 1543 2924 nimirum
1555 2869 1651 2924 abhis
1663 2887 1712 2942 qm
1722 2887 1777 2926 mo-

133 2938 298 2994 acecdentes
311 2939 436 2994 Athenas
450 2937 676 3010 excipiebantur:
696 2936 768 2993 Ἐπεὶ
781 2938 803 2990 δ’
815 2933 843 2990 άν
856 2929 897 2991 οὖν
909 2958 932 2992 τι
973 2934 1082 2991 lestiam
1093 2937 1224 2992 exhibent
1236 2939 1444 3011 quamprimum
1453 2939 1597 2996 liberari·
1609 2943 1704 3013 Atque
1714 2942 1777 2997 hinc

94 3015 96 3018 ’
134 3006 219 3082 ἐπιστῇ
232 3017 283 3063 τῶν
299 3013 370 3075 νέων,
386 3009 427 3063 καί
442 3008 466 3064 ἐν
479 3011 551 3099 χερσὶ
569 3012 668 3081 γένηται
687 3015 737 3089 χῶν
757 3006 876 3096 ἐχόντων,
892 3010 933 3080 μ’·
974 3008 1273 3088 fluxissevideturmos
1283 3012 1472 3081 quarumdam
1481 3012 1713 3080 Academiarum,
1722 3030 1776 3085 quo

132 3100 198 3134 νεται
221 3081 248 3135 δὲ
272 3082 287 3150 ἢ
313 3083 417 3151 βιασθεὶς
443 3082 457 3149 ἢ
480 3083 552 3142 ἑκων,
577 3079 652 3151 νόμος
675 3079 745 3142 ούτός
767 3100 830 3133 εστιν
852 3078 933 3143 αὐτοῖς
973 3080 1776 3154 tironesetririalibusscholisadpublicaAeademiarum

138 3150 261 3217 Ἀττικός,
273 3153 314 3206 καὶ
327 3150 413 3206 παιδιὰ
426 3154 521 3224 σπουδῇ
537 3153 680 3223 σύμμικτος.
696 3151 806 3222 Πρῶτον
821 3151 864 3239 μὲν
880 3134 963 3214 ξεν-0
972 3151 1290 3273 μγωηαείιιιιοοεθειιίεε
1300 3154 1777 3224 probantur,exercentm,etdedo·

133 3232 227 3294 αγεῐται
245 3223 314 3295 παρά
332 3243 378 3277 τινι
397 3230 447 3277 τῶν
467 3221 663 3294 προειληφότων,
679 3222 693 3290 ἢ
709 3223 797 3293 φιλων,
813 3222 828 3290 ὴ
844 3231 933 3294 συγγε-

131 3301 191 3358 νῶν,
208 3295 223 3363 ll
239 3301 289 3348 τῶν
309 3293 335 3349 ἐκ
353 3301 396 3363 τῆς
415 3293 488 3362 αὐτῆς
508 3296 635 3365 πατρίδος,
652 3294 667 3360 ἢ
682 3299 732 3346 τῶν
744 3290 805 3346 *ὅσοι
825 3295 933 3364 περιττοί
974 3291 1024 3346 Get
1031 3293 1132 3348 munite
1142 3295 1573 3368 Academiis3quamlleanorum
1580 3300 1776 3367 denuntiem

131 3364 163 3419 τά
181 3364 309 3438 σοφιστικὰ
326 3366 367 3420 καί
385 3366 546 3437 προσαγωγοὶ
564 3370 614 3418 τῶν
633 3364 781 3436 λημμάτων,
807 3361 932 3434 ιᾲντεῦθεν
972 3369 1082 3418 vacant.
1092 3364 1165 3419 Alibi
1173 3365 1305 3421 dicuntur
1312 3371 1535 3436 pttpittctuecui.
1542 3368 1775 3426 VideAntcnium

132 3436 240 3508 μάλιστα
258 3436 301 3490 διά
318 3444 390 3508 τιμῆς
409 3436 506 3499 ἐκείνοις
523 3456 529 3469 ·
544 3433 595 3490 ἐπεὶ
614 3437 654 3488 καί
672 3441 744 3488 τοῦτο
764 3434 848 3507 μισθός
868 3433 931 3488 ἐστιν
972 3435 1153 3490 possevinum
1176 3443 1315 3499 tiostrum,
1335 3437 1432 3494 libroi
1456 3438 1638 3496 Bibliothecae
1654 3440 1773 3505 selecta,

131 3505 214 3571 αὐτοῖς
235 3515 285 3562 τῶν
309 3511 471 3563 σπουδαστῶν
495 3507 634 3580 τυγχάνειν.
657 3506 767 3561 Ἔπειτα
791 3503 931 3592 {pecs-eleg·
971 3521 1032 3577 cap.
1054 3504 1102 3577 ltJ;
1117 3506 1252 3562 iacobum
1270 3510 1430 3566 Pontanntn
1444 3517 1584 3577 nostrum,
1602 3511 1770 3570 soluminel

130 3599 171 3633 ται
185 3579 253 3650 παρὰ
266 3585 310 3633 τοῦ
329 3581 480 3651 βουλομένου
494 3577 585 3640 παντός
602 3599 608 3610 ·
626 3579 739 3648 βούλεται
753 3577 780 3630 δὲ
795 3575 930 3640 αῦτοῖςόι-
971 3576 1152 3648 Dialogcrnm
1167 3579 1336 3646 Latinitatis,
1373 3597 1565 3653 rogymnasm.
1578 3581 1774 3650 &iacobum

131 3671 176 3722 μαι
186 3657 269 3715 τοῦτο,
282 3657 332 3704 τῶν
346 3653 471 3719 νεηλύδων
486 3650 625 3703 συστίλλειν
644 3646 672 3702 τὸ
692 3647 767 3719 φρόνη
790 3669 806 3700 α
823 3648 864 3701 καί
882 3646 930 3702 aaa
971 3647 1225 3721 Middcnderpium,
1240 3650 1312 3705 libro
1325 3666 1335 3706 1
1350 3599 1384 3706 de
1398 3652 1567 3719 Academia,
1584 3670 1645 3725 cap.
1663 3655 1709 3710 16.

130 3731 204 3794 χεῖρα
218 3728 286 3792 σφῶν
302 3716 344 3774 ἀπ’
361 3718 441 3794 άρχῆς
456 3719 531 3792 άγειν.
555 3719 740 3791 Ἐρεσχελείται
754 3670 788 3773 di
800 3719 867 3790 παρὰ
887 3719 930 3792 μὲν
1009 3718 1066 3789 (lli)
1080 3723 1155 3775 Meus
1176 3721 1281 3794 endec]
1296 3723 1433 3787 Socrates,
1449 3723 1520 3780 libro
1534 3739 1571 3787 lt.
1587 3741 1613 3779 c.
1634 3722 1682 3794 18,
1694 3727 1773 3795 juxte

130 3798 181 3845 τῶν
203 3794 360 3863 θρασύτερον,
386 3792 453 3863 παρά
477 3791 504 3844 δὲ
527 3797 578 3844 τῶν
604 3790 778 3860 λογικώτερον,
807 3786 875 3853 ὅπως
901 3788 930 3844 άν
971 3788 1101 3846 Latinum
1116 3797 1223 3846 textum
1245 3793 1296 3847 hoc
1320 3795 1435 3849 Antonii
1449 3795 1664 3878 apophthegm
1685 3795 1727 3851 ite
1740 3812 1772 3851 ex

131 3857 257 3947 άγροοιίας
276 3864 291 3929 ἢ
313 3859 468 3930 άστειότητος
489 3864 545 3946 ἕχιγ.
571 3861 623 3916 Καὶ
643 3858 672 3913 τὸ
690 3863 793 3932 πρᾶγμα
815 3871 865 3924 τοῖς
886 3862 929 3952 μὲν
972 3859 1083 3933 Evagrii
1097 3863 1224 3919 Praetico
1236 3881 1286 3919 seu
1301 3866 1437 3921 Monacho
1451 3871 1519 3922 citat
1535 3885 1541 3920 :
1560 3865 1686 3938 Ἀντωνίῳ
1700 3885 1772 3953 προσ-

985 3226 1078 3287 antur,
1093 3222 1134 3276 uti
1156 3224 1190 3277 ht
1204 3224 1334 3287 Coloniae,
1352 3225 1477 3291 Basileia,
1494 3232 1524 3281 et
1537 3226 1567 3281 in
1590 3227 1657 3282 aliis
1671 3227 1777 3299 aliquot

32 3976 41 3992 .
131 3938 255 4003 αγνοοῦσι,
271 3934 326 3986 λίαν
345 3932 448 4004 φοόερὸν
467 3934 507 3986 καὶ
526 3935 659 4003 ανημερον,
675 3941 725 3994 τοῖς
739 3931 771 4017 Ιδέ
784 3935 927 4018 apamiam,
970 3933 1029 4010 qtue
1047 3953 1082 3996 τις
1100 3941 1150 3987 τῶν
1169 3934 1225 3988 τότε
1244 3943 1337 4007 σοφῶν,
1357 3939 1397 3991 καὶ
1416 3937 1479 4001 Ιίιῖις
1497 3940 1676 4009 διακαρτερεῖς,
1696 3957 1770 4002 ειπεν,

130 4004 171 4057 καί
191 4004 258 4075 poda
276 4003 323 4073 ὴδῦ
340 4005 381 4058 καὶ
399 4004 571 4076 φιλάνθρωπον
589 4024 595 4035 ·
612 4004 704 4056 πλείων
717 4024 764 4074 γαρ
780 4022 844 4056 εστιν
858 4006 873 4072 lq
889 4005 929 4058 ἕν·
971 4011 993 4059 ὠ
1012 4003 1099 4076 πάτερ,
1120 4011 1163 4072 τῆς
1182 4003 1276 4059 ἐκτῶν
1296 4008 1396 4076 βιάλίων
1417 4028 1485 4080 παρα
1505 4011 1572 4070 υθίας
1594 4006 1770 4081 ἐστερημίνοςς

130 4073 212 4141 δειξις,
228 4076 243 4144 ἢ
262 4073 291 4129 τὸ
311 4077 381 4147 ἔργον
400 4083 450 4130 τῶν
470 4071 664 4146 ἀπειλουμένων.
680 4073 791 4128 Ἔπειτα
810 4076 929 4146 πομπεύει
969 4075 1008 4132 Τὸ
1027 4072 1086 4146 ἐμόν
1105 4077 1209 4145 βιὸλίον,
1231 4078 1274 4147 ἔφη
1294 4077 1308 4131 ὁ
1330 4077 1475 4144 Ἀντώνιος,
1491 4071 1513 4132 ὦ
1527 4079 1659 4151 φιλόσοφε,
1675 4081 1771 4150 heiria

130 4144 171 4199 διὰ
185 4153 228 4214 τῆς
243 4142 335 4220 άγορᾶς
349 4145 388 4200 ἐπί
402 4146 431 4201 τὸ
443 4144 547 4218 λουτρόν
562 4144 741 4218 προαγόμενος·
758 4147 772 4213 tp
788 4145 874 4228 πομπὴ
890 4147 927 4199 δέ·
968 4154 1019 4202 τῶν
1034 4145 1173 4218 γεγονότων
1188 4145 1247 4211 ἐστὶ,
1264 4149 1304 4201 καὶ
1317 4149 1434 4220 πάρεστιν
1448 4149 1489 4205 ὅτε
1509 4152 1634 4222 βούλομαι
1652 4150 1709 4213 τοῦς
1726 4149 1771 4204 λά·

129 4217 285 4282 διατάξαντες
299 4218 410 4281 castet<
434 4215 568 4291 στοιχηδὸν
594 4214 656 4269 κατὰ
682 4218 795 4288 συζυγίαν
822 4236 848 4269 εκ
873 4218 929 4269 δια·
969 4239 1027 4291 γους
1039 4214 1213 4289 ἀναγινώσκειν
1226 4218 1282 4281 τοὺς
1294 4225 1338 4272 τοῦ
1353 4219 1422 4277 Θεοῦ
1438 4239 1445 4274 :
1463 4239 1477 4274 ι
1493 4222 1616 4277 Cnidam
1628 4238 1663 4276 ex
1674 4237 1771 4277 corum

129 4293 263 4361 στόματος,
281 4290 305 4343 ot
319 4291 443 4352 τελοῦντες
457 4296 493 4361 τῷ
509 4291 557 4342 νέω
570 4287 614 4355 τὴν
632 4285 750 4358 πρόοδον,
771 4284 810 4340 ἐπί
825 4285 854 4340 τδ
868 4288 928 4340 λου·
969 4306 1088 4344 numero
1119 4288 1149 4343 ui
1161 4288 1189 4343 id
1198 4290 1333 4362 temporis
1341 4291 1481 4363 sapientes
1491 4292 1770 4359 sunthabitimddn·

128 4359 186 4432 τρόν
211 4363 397 4434 προπέμπουσιν
415 4381 421 4393 ·
437 4358 512 4415 ἔπειθ’
538 4344 567 4413 tv
590 4358 617 4412 δὲ
641 4358 806 4425 πλησιάζωσι,
832 4359 878 4432 βοῇ
903 4378 929 4412 τε
969 4361 1077 4416 toniurn
1098 4306 1176 4414 iilum
1194 4361 1303 4431 justum
1324 4363 1477 4430 accedenti,
1500 4364 1698 4436 quaerentique
1717 4380 1769 4434 quo

129 4433 210 4499 πολλῆ
238 4434 279 4485 καὶ
307 4430 426 4504 ἐξόλμαοι
453 4435 590 4504 χρώμενοι,
620 4429 730 4499 καθάπερ
759 4426 929 4493 ἐνθουσιῶντες
988 4439 1050 4488 acto
1064 4431 1150 4485 ritem
1166 4438 1260 4501 posset
1273 4437 1441 4501 sustentare,
1457 4435 1558 4491 solatio
1581 4436 1632 4490 illo
1668 4435 1724 4490 uod
1737 4451 1767 4489 ex

131 4487 229 4569 latitia
247 4503 303 4571 δίη
319 4504 376 4591 βοη,
392 4502 425 4575 μὴ
446 4503 595 4573 προύαίνειν,
614 4495 669 4553 ἀλλ’
690 4500 811 4563 ἵστασθαι,
831 4503 866 4563 ὡς
884 4450 1047 4599 rocDiibn's
1061 4501 1123 4628 capi
1146 4502 1219 4557 solet
1237 4503 1361 4567 orbatus,
1377 4506 1545 4578 respondit:
1567 4453 1768 4570 blendiiberm

127 4575 234 4645 λουτροῦ
254 4578 316 4645 σφᾶς
339 4593 367 4628 ου
392 4571 604 4645 παραδεχομένου)
629 4571 670 4624 καί
695 4569 747 4642 ἅμα
771 4579 821 4624 τῶν
846 4575 926 4643 θυρῶν
970 4575 1097 4646 philosop
1118 4590 1143 4639 e,
1169 4579 1212 4628 est
1231 4580 1334 4630 natura
1347 4592 1441 4632 rerum
1462 4579 1558 4634 aneo
1579 4577 1766 4644 conditarum,

129 4640 316 4717 άρασσομίνων,
333 4645 438 4717 πατάγῳ
452 4642 494 4697 τὸν
510 4645 564 4697 νέον
578 4642 737 4714 φοὸήσαντες,
752 4633 805 4695 εἶτα
815 4643 859 4710 τὴν
875 4643 926 4696 eio-
969 4662 1039 4716 qnae,
1055 4644 1285 4717 quotiescumque
1299 4647 1393 4704 animo
1407 4648 1528 4705 lubitum
1543 4649 1585 4704 sit
1599 4665 1673 4714 meo,
1687 4649 1767 4703 libtna

129 4718 186 4769 οδον
209 4720 423 4789 ζυγχιυρνίσαντες,
449 4715 527 4776 οὕτως
547 4714 594 4781 ἤδη
616 4712 659 4780 τὴν
681 4710 816 4783 ἐλευθερίαν
840 4713 927 4767 διδόα-
968 4717 1056 4789 ipsius
1070 4716 1122 4772 Dei
1135 4715 1171 4770 ad
1189 4717 1338 4787 legendum
1355 4721 1527 4792 suppeditat.
1549 4740 1562 4772 a
1587 4721 1632 4776 lta
1645 4721 1766 4777 solemne

129 4806 176 4852 σιν,
193 4786 312 4859 ὁμότιμον
328 4785 354 4842 ἐκ
367 4792 411 4842 τοῦ
423 4788 529 4857 λουτροῦ
546 4784 587 4837 καὶ
605 4786 640 4847 ὡς
659 4781 739 4837 αὐτῶν
758 4785 801 4838 ἕνα
819 4785 927 4858 δεχόμε-
969 4788 1073 4845 mauis
1087 4787 1154 4843 viris
1171 4788 1201 4844 in
1216 4789 1353 4846 creaturis
1366 4791 1457 4848 Deum
1466 4792 1572 4864 legere.
