3818 6120
115 295 149 354 37
762 298 1060 357 PROLEGOMENON
1077 301 1111 355 V.
1717 306 1752 365 38

114 437 172 477 non
183 420 310 477 nisidivi
323 421 489 495 Hieronymi
502 428 531 478 et
550 440 704 496 paucorum
726 427 792 481 Mss.
809 427 911 482 indicio
919 428 943 489 Α
954 427 1093 497 quoddam
1105 426 1235 481 volumen
1251 426 1375 481 Gothicis
1389 425 1489 481 litteris
1509 429 1655 500 scriptum,
1671 433 1752 504 cujus

112 511 254 566 novimus.
954 515 1054 570 titulus
1067 520 1136 581 erat,
1160 517 1221 570 Vita
1228 518 1345 570 Petrum
1355 517 1551 584 Orientalium,
1560 519 1750 577 sineauctore.

150 597 209 652 Cur
222 603 317 651 autem
335 598 464 654 Rulfinus
482 616 584 655 nomen
607 617 689 655 suum
713 603 910 673 suppresserit,
954 605 1035 669 Quod
1048 611 1144 660 tamen
1158 605 1251 659 inveni
1261 605 1290 659 in
1300 606 1460 676 praefatione
1469 607 1751 679 scriptumallalerio

113 686 244 740 existimo
256 686 326 741 duas
335 688 458 743 rationes
472 690 610 760 assignari
620 708 711 763 posse.
727 692 821 746 Primo
832 708 839 748 :
849 709 913 748 cum
953 695 1126 749 Asturicensi
1139 694 1390 766 archipresbytero,
1406 713 1463 750 aera
1476 695 1538 764 940,
1555 698 1607 752 hoc
1622 706 1664 754 est
1678 716 1752 756 anno

113 776 201 843 enim,
217 775 355 831 referente
368 777 538 850 Hieronymo
550 780 632 851 epist.
642 781 678 835 ad
690 782 910 853 Ctesiphontem,
954 783 1067 839 Domini
1077 784 1140 840 902.
1156 783 1359 839 Exordiebatur
1372 790 1491 839 autema
1505 786 1570 841 Vita
1584 789 1709 855 loannis
1717 790 1752 845 de

112 870 223 921 constet
236 867 385 921 nonnullos
398 867 571 938 Origenistas
580 870 626 924 hic
640 871 788 939 immistos,
800 889 856 928 non
867 889 913 927 au·
956 889 1010 943 quo
1017 872 1089 926 liber
1098 873 1208 944 Evagrii
1220 874 1321 941 (verius
1332 873 1691 948 Ruflinimtjamprobavi),
1703 879 1752 934 sed

112 972 163 1009 sus
174 954 229 1009 fuit
243 972 308 1009 eum
323 955 426 1011 librum
441 959 555 1012 nomine
563 976 613 1015 suo
627 961 776 1016 extrudere
784 966 812 1016 et
819 962 914 1016 vendi·
956 962 1045 1017 multo
1051 962 1532 1033 longioreDeindehabebatmultas
1539 965 1618 1020 Vitas
1624 968 1750 1036 Petrum,

112 1049 177 1098 tare
189 1045 327 1110 Rullinus,
338 1047 411 1118 quod
422 1048 482 1118 ipse
491 1048 526 1102 de
535 1049 635 1104 haeresi
646 1067 679 1104 ea
688 1058 833 1122 suspectus
842 1058 911 1106 erat.
955 1050 1037 1122 longe
1049 1052 1222 1107 diversorum
1237 1052 1272 1106 ab
1287 1052 1321 1106 iis
1336 1053 1383 1123 qui
1399 1052 1558 1108 referuntur
1567 1056 1753 1112 communiter

112 1133 152 1188 Ut
165 1134 253 1205 igitur
266 1135 337 1189 liber
348 1135 394 1190 hic
407 1137 466 1190 sine
476 1137 533 1192 ullo
543 1138 572 1192 in
581 1138 679 1194 limine
693 1141 858 1196 offendiculo
872 1158 914 1196 re·
956 1141 985 1194 in
1009 1142 1080 1196 Vitis
1108 1143 1231 1209 Petrum,
1263 1159 1347 1214 quam
1376 1142 1411 1196 ob
1439 1159 1498 1196 rem
1522 1160 1633 1199 ornnem
1660 1162 1753 1202 meam

113 1223 265 1295 ciperctur,
280 1224 472 1295 prefationem
484 1227 597 1297 quidem
612 1229 738 1300 praefixit,
752 1230 914 1286 sednomen
954 1230 1140 1302 suspicionem
1155 1232 1253 1303 abJeci.
1272 1252 1284 1283 u
1302 1232 1442 1286 Hactenus
1458 1232 1582 1287 Castrius
1593 1240 1697 1289 noster.

113 1312 262 1370 subticuit.
281 1314 387 1370 Eodem
401 1316 483 1370 modo
498 1333 600 1371 nomen
617 1335 700 1373 suum
715 1320 870 1391 suppressit
883 1321 913 1375 in
991 1322 1111 1375 Omnino
1126 1321 1233 1375 occasio
1246 1321 1404 1393 suspicandi
1416 1328 1485 1385 erat,
1495 1339 1669 1377 oumnomen
1683 1324 1751 1378 illud

113 1403 238 1457 editione
249 1404 443 1459 translationis
455 1405 590 1460 librorum
604 1408 734 1479 Origenis
747 1411 801 1480 περὶ
815 1405 911 1482 ἀρχῶν,
954 1410 1080 1481 praefatio
1092 1410 1244 1481 praeferret.
1254 1412 1307 1465 Sed
1314 1411 1501 1465 certissimum
1507 1412 1628 1467 nobisde
1639 1419 1752 1468 auctore

114 1493 192 1562 quod
200 1491 388 1564 Hieronymus
404 1494 509 1549 indicat
532 1497 613 1567 epist.
635 1496 669 1551 de
690 1497 725 1551 ad
750 1498 911 1554 Euffmum:
955 1500 997 1553 vel
1008 1500 1161 1571 interprete
1171 1501 1256 1571 hujus
1263 1501 1378 1556 secundi
1392 1501 1454 1554 libri
1465 1518 1498 1555 ex
1510 1502 1572 1556 divo
1581 1503 1752 1575 Hieronymo

116 1582 364 1638 ‹Prmfatiuncula
378 1582 514 1639 librorum
535 1587 590 1656 περὶ
605 1582 691 1658 ἀρχῶν
712 1588 748 1642 ad
767 1604 812 1643 me
827 1589 914 1643 missa
955 1589 1079 1659 suppetit
1092 1589 1294 1644 testimonium.
1307 1589 1390 1656 Quin,
1404 1590 1477 1660 quod
1493 1590 1563 1644 liber
1585 1591 1632 1645 ille
1647 1592 1753 1646 Toletu-

115 1677 167 1738 est,
184 1688 270 1742 quam
285 1689 317 1726 ex
331 1673 404 1745 stylo
419 1674 543 1729 intellexi
553 1680 632 1730 tuam
647 1693 716 1731 esse.
730 1695 743 1730 v
955 1693 1007 1731 nus
1023 1678 1134 1732 dicatur
1147 1679 1268 1749 scriptus
1283 1696 1300 1733 a
1313 1678 1434 1744 Valerio,
1451 1696 1507 1733 non
1521 1680 1617 1735 statim
1630 1681 1696 1735 inde
1711 1697 1753 1735 se-

150 1761 290 1829 Seeundo,
301 1762 368 1833 quia
377 1763 505 1819 Rulfmus
516 1764 600 1835 huJ'us
609 1765 673 1820 libri
683 1771 807 1821 nontam
816 1772 914 1823 auctor
922 1751 1051 1839 Bquitur
1061 1784 1124 1821 eum
1136 1769 1197 1837 ejus
1210 1767 1274 1821 libri
1282 1774 1425 1822 auctorem
1433 1784 1503 1822 esse.
1512 1769 1592 1823 Multi
1603 1769 1752 1840 scriptores

116 1850 156 1919 (ut
165 1852 227 1921 jam
237 1852 307 1922 dixi)
316 1869 401 1922 quam
409 1853 546 1925 interpres
556 1860 599 1909 est
609 1873 614 1907 :
625 1855 744 1926 ideoque
754 1857 913 1912 noluiteum
956 1873 1036 1911 suum
1053 1873 1155 1910 nomen
1169 1858 1319 1927 praefigunt
1342 1858 1385 1910 vel
1403 1863 1576 1929 postponunt
1593 1858 1671 1912 libris
1682 1875 1751 1930 quos

115 1957 165 1995 suo
180 1941 290 1995 nomini
298 1958 442 2012 arrogare.
455 1944 526 1998 Cum
537 1944 612 1999 enim
624 1945 680 1998 fere
688 1946 783 2000 omnia
791 1962 853 2017 quae
863 1947 914 2001 hoc
955 1946 1169 2017 exscripserunt,
1182 1946 1235 1999 etsi
1250 1963 1306 2000 non
1316 1946 1531 2016 composuerint,
1543 1946 1752 2016 quodignorare

115 2029 185 2084 libro
200 2036 354 2085 narrantur
369 2040 435 2098 (uno
449 2033 540 2103 eapite
554 2034 589 2088 de
605 2034 771 2106 Oxyryncho
791 2035 912 2107 excepto)
955 2051 1011 2089 non
1022 2041 1114 2106 potest
1123 2034 1220 2105 quivel
1230 2052 1333 2106 paucos
1346 2035 1432 2089 libros
1447 2035 1607 2089 Mssoculis
1613 2036 1752 2090 lustravit.

116 2119 273 2175 habeant-ur
280 2121 355 2192 apud
364 2121 557 2178 Palladiumet
568 2123 753 2190 Heraclidem,
764 2124 914 2179 verisimile
957 2124 1027 2178 Cum
1040 2130 1135 2179 autem
1152 2123 1223 2177 liber
1237 2124 1283 2177 ille
1306 2124 1457 2179 Toletanus
1480 2124 1590 2179 dicatur
1612 2125 1753 2179 continere

116 2209 185 2262 mihi
196 2209 229 2263 fit
237 2209 395 2265 Palladium
404 2211 446 2265 vel
459 2213 777 2268 Heraclidemvelalium
792 2213 915 2284 aliquem
959 2209 972 2264 d
988 2214 1090 2266 multas
1105 2213 1184 2265 Vitas
1198 2213 1313 2267 Patrum
1328 2211 1411 2282 longe
1427 2212 1601 2267 diversorum
1617 2212 1652 2267 ab
1666 2213 1719 2278 hie,
1740 2232 1751 2264 v

116 2296 176 2352 haee
192 2298 287 2353 Graece
303 2299 433 2367 edidisse,
450 2318 599 2373 suppresso
614 2303 736 2369 nomine,
753 2320 816 2374 quae
830 2303 916 2358 Rufii·
957 2301 1048 2373 potuit
1057 2301 1185 2355 Valerius
1195 2300 1242 2355 ille
1252 2317 1354 2355 novam
1364 2300 1555 2356 collectionem
1562 2303 1691 2357 Vitarum
1702 2303 1755 2356 Pa·

115 2403 171 2440 nus
187 2388 279 2442 vertit.
296 2388 437 2461 Quaepost
450 2391 592 2447 Palladius
611 2393 736 2447 auctiora
755 2392 844 2447 edidit
862 2409 913 2448 suo
953 2395 1030 2447 trum
1045 2391 1210 2446 instituisse.

117 2476 230 2530 nomine
244 2479 367 2548 praefixo,
384 2484 413 2533 et
423 2482 574 2535 Historiam
588 2484 748 2537 tauriacum
760 2482 912 2554 inscripsit.
1132 2489 1218 2544 PRO
1229 2490 1251 2543 L
1262 2489 1315 2544 EG
1325 2490 1347 2545 0
1358 2490 1385 2543 Μ
1395 2489 1416 2543 Ε
1426 2490 1450 2543 N
1461 2490 1483 2545 0
1493 2491 1519 2545 Ν
1540 2490 1574 2546 V.

153 2566 219 2620 Haec
232 2583 306 2622 nunc
319 2568 460 2623 sufficiant
477 2570 511 2624 dc
533 2571 685 2641 quaestione
701 2573 752 2626 hac
773 2573 913 2643 perplexa.
1163 2572 1230 2638 Quis
1249 2573 1325 2624 tertii
1344 2572 1412 2625 libri
1429 2575 1546 2624 erector?

116 2653 151 2707 R.
175 2656 205 2709 P.
223 2656 361 2728 Georgius
383 2659 534 2725 Garnefelt,
560 2660 716 2716 Carthusiae
740 2661 915 2715 coloniensis
992 2659 1065 2713 Editi
1078 2659 1123 2713 hic
1137 2658 1200 2712 libri
1215 2664 1337 2730 pergunt
1348 2659 1451 2713 erroris
1465 2660 1561 2714 funem
1582 2666 1703 2727 nectere,
1725 2666 1754 2716 et

116 2743 258 2812 alumnus,
275 2751 303 2800 et
316 2745 552 2815 bibliothecarius,
576 2750 677 2804 studiis
696 2750 766 2804 meis
789 2750 915 2821 impense
956 2748 1266 2820 DivumHieronymum
1274 2754 1417 2803 auctorem
1425 2747 1545 2816 faciunt;
1559 2750 1702 2821 sedstylus
1710 2767 1755 2805 sa·

115 2831 221 2901 favens,
232 2835 262 2888 in
272 2837 524 2908 appendicesuaad
533 2838 914 2894 Elucidationessacrasima·
955 2836 992 2890 tis
1007 2837 1101 2907 arguit
1116 2839 1177 2907 eius
1189 2853 1245 2891 non
1258 2853 1329 2904 esse,
1341 2837 1406 2892 licet
1420 2837 1475 2892 tria
1488 2838 1589 2893 ultima
1607 2838 1700 2911 capita
1721 2854 1755 2894 ex

114 2923 215 2992 ginum
231 2925 423 2994 eremitarum,
440 2944 556 2999 operose
569 2927 687 2998 inquirit
705 2929 740 2982 de
755 2928 916 2983 auctoribus
935 2963 941 2971 -
956 2927 1017 2997 ejus
1032 2926 1158 2997 epistolis
1173 2927 1322 2997 desumpta
1336 2927 1401 2992 sint,
1427 2944 1488 2999 quae
1508 2932 1653 2985 auctorem
1667 2944 1754 2985 suum

115 3011 378 3084 l‘itarumPatrum,
394 3017 488 3071 volens
497 3033 543 3070 me
558 3017 711 3086 sublevare,
720 3018 764 3071 vel
774 3022 916 3072 errantem
959 3020 1101 3070 venustate
1116 3015 1246 3069 dictionis
1262 3015 1393 3086 produnt.

115 3103 145 3156 in
161 3104 234 3160 viam
251 3106 394 3160 reducere.
404 3106 555 3161 Contendit
568 3107 698 3174 maxime,
712 3107 949 3179 Hieronymumc
983 3102 1068 3158 ‘Nihil
1083 3103 1199 3158 subsidii
1215 3104 1250 3158 ad
1270 3110 1414 3159 auctorem
1437 3105 1629 3176 indagandum
1647 3123 1664 3161 a
1685 3108 1753 3161 Mss.

114 3192 146 3245 in
160 3194 279 3263 epistola
293 3195 329 3248 ad
344 3195 563 3266 Ctesiphontem,
576 3212 639 3251 cum
655 3197 703 3263 ait,
723 3218 734 3249 ι
751 3197 798 3267 qui
812 3196 915 3251 librum
955 3192 1034 3247 libris
1047 3193 1091 3247 hie
1105 3192 1204 3247 habeo.
1217 3194 1328 3247 Nullius
1335 3194 1410 3248 enim
1420 3195 1466 3249 hic
1477 3210 1580 3250 nomen
1593 3201 1756 3251 constanter

116 3297 228 3352 quoque
242 3283 355 3354 scripsit
364 3285 444 3356 quasi
454 3286 488 3340 de
502 3286 656 3352 Monaehis,
676 3306 687 3338 v
701 3286 915 3356 intelhgendum
957 3283 1120 3352 praefigitur.
1130 3282 1180 3337 Vel
1190 3282 1265 3336 enim
1275 3283 1322 3352 qui
1333 3284 1501 3353 praecedenti
1510 3284 1581 3338 libro
1590 3285 1755 3356 etsequenti

115 3369 152 3422 de
168 3371 298 3441 Evagrio,
311 3374 407 3428 nonde
415 3375 536 3429 Ruffmo.
548 3376 624 3430 Nihil
634 3375 678 3431 hic
688 3376 769 3430 addo.
790 3375 914 3429 ludieio-
957 3372 1107 3442 Evagrium
1121 3377 1170 3426 aut
1185 3371 1397 3426 Postumianum
1412 3372 1577 3440 inscribunt,
1599 3375 1674 3429 hunc
1694 3375 1755 3428 sino

113 3475 164 3513 sus
177 3460 266 3515 lector
279 3466 388 3517 textum
399 3469 510 3518 tantum
520 3465 659 3535 inspiciat,
683 3481 766 3535 quem
783 3465 829 3518 hic
845 3445 915 3518 'ante
956 3460 1137 3531 inscriptione
1151 3460 1275 3515 medium
1288 3460 1409 3515 transire
1421 3461 1589 3532 permittunt
1598 3481 1604 3530 ;
1614 3464 1657 3517 vel
1663 3463 1687 3518 si
1697 3480 1757 3518 eos·

114 3548 189 3615 dedi,
207 3556 237 3605 et
248 3551 374 3621 judicet:
391 3554 512 3623 quusvis
523 3554 628 3624 judicio
648 3571 762 3610 securus
776 3552 865 3608 stabo.
881 3554 916 3608 Et
956 3550 1020 3604 dem
1030 3553 1158 3605 auctores
1168 3549 1252 3604 etiam
1263 3549 1327 3604 huic
1337 3548 1501 3617 inscribunt,
1514 3567 1630 3606 erronee
1638 3551 1753 3617 faciunt,

116 3639 166 3708 qui
179 3639 401 3696 menrineritnon
414 3643 501 3698 semel
512 3660 556 3698 me
564 3643 708 3715 scripsisse
714 3644 915 3714 Ruffmumpo·
957 3644 989 3694 ut
1003 3639 1037 3693 de
1051 3639 1225 3709 praecedente
1240 3638 1311 3693 libro
1322 3640 1383 3709 jam
1398 3639 1489 3694 docui.
1503 3640 1583 3704 Quod
1593 3641 1617 3695 si
1632 3656 1696 3694 eum
1707 3640 1755 3711 qui

114 3727 173 3781 tius
187 3727 372 3801 interpretem
388 3748 471 3802 quam
486 3738 630 3787 auctorem
653 3749 722 3800 esse,
738 3737 867 3787 contorta
881 3731 915 3786 ab
957 3729 1124 3799 praecedenti
1132 3728 1203 3782 libro
1211 3727 1381 3795 inscribitur,
1389 3729 1475 3782 etiam
1484 3729 1568 3798 huius
1576 3735 1604 3784 et
1613 3728 1756 3800 sequentis

114 3817 208 3870 amica
222 3834 310 3873 manu
324 3819 381 3873 tela
395 3820 494 3875 evadet
506 3820 609 3875 omnia.
626 3821 697 3877 Nolo
707 3821 752 3875 hic
764 3820 916 3875 umbonem
956 3817 1021 3871 libri
1035 3823 1176 3872 auctorem
1193 3834 1253 3871 esse
1266 3818 1372 3883 volunt,
1390 3817 1499 3872 nullum
1516 3818 1563 3887 jus
1577 3817 1671 3889 potius
1685 3817 1756 3872 Eva-

115 3922 260 3977 opponere
274 3907 363 3962 amico
374 3907 517 3976 benevolo,
528 3911 571 3964 vel
585 3910 641 3963 tela
648 3909 678 3963 in
688 3909 808 3964 amicum
820 3915 917 3982 pectus
957 3907 1018 3976 grio
1033 3912 1062 3961 et
1075 3906 1265 3972 Postumauio,
1276 3923 1360 3978 quam
1373 3905 1494 3971 Ruffmo,
1503 3923 1568 3961 oum
1578 3912 1607 3960 et
1615 3907 1700 3977 hujus
1708 3921 1757 3960 no·

116 4003 292 4067 retorquere.
308 3997 381 4051 Nam
397 4003 425 4051 et
438 3998 498 4070 ipse
508 3998 620 4053 tandem
637 4016 701 4055 eum
715 4001 810 4054 omnia
821 4017 917 4054 exeus-
959 4011 1024 4049 men
1045 3995 1075 4049 in
1089 3996 1155 4050 Mss.
1171 3995 1338 4066 quibusdem
1352 3994 1521 4067 precedenti
1538 3994 1609 4050 libro
1632 3994 1757 4065 praescri·

117 4085 164 4151 sit,
176 4086 296 4157 Evagrio
310 4104 376 4141 eum
391 4087 494 4142 librum
509 4086 634 4158 abrogat,
657 4093 686 4142 et
698 4088 836 4144 incertum
857 4090 918 4160 ejus
959 4082 1052 4139 batur.

118 4181 264 4229 auctorem
277 4176 385 4231 statuit.
402 4176 508 4242 Quoda
522 4183 615 4232 mente
631 4194 694 4232 mea
705 4194 763 4232 non
774 4177 916 4245 abhorret,
995 4174 1068 4239 Quid
1080 4175 1189 4244 igitur?
1204 4175 1298 4228 nullus
1309 4191 1344 4229 ne
1353 4173 1399 4228 hie
1414 4179 1507 4228 certus
1519 4178 1617 4227 auctor
1628 4173 1757 4244 indagari

118 4278 183 4317 cum
199 4264 345 4319 Rutfinum
355 4265 454 4320 saltem
469 4266 530 4336 ejus
539 4265 723 4338 interpretem
737 4267 915 4322 asseruerim.
960 4263 1081 4334 poterit?
1096 4264 1232 4334 Equidem
1248 4264 1324 4334 [xxx]
1334 4263 1427 4317 evenit
1440 4262 1518 4324 mihi,
1531 4262 1605 4332 quod
1615 4262 1683 4315 olim
1693 4261 1757 4315 divo

118 4352 202 4407 Certe
217 4353 508 4410 Ruflinihicmanunr
523 4357 682 4423 accessisse,
706 4357 754 4428 qui
782 4373 919 4428 perpense
960 4353 1132 4424 Hieronymo
1150 4352 1181 4407 in
1195 4369 1225 4406 re
1249 4369 1305 4406 non
1324 4351 1465 4419 absimili3
1487 4352 1532 4405 cui
1551 4367 1614 4404 cum
1632 4350 1757 4420 praefatio

119 4441 287 4513 Hieronymi
299 4443 376 4499 illam
384 4445 419 4499 ad
427 4443 639 4515 Ctesiphontem
651 4446 797 4517 epistolam
808 4446 917 4516 legerit,
928 4423 1096 4497 Dlibrorum
1111 4442 1166 4512 περὶ
1182 4436 1268 4514 ἀρχῶν
1288 4441 1418 4511 Origenis
1433 4440 1581 4494 offerretur
1595 4438 1672 4493 nullo
1685 4455 1758 4510 prm-

120 4527 253 4585 dubitare
266 4533 448 4604 nonpoterit.
960 4533 1015 4586 fixo
1030 4531 1121 4596 titulo,
1144 4548 1177 4584 cx
1198 4531 1271 4602 stylo
1294 4528 1480 4600 deprehendit
1503 4526 1607 4583 Rultlni
1627 4544 1697 4593 esse,
1727 4530 1759 4581 ut

120 4625 194 4699 §XL
208 4631 453 4686 Auctoremoideri
472 4631 921 4686 Valeriumsistaricensemorchi·
961 4621 1021 4692 ipse
1035 4625 1155 4675 testatur
1171 4619 1251 4691 ellisst·
1274 4618 1317 4684 66,
1343 4619 1379 4672 ad
1401 4617 1531 4672 eumdem
1553 4617 1707 4671 RUfflssuffl·
1729 4615 1758 4671 Sl

420 4704 621 4772 presbyterum·
962 4711 1038 4765 idem
1053 4710 1136 4765 hodie
1151 4708 1230 4776 mihi,
1247 4707 1397 4762 obtusioris
1416 4707 1481 4761 licet
1498 4706 1584 4771 naris,
1609 4705 1760 4775 contigisse

159 4800 252 4870 Atque
267 4800 301 4854 de
316 4800 476 4855 auctoribus
488 4800 565 4856 hisce
576 4802 635 4872 jam
649 4801 689 4855 ita
696 4800 918 4870 disquisiveram,
962 4800 1070 4864 dixero,
1089 4800 1205 4853 fortasse
1219 4813 1275 4851 non
1289 4796 1403 4850 omnino
1418 4812 1557 4850 erravero.
1575 4795 1629 4849 Sed
1646 4794 1761 4865 vestigia

124 4906 258 4944 cumeece
268 4907 300 4943 ex
311 4890 541 4961 Hispaniamittit
549 4891 584 4944 ad
594 4907 638 4943 me
648 4889 830 4944 tractatulum
839 4905 921 4943 suum
962 4890 1047 4958 hujus
1057 4888 1207 4959 indaginis
1221 4889 1297 4941 certa
1307 4885 1384 4950 satis,
1398 4883 1451 4938 nisi
1462 4901 1506 4939 me
1516 4884 1591 4950 fallo,
1604 4900 1678 4939 nune
1688 4883 1760 4938 assi·

124 4978 159 5032 de
172 4979 333 5033 auctoribus
341 4979 469 5034 Vitarum
478 4980 565 5050 [xxix]
578 4980 693 5034 Patrum
704 4979 741 5034 R.
759 4979 789 5032 P.
799 4978 922 5032 Christo·
961 4976 1063 5048 gnabo.

124 5069 231 5137 phorus
242 5069 276 5122 de
287 5070 395 5133 Castro,
407 5085 492 5123 sacrae
503 5069 653 5140 Scriptura
665 5068 695 5122 in
706 5067 920 5122 salmanticensi
1000 5068 1071 5121 Cum
1088 5070 1215 5120 accurate
1228 5063 1312 5134 hujus
1326 5069 1354 5116 et
1368 5063 1550 5134 precedentis
1573 5061 1637 5116 libri
1661 5060 1761 5132 praefa-

125 5157 276 5212 Academia
290 5159 438 5230 professor,
454 5158 483 5212 in
494 5175 549 5229 quo
563 5159 637 5212 inter
647 5157 702 5212 alia
715 5156 810 5211 scribit
821 5156 850 5210 in
864 5157 923 5210 haec
964 5156 1070 5211 tionem
1086 5155 1159 5209 inter
1175 5170 1204 5207 se
1226 5153 1392 5219 conferrem,
1418 5151 1590 5223 deprehendi
1612 5167 1667 5203 non
1695 5149 1762 5221 styli

126 5246 228 5300 verba:
964 5250 1074 5299 tantum
1089 5243 1249 5316 paritatem,
1265 5242 1314 5297 sed
1326 5242 1382 5296 duo
1397 5247 1541 5312 praeterea,
1561 5256 1621 5310 qum
1642 5255 1687 5292 me
1710 5255 1762 5292 au-

164 5356 175 5387 r
193 5336 262 5390 hlihi
277 5337 428 5407 aliquando
440 5336 470 5391 in
483 5341 605 5390 mentem
616 5336 745 5390 veniebat
757 5342 866 5390 essetne
876 5351 924 5389 au·
966 5334 1061 5400 etoris,
1073 5333 1115 5386 vel
1129 5338 1204 5387 certe
1217 5331 1388 5403 interpretis,
1405 5330 1552 5384 certiorem
1567 5328 1702 5382 fecerunt.

125 5424 264 5478 ctorlibri
283 5426 612 5481 Valeriushsturieensis
634 5424 867 5497 archipresbyter,
895 5425 925 5479 in
1006 5422 1188 5487 1.Rufunus,
1213 5421 1376 5494 praefatione
1402 5419 1466 5473 libri
1488 5416 1680 5489 praecedentis,
1705 5416 1763 5469 haec

125 5515 208 5585 cujus
221 5514 327 5586 scripta
341 5531 407 5570 casu
421 5515 516 5581 incidi,
532 5531 595 5569 cum
611 5515 641 5568 in
654 5513 822 5568 bibliotheca
836 5514 924 5569 eccle·
967 5512 1051 5567 habet
1061 5511 1089 5565 in
1100 5511 1372 5566 commendationem
1382 5507 1600 5562 monachorum:
1616 5526 1626 5557 ι
1639 5505 1676 5559 Ut
1685 5501 1764 5557 dubi·

123 5603 175 5661 sire
188 5603 329 5662 Toletauae
343 5604 439 5677 aliqua
448 5604 602 5664 evolverem
612 5602 677 5659 Mes.
693 5602 807 5663 ubividi
816 5602 926 5674 justum
967 5599 1291 5658 tarinondebeateorum
1297 5595 1583 5655 meritisadhuostare
1589 5590 1761 5650 muudum.»
