3818 6120
141 233 210 293 1123
699 229 746 287 DE
758 230 853 288 Vl'l'lS
872 226 1021 288 Persou
1038 229 1145 288 LIBER
1163 230 1240 288 VIII.
1718 231 1783 291 titt

140 375 274 432 angorem
297 363 327 414 et
339 356 482 414 tristitiam
508 356 635 428 fugerem
648 373 681 412 ex
696 358 865 413 monasterio
879 357 1113 429 meiApratertu
1134 355 1340 412 benefaciendi
1355 372 1400 413 me
1416 357 1557 431 occeperis
1569 357 1602 413 in
1615 361 1703 413 tuum
1715 355 1783 412 hos·

139 449 374 514 archimandrita,
390 464 486 502 errans
498 448 611 519 perveni
634 447 670 502 od
692 452 818 503 montem
846 448 934 502 sancti
975 446 1114 519 pitiolum,
1125 453 1155 502 et
1163 451 1278 519 propter
1287 463 1332 502 me
1340 447 1382 502 vis
1391 464 1451 503 esse
1465 448 1568 503 salvus.
1584 447 1724 518 Eulogius
1735 463 1782 501 au-

139 539 263 594 Antonii.
279 537 399 592 Sedebat
410 543 504 591 autem
514 537 610 591 beatus
621 538 935 610 AntoniusinterBaby-
975 541 1033 591 tem
1048 553 1096 591 cor
1109 537 1171 608 ejus
1185 535 1317 602 leniebat,
1331 536 1427 592 dicens
1440 554 1446 590 :
1459 539 1512 604 Ne,
1529 537 1656 604 domine,
1674 552 1712 590 ne
1726 536 1782 591 hac

139 628 231 682 louem
249 626 305 696 (60)
328 631 357 679 et
372 626 535 680 Heracleam
555 626 583 680 in
598 631 677 680 vasta
692 627 852 692 solitudine,
873 643 935 696 qua
976 625 1095 694 dixeris3
1108 625 1157 680 sed
1171 625 1247 679 dicas
1262 641 1384 697 quanam
1400 627 1428 680 in
1448 642 1477 680 re
1492 624 1544 680 tibi
1559 625 1665 680 fuerim
1680 625 1781 679 moles·

136 715 192 770 fert
206 715 241 769 ad
256 731 335 770 mare
346 714 483 780 Rubrum,
494 715 605 769 circiter
612 715 731 785 triginta
743 715 910 770 milliaribus
919 731 938 770 a
976 718 1034 773 tus.
1049 719 1077 768 et
1091 730 1154 768 eam
1166 699 1314 785 corrigam.
1332 715 1447 769 blancus
1459 720 1555 769 autern
1573 713 1693 768 dicebat
1705 730 1782 767 arro·

138 804 380 874 fluvio.Cumergo
390 804 568 858 veuisscmad
580 805 641 875 ejus
650 804 852 859 monasterium
861 804 936 876 quod
976 807 1094 874 gauter:
1111 804 1174 857 Non
1185 803 1244 857 fero
1259 803 1310 857 has
1325 804 1541 867 assentationes;
1552 802 1636 857 aufer
1644 818 1693 856 me
1709 801 1780 868 hinc,

137 898 181 948 est
193 909 279 964 prope
290 893 416 959 fluvium,
429 892 459 947 in
470 909 524 964 quo
530 893 665 947 sedebant
674 894 734 964 ejus
740 893 868 964 discipuli
879 894 936 948 Ma·
977 896 1006 945 et
1020 891 1125 962 projice
1139 891 1169 946 in
1182 892 1252 958 foro,
1264 907 1363 947 recuso
1377 897 1455 948 tuam
1468 892 1656 947 curationem.
1668 890 1783 946 Dicebat

130 981 230 1037 carius
246 986 275 1037 et
289 983 406 1036 Amatae
421 982 450 1036 in
465 999 497 1036 eo
513 983 560 1053 qui
575 982 673 1053 Pisper
692 982 851 1054 appellatur
863 983 933 1048 loco,
976 984 1070 1036 autem
1083 981 1215 1051 Eulogius
1231 1000 1237 1034 ε
1251 981 1329 1052 Rogo
1341 987 1379 1048 te,
1396 981 1542 1052 pateretui
1551 997 1654 1036 curam
1667 980 1742 1051 geri,
1755 985 1781 1035 ct

138 1071 186 1143 qui
202 1088 266 1126 eum
282 1072 368 1126 etiam
384 1087 448 1125 oum
459 1071 619 1125 dormiisset
633 1071 813 1142 sepelierunt,
825 1087 936 1142 exspeo·
977 1069 1021 1124 dic
1035 1071 1059 1123 si
1072 1069 1140 1140 qnid
1152 1070 1190 1124 sit
1202 1069 1254 1123 tibi
1269 1086 1366 1140 grave,
1382 1069 1496 1125 domine
1507 1070 1557 1125 mi.
1571 1070 1725 1125 Mutilatus
1734 1085 1782 1124 au·

136 1162 192 1216 tavi
203 1162 326 1232 quinque
336 1162 406 1227 dies,
415 1167 447 1215 ut
454 1161 630 1216 convenirem
640 1162 933 1220 sauctumilntonium.
976 1163 1033 1212 tem
1051 1159 1141 1229 magis
1154 1159 1295 1224 incensus,
1312 1158 1337 1213 ei
1353 1158 1483 1214 dicebat:
1501 1160 1565 1215 Non
1586 1174 1706 1230 possum
1722 1174 1781 1213 am·

136 1250 289 1306 Dicebatur
302 1256 396 1305 autem
408 1251 540 1305 accedere
550 1250 585 1304 ad
599 1252 869 1318 hocmonastcrium,
882 1251 934 1305 ali·
975 1247 1049 1318 plius
1061 1246 1133 1301 ferre
1148 1253 1226 1302 tuam
1237 1246 1383 1302 subdolam
1391 1253 1420 1303 et
1428 1248 1566 1303 ironicam
1577 1246 1781 1303 adulationem.

137 1340 249 1411 quando
260 1340 372 1411 quidem
379 1344 443 1411 post
451 1339 547 1394 decem
554 1340 624 1406 dies,
637 1340 858 1410 aliquandovero
872 1345 936 1411 post
976 1336 1039 1390 Non
1053 1337 1145 1408 placet
1158 1336 1227 1391 mihi
1242 1337 1299 1391 hec
1316 1336 1370 1390 vita
1380 1353 1465 1407 parca
1479 1343 1508 1392 et
1518 1336 1645 1403 sordida,
1658 1353 1712 1407 ego
1723 1337 1781 1391 rolo

135 1429 244 1498 viginti,
256 1428 405 1499 aliquando
419 1444 484 1482 vero
499 1433 562 1499 post
570 1428 704 1500 quinque,
718 1435 802 1501 prout
810 1429 936 1501 expedie-
975 1425 1048 1480 vesci
1062 1425 1202 1481 carnibus.
1224 1425 1339 1480 Patiens
1353 1430 1450 1480 autem
1476 1426 1612 1496 Eulogius
1628 1441 1732 1480 carnes
1746 1424 1779 1479 ad

135 1517 184 1572 bat
197 1534 247 1589 pro
256 1517 390 1572 beneficio
401 1533 501 1571 eorum
517 1518 564 1587 qui
575 1517 726 1573 veniebant
741 1518 777 1573 ad
792 1523 934 1572 monaste·
976 1531 1040 1569 eum
1055 1514 1158 1568 attulit.
1166 1514 1237 1568 Cum
1247 1530 1295 1568 eas
1304 1518 1399 1569 autem
1409 1514 1527 1569 vidisset
1535 1513 1710 1585 impatiens:
1721 1515 1780 1569 Non

137 1606 221 1661 rium.
232 1606 457 1660 Conveneramus
469 1622 537 1676 ergo
548 1607 651 1661 diversi
666 1607 767 1662 fratres
775 1607 891 1662 diversis
899 1606 935 1661 de
976 1603 1043 1658 satis
1055 1608 1097 1659 est
1105 1603 1186 1669 mihi,
1201 1603 1303 1674 inquit,
1315 1609 1408 1659 mcum
1419 1620 1480 1658 esse
1489 1604 1591 1669 solum,
1606 1603 1710 1658 turbas
1722 1603 1780 1660 volo

136 1696 242 1750 causis:
258 1695 332 1750 inter
343 1711 412 1766 quos
422 1694 476 1750 fuit
491 1696 577 1750 etiam
588 1696 721 1767 Eulogius
732 1696 938 1751 Alexandrinus
948 1690 1103 1752 Bcernere.
1125 1692 1157 1748 Ei
1175 1698 1269 1748 autem
1290 1692 1361 1748 dicit
1375 1693 1508 1764 Eulogius
1523 1711 1530 1746 ε
1557 1693 1617 1764 Ego
1632 1696 1672 1747 ad
1687 1694 1781 1762 tejam

137 1785 300 1851 monachus,
317 1790 420 1838 etcum
440 1801 472 1839 eo
490 1784 561 1839 alius
590 1784 724 1839 membris
744 1802 870 1854 mancus,
887 1784 934 1856 qui
980 1782 1118 1837 adducam
1140 1782 1341 1837 monachorum
1365 1783 1588 1838 multitudinem.
1610 1782 1664 1837 Ille
1690 1788 1781 1836 autem

136 1874 249 1945 quidem
257 1879 375 1946 propter
388 1874 474 1928 talem
488 1890 602 1929 causam
615 1881 801 1930 accesserunt.
979 1888 1078 1927 rursus
1101 1888 1175 1942 aegre
1189 1871 1291 1939 ferens,
1307 1870 1395 1927 dicit:
1409 1871 1458 1926 Vae
1472 1871 1541 1925 mihi
1556 1870 1666 1926 misero
1683 1888 1690 1923 :
1704 1876 1781 1925 tuum

421 1994 540 2050 CAPUT
555 1995 654 2050 XXVI.
981 1967 1126 2032 aspectum
1139 1960 1211 2016 ferre
1221 1977 1278 2015 non
1291 1977 1420 2033 possnm;
1435 1965 1463 2015 et
1472 1966 1504 2016 tu
1513 1961 1549 2015 ad
1560 1976 1607 2014 me
1617 1959 1737 2015 adducis
1743 1960 1781 2014 tui

979 2050 1096 2114 similes,
1108 2051 1156 2121 qui
1170 2067 1234 2106 oum
1249 2050 1306 2105 sint
1320 2050 1415 2117 otiosi,
1427 2049 1591 2105 comedunt.
1605 2049 1643 2103 Et
1649 2049 1781 2104 insolenti

138 2122 175 2177 90
186 2122 301 2190 Eul⁰f²¹⁰
313 2118 369 2192 (61)
383 2121 573 2175 Alm'ldfl'w
586 2126 611 2174 δῖ
629 2136 658 2175 ⁶⁰
671 2123 721 2189 qai
734 2125 793 2175 ‘fal
808 2121 938 2175 ”imm
978 2155 1046 2194 voce
1059 2139 1182 2212 seipsum
1197 2140 1316 2205 lanians,
1332 2138 1545 2196 vociferabatur.
1562 2138 1663 2193 dicens
1679 2156 1686 2191 ε
1703 2138 1780 2206 ΝοΙο,

473 2225 599 2264 mamm·
979 2228 1060 2296 nolo;
1076 2228 1106 2282 in
1116 2229 1209 2284 forum
1223 2228 1323 2284 deduci
1337 2229 1409 2284 volo.
1425 2229 1449 2284 Ο
1465 2228 1614 2283 violentia!
1632 2226 1726 2298 abjice
1738 2244 1781 2282 me

176 2320 267 2383 ns
283 2316 335 2370 Hic
350 2316 483 2387 Eulogius
493 2316 546 2370 fuit
559 2315 769 2387 disciplinarum
779 2315 937 2371 liberalium
977 2316 1026 2371 ubi
1040 2318 1182 2374 invenisti.
1193 2317 1263 2373 Dico
1271 2318 1345 2390 quod
1359 2317 1383 2372 si
1397 2316 1541 2373 habuisset
1553 2330 1670 2383 manus,
1687 2317 1717 2371 in
1726 2317 1781 2371 ani·

135 2405 317 2460 scholasticus
340 2407 446 2473 (Porcii.
463 2421 485 2462 o.
501 2407 513 2457 t
519 2404 545 2471 9,
561 2421 591 2459 n.
608 2404 644 2472 35,
661 2405 708 2476 qui
723 2404 817 2460 divino
841 2421 937 2460 amore
978 2423 1057 2461 mum
1072 2407 1228 2462 induxisset
1247 2407 1291 2462 vel
1309 2423 1339 2462 se
1354 2407 1500 2474 suffocare,
1511 2406 1555 2462 vel
1568 2404 1622 2460 sibi
1638 2422 1710 2461 ense
1722 2421 1780 2460 rna·

135 2495 287 2556 sauciatus,
298 2499 415 2566 propter
425 2494 596 2548 desiderium
607 2493 828 2548 immortalitatis
836 2510 938 2548 rennn·
977 2512 1031 2551 nus
1045 2495 1158 2552 inferre.
1176 2498 1246 2552 Cum
1259 2496 1369 2551 daemon
1379 2496 1419 2551 sic
1433 2513 1497 2551 eum
1512 2496 1672 2563 efferasset,
1686 2500 1780 2567 postea

135 2583 216 2637 tiavit
230 2583 397 2638 tumultibus
410 2601 416 2651 3
427 2588 522 2636 etcum
532 2598 630 2636 omnes
638 2582 884 2653 suasdispersisset
893 2583 936 2638 fa·
977 2601 1007 2640 so
1017 2585 1123 2640 confert
1133 2586 1265 2655 Eulogius
1276 2585 1311 2640 ad
1317 2586 1488 2656 propinquos
1496 2585 1664 2652 monachos,
1674 2589 1704 2640 et
1713 2584 1779 2639 dicit

136 2670 325 2739 cultates,sibi
341 2671 456 2741 reliquit
467 2687 570 2743 paucos
584 2687 859 2736 nummos,cumnon
870 2688 936 2743 pos·
977 2673 1018 2728 eis
1036 2693 1042 2727 :
1059 2674 1132 2738 Quid
1146 2673 1245 2729 faciam
1261 2674 1274 2727 f
1294 2674 1330 2729 ad
1350 2674 1576 2745 desperationem
1591 2691 1639 2729 me
1664 2674 1777 2729 deduxit

136 2766 179 2815 set
195 2760 314 2831 operari.
323 2761 394 2815 Cum
409 2777 476 2831 ergo
486 2777 536 2831 per
546 2776 575 2814 se
586 2765 738 2830 angeretur
752 2761 885 2816 animoet
895 2777 936 2815 es·
976 2763 1133 2818 mutilatus.
1148 2763 1252 2818 Dicunt
1259 2763 1285 2818 ei
1298 2781 1303 2816 :
1315 2761 1503 2827 Quamobrem
1512 2762 1585 2818 fllle
1598 2769 1712 2817 autem:
1724 2761 1776 2829 ue,

137 2854 181 2904 set
187 2849 286 2914 tristis,
304 2855 333 2904 et
346 2865 437 2921 neque
448 2849 533 2904 vellet
545 2866 609 2904 oum
624 2849 687 2903 aliis
696 2850 935 2922 congredi‚neque
975 2851 1076 2924 inquit,
1095 2854 1220 2922 graviter
1233 2851 1333 2914 afficit,
1352 2868 1404 2906 nec
1418 2851 1475 2907 scio
1490 2851 1558 2922 quid
1569 2849 1684 2906 faciam.
1700 2850 1777 2920 abji-

135 2941 169 2991 ut
178 2938 254 2992 solus
268 2942 342 2991 essct
358 2937 426 2991 satis
445 2936 497 2991 sibi
511 2937 705 3008 persuaderet,
719 2937 827 2992 invenit
836 2955 934 3010 quem·
975 2941 1046 2996 ciam
1060 2940 1171 3012 ipsum?
1184 2941 1233 2996 sed
1244 2942 1302 2996 Deo
1315 2940 1379 2996 dedi
1393 2941 1547 3006 dexteram,
1565 2944 1595 2994 et
1604 2940 1704 2994 timeo.
1716 2940 1777 2994 Non

136 3025 201 3080 dam
216 3042 347 3081 mancum
363 3042 395 3081 ac
411 3026 572 3081 mutilatum
592 3026 622 3080 in
634 3026 694 3080 foro
705 3027 870 3097 projectum,
885 3006 966 3098 quiC
976 3029 1125 3101 abjiciam?
1134 3030 1184 3085 sed
1194 3029 1305 3085 medies
1313 3035 1464 3100 noctesque
1478 3029 1553 3085 male
1566 3027 1665 3084 habet.
1678 3028 1776 3083 Nescio

135 3131 187 3169 nec
197 3132 298 3170 manus
316 3114 438 3170 habebat
448 3131 499 3170 nec
513 3115 618 3186 pedes:
637 3116 663 3169 ei
678 3115 768 3170 solum
779 3116 874 3186 lingua
891 3132 934 3170 re·
975 3119 1042 3191 quid
1056 3117 1170 3176 faciam.
1194 3119 1229 3173 Et
1254 3118 1352 3173 dicunt
1368 3118 1409 3172 illi
1429 3117 1556 3172 absolute
1576 3117 1698 3172 :Adhuc
1712 3116 1776 3171 vivit

135 3211 279 3259 manserat
294 3204 407 3275 integra
420 3204 455 3258 ad
475 3204 674 3275 alloquendum
689 3220 738 3259 eos
761 3204 809 3274 qui
830 3204 934 3259 incide·
975 3224 1094 3279 magnus
1104 3208 1151 3262 ille
1163 3207 1213 3275 (sic
1222 3208 1297 3262 enirn
1308 3207 1446 3262 vocabant
1458 3210 1588 3261 sanctum
1596 3205 1774 3277 Antonium),

135 3292 212 3348 bant.
229 3292 362 3364 Eulogius
378 3298 471 3348 autem
480 3298 569 3355 stans,
580 3309 645 3346 eum
659 3291 720 3346 fixis
730 3292 857 3347 intuetur
870 3309 935 3348 ocu·
974 3297 1093 3354 ascende
1102 3296 1138 3351 ad
1147 3296 1419 3367 ipsum,mutiiatum
1428 3295 1576 3368 imponens
1582 3294 1612 3349 in
1620 3295 1774 3364 navigium

134 3382 179 3448 lis,
192 3383 317 3437 etDeum
327 3387 453 3453 rogat,et
462 3399 526 3437 cum
538 3383 596 3437 Deo
606 3382 658 3436 hoc
674 3381 757 3436 modo
772 3381 931 3453 paciscitur,
974 3390 1004 3440 et
1017 3384 1095 3439 defer
1101 3400 1166 3439 eum
1176 3384 1207 3438 in
1217 3385 1429 3451 monasterium,
1439 3389 1468 3439 et
1476 3388 1608 3455 exspecta
1620 3383 1711 3438 donec
1721 3398 1777 3437 ma·

135 3471 379 3539 dicens:Domine,
399 3477 514 3544 proptor
527 3475 721 3525 nomentunm
736 3471 842 3542 accipio
859 3471 933 3526 hune
973 3490 1046 3545 gnus
1057 3475 1189 3529 venerite
1199 3474 1342 3545 spelunca,
1350 3473 1424 3529 etad
1434 3489 1499 3528 eum
1508 3472 1584 3527 refer
1594 3472 1777 3543 judicium,et

135 3561 308 3628 mutilatum,
322 3565 351 3616 ct
372 3577 436 3615 eum
453 3577 497 3615 ma
511 3565 704 3616 recreaturum
718 3576 751 3615 ac
762 3559 932 3615 refecturum
974 3563 1050 3635 quod
1064 3561 1116 3618 tibi
1131 3563 1242 3629 dixerit,
1265 3567 1309 3618 sta
1328 3563 1404 3618 illius
1430 3561 1586 3617 sententia.
1607 3562 1688 3617 Deus
1702 3561 1776 3616 enim

133 3653 257 3724 spondeo
265 3670 353 3724 usque
363 3653 399 3707 ad
413 3653 512 3707 horam
524 3653 623 3707 mortis
637 3654 708 3723 ejus,
717 3658 748 3706 ut
759 3669 810 3724 ego
822 3669 933 3724 quoquc
972 3652 1024 3708 tibi
1039 3652 1179 3724 dioetpcr
1201 3652 1304 3723 ipsum.
1319 3651 1421 3706 Verbis
1434 3666 1531 3706 eorum
1552 3666 1664 3705 morem
1691 3650 1777 3722 gessit

135 3758 185 3813 per
199 3758 264 3796 eum
278 3742 371 3796 salvus
381 3743 455 3795 fiam.
467 3742 581 3812 iargire
594 3758 661 3811 crgo
672 3741 751 3807 mihi,
762 3742 934 3814 Christepa·
974 3742 1117 3812 Eulogius,
1126 3748 1155 3797 et
1164 3742 1294 3796 mutilato
1303 3740 1531 3807 blandiens,cum
1538 3755 1605 3795 eum
1614 3739 1778 3794 immisisset

133 3829 272 3897 tientiam,
284 3836 317 3884 ut
325 3829 350 3883 ei
361 3829 522 3883 inserviam.
537 3830 571 3883 Et
581 3830 617 3883 ad
626 3845 690 3883 eum
702 3829 848 3898 accedens,
866 3830 934 3885 dicit
974 3829 1004 3886 iu
1013 3831 1142 3903 cymbam
1157 3831 1335 3903 pastoralem,
1350 3835 1435 3885 noctu
1448 3845 1580 3900 egressus
1592 3834 1639 3884 est
1651 3843 1686 3884 ex
1696 3827 1774 3895 urbe,

136 3917 162 3973 ei
175 3937 181 3970 :
194 3917 243 3971 Vis
257 3934 308 3988 ego
319 3923 347 3972 te
356 3918 440 3972 domo
450 3916 593 3990 accipiam,
608 3922 638 3972 et
650 3923 811 3973 terecreem
825 3936 858 3974 ac
871 3920 933 3974 reti-
974 3925 1003 3975 et
1009 3920 1074 3975 tulit
1081 3937 1146 3975 eum
1152 3920 1181 3974 in
1191 3919 1394 3975 monasterium
1403 3917 1607 3989 discipulorum
1617 3916 1775 3988 magnian-

135 4006 285 4061 ciamillle
301 4007 327 4061 ei
340 4006 422 4061 dicit:
439 4006 552 4061 Utinam
563 4006 729 4077 dignareris,
746 4008 794 4063 sed
805 4024 856 4079 ego
868 4026 931 4064 sum
973 4009 1053 4064 touii.
1069 4009 1177 4065 Accidit
1189 4013 1285 4063 autem
1294 4013 1328 4063 ut
1337 4007 1393 4062 alio
1405 4007 1451 4062 die
1464 4006 1573 4061 veniret
1582 4021 1706 4077 magnus
1714 4020 1775 4060 sero

133 4095 446 4166 iudignusvadoergo,
463 4096 564 4167 inquit,
581 4101 609 4150 et
622 4096 759 4151 adducam
773 4097 895 4165 asinum,
905 4103 935 4153 et
973 4114 1098 4170 vespere,
1113 4104 1146 4153 ut
1158 4097 1283 4152 narravit
1294 4095 1423 4161 Cronius,
1431 4095 1551 4151 amictus
1560 4095 1713 4166 chlamyde
1720 4093 1776 4166 pel·

134 4190 164 4240 te
177 4185 242 4240 hinc
257 4185 393 4239 auferam.
411 4185 482 4239 Cum
496 4201 598 4256 magno
608 4190 703 4240 autem
717 4186 820 4257 gaudio
834 4192 877 4241 est
890 4204 934 4242 as·
973 4187 1207 4258 licoalngressus
1217 4192 1260 4242 est
1274 4202 1341 4258 ergo
1351 4185 1381 4239 in
1390 4200 1473 4240 suum
1488 4183 1776 4244 monasteriumerat

135 4289 234 4329 seusus
249 4274 273 4328 is
296 4274 345 4345 qui
359 4280 421 4328 erat
435 4274 591 4329 mutilatus.
609 4275 680 4329 Eum
694 4291 761 4345 ergo
776 4276 891 4330 sustulit
904 4281 934 4330 et
974 4280 1069 4330 autem
1081 4276 1140 4330 haec
1155 4277 1216 4346 ejus
1229 4274 1413 4339 consuetudo,
1425 4279 1460 4327 ut
1472 4272 1668 4343 alloqueretur
1680 4272 1774 4326 Maca·

133 4363 256 4434 portavit
270 4363 391 4417 insnum
405 4363 595 4434 hospitiolum,
608 4364 725 4434 ejusque
735 4379 832 4418 curam
845 4365 1167 4435 gessitDrium,eteum
1178 4364 1367 4434 interrogaret
1378 4378 1384 4417 :
1396 4362 1495 4416 Frater
1505 4361 1773 4428 Macari,venerunt·

134 4453 165 4506 in
174 4451 304 4515 omnibus
317 4451 419 4523 quibus
428 4451 612 4523 opushabuit.
621 4452 768 4523 Perpetuis
776 4468 843 4524 ergo
851 4453 932 4524 quin·
972 4469 1008 4509 nc
1020 4454 1075 4508 huc
1090 4453 1199 4524 aliqui?
1220 4450 1417 4523 Respondebat
1431 4450 1571 4505 Macarius
1587 4464 1594 4501 τ
1615 4449 1771 4504 Venerunt.

133 4540 224 4596 decim
246 4541 338 4605 annis,
367 4541 390 4595 is
405 4540 528 4612 quierat
544 4539 884 4596 mutilatusbenevoleab
899 4559 932 4598 eo
972 4541 1088 4597 Dicebat
1096 4548 1191 4597 autem
1199 4557 1319 4612 magnns
1337 4540 1463 4595 :Suntne
1473 4536 1609 4609 AEgyptri,
1622 4537 1773 4592 anleroso-

134 4630 286 4686 curabatur
297 4635 433 4700 tauquam
449 4634 578 4700 pater,ut
591 4628 638 4701 qui
651 4629 931 4702 lavaretur,ungere·
972 4630 1241 4703 lymitaniiDederat
1251 4634 1346 4684 autern
1357 4644 1476 4699 magnus
1486 4627 1511 4681 ei
1521 4626 1647 4697 signum,
1659 4626 1771 4680 dicens:

133 4724 190 4784 tur,
207 4718 359 4782 foveretur,
382 4724 410 4773 et
436 4723 597 4790 portaretur
619 4717 750 4774 manibus
769 4719 887 4789 Eulogii,
904 4724 934 4774 et
974 4713 1771 4788 Cumviderisvenissealiquosquibusestminusuegotii,

134 4824 218 4880 supra
230 4826 310 4864 suam
323 4808 489 4879 dignitatem
503 4807 615 4878 quidem
626 4807 823 4872 custodiretur,
835 4807 932 4864 morbo
973 4808 1018 4863 dic
1030 4826 1035 4861 :
1049 4807 1160 4862 Adsunt
1170 4806 1303 4878 AEgyptii.
1316 4804 1433 4869 Quando
1443 4808 1538 4859 autem
1550 4802 1654 4857 videris
1667 4801 1773 4857 veniae

135 4901 229 4950 autem
243 4896 441 4953 convenienter
454 4898 625 4952 reficeretur.
635 4896 702 4951 Post
711 4896 871 4967 quindecim
882 4913 933 4952 au·
974 4897 1083 4968 aliquos
1093 4895 1281 4967 religiosiores
1296 4900 1324 4949 et
1335 4894 1418 4965 paulo
1441 4891 1687 4958 consideratiores,
1706 4890 1750 4944 dic
1764 4905 1771 4943 ε

131 4989 192 5039 tem
206 5001 296 5040 annos
308 4986 411 5042 invasit
425 4986 534 5041 damon
549 5001 614 5040 eum
636 4985 683 5056 qui
699 4991 760 5040 erat
776 4986 931 5054 mutilatus,
975 4986 1047 5041 Sunt
1055 4981 1772 5057 lerosolymitani.Rogabatergomagnuspromore,

133 5073 228 5127 volens
242 5074 351 5144 privare
371 5076 518 5146 Eulogium
544 5074 676 5129 mandato
692 5079 720 5129 et
735 5075 888 5146 proposito,
905 5080 935 5130 et
973 5075 1068 5129 dicens
1078 5073 1158 5128 fratri
1168 5072 1308 5128 Macerio:
1321 5069 1521 5141 SuntAEgyptii
1530 5069 1643 5135 boues,
1655 5068 1773 5123 aufero·

133 5161 295 5218 mutilatum
312 5179 328 5216 a
355 5163 515 5230 refectione,
533 5169 561 5218 et
575 5162 625 5218 Dei
639 5163 796 5234 gratiarum
811 5163 930 5231 actione,
973 5162 1157 5234 solymitani?
1171 5160 1334 5233 Respondet
1346 5159 1495 5224 Macarius,
1506 5157 1602 5213 dicens
1619 5176 1626 5211 :
1643 5157 1694 5212 Est
1701 5156 1772 5211 mix·

133 5250 356 5322 seditionemque
371 5252 471 5307 excitat
486 5253 515 5306 in
530 5252 677 5323 Eulogium
688 5271 694 5318 ;
707 5252 859 5324 multisque
867 5268 931 5307 eum
971 5257 1046 5307 tura.
1056 5250 1174 5316 Quando
1189 5266 1255 5320 ergo
1267 5247 1378 5304 dicebat
1386 5246 1624 5303 MacariusiSunt
1633 5244 1771 5316 AEgypdt,

132 5340 243 5414 probris
257 5340 344 5412 coepit
354 5340 472 5411 insequi,
481 5340 551 5395 adeo
562 5345 594 5396 ut
607 5358 672 5396 euru
687 5341 771 5395 etiam
786 5346 932 5413 appeteret
973 5339 1082 5396 dicebat
1097 5339 1122 5394 ei
1137 5354 1272 5410 magnus:
1285 5339 1356 5393 Para
1369 5336 1408 5392 eis
1423 5336 1537 5393 lentem.
1553 5341 1582 5390 et
1595 5334 1634 5388 da
1649 5330 1771 5405 eisqnod

132 5430 301 5498 maledictis,
317 5429 412 5484 dicens
426 5428 570 5500 deinceps:
587 5429 640 5484 Abi
654 5431 729 5497 hinc,
745 5430 879 5485 scelerate
890 5431 932 5485 fu·
973 5428 1130 5484 comedant.
1141 5429 1175 5483 Et
1188 5426 1308 5482 faciebat
1322 5425 1455 5481 eisunam
1467 5423 1772 5489 orationemmoet

131 5519 218 5591 gitive
229 5518 296 5590 (62).
310 5519 469 5576 suffuratus
484 5533 513 5572 es
527 5518 633 5573 alienas
648 5519 791 5591 pecunias,
803 5524 832 5575 et
845 5520 933 5575 domi·
972 5515 1418 5581 dimittebateos.Quandoautem
1425 5510 1771 5581 dicebattsuntlerosoly·

134 5623 204 5667 num
227 5608 354 5683 spoliasti
365 5626 373 5680 3
397 5611 427 5666 at
440 5623 503 5664 meo
517 5611 655 5684 pretextu
667 5607 709 5667 vis
722 5608 820 5680 latere,
836 5613 869 5667 ut
883 5607 933 5685 qui
972 5607 1084 5676 mitani,
1098 5604 1214 5664 sedebat
1223 5621 1274 5680 per
1287 5608 1378 5663 totam
1387 5607 1511 5677 noctem,
1523 5605 1554 5658 et
1565 5600 1609 5659 eis
1617 5599 1729 5660 dicebat
1737 5612 1770 5662 ta
