3832 6120
130 221 180 280 521
332 219 420 277 VITA
436 214 657 274 SANOTORUM
674 213 845 272 sennenn
866 214 1035 273 EREMITAE
1053 218 1098 273 ΕΤ
1116 219 1301 275 JOSAPHAT
1320 219 1436 276 lNDlAE
1455 220 1572 278 anais.
1717 225 1774 291 522

134 348 243 404 tissime
263 345 405 402 desiderio
419 360 451 400 ac
465 349 703 417 purgatopeotore
716 349 787 410 orat,
800 347 884 415 atque
899 343 967 404 abA
976 343 1070 414 sieque
1082 344 1234 399 Dominum
1247 361 1328 399 suum
1343 345 1462 413 invocat,
1485 346 1646 419 sceleraque
1669 365 1720 404 sua
1741 352 1772 406 in

131 437 264 495 omnihus
278 436 362 491 rebus·
377 453 412 490 ex
427 435 548 489 materia
561 435 697 489 concretis
714 440 742 488 et
755 433 876 488 terrenis
884 433 933 488 ab·
976 434 1140 488 memoriam
1153 445 1273 499 revocat,
1290 451 1322 487 ac
1345 436 1379 488 de
1402 452 1499 490 trorum
1521 437 1685 493 remissione
1709 457 1773 495 eum

132 528 219 583 ducta
228 532 332 593 mente,
343 531 479 596 tanquam
489 523 735 589 coramDeoastat,
746 528 934 578 accommetn
975 521 1032 576 Deo
1047 523 1225 594 colloquitur,
1237 523 1488 596 calentissimisque
1503 526 1632 599 lacrymis
1647 546 1712 583 eum
1728 529 1775 583 ob-

132 622 162 672 et
175 623 302 671 tremore
314 632 410 688 preces
424 615 532 669 adeum
540 612 663 675 adhibet,
676 613 721 667 hic
731 613 935 666 nimirumcum
976 618 1076 676 secret,
1093 617 1125 665 ut
1136 629 1185 682 pro
1201 629 1253 666 sua
1263 611 1435 682 benignitate
1451 616 1605 686 propitium
1619 634 1652 672 ac
1663 619 1775 673 facilem

132 723 167 762 eo
181 705 415 761 consuetudinem
428 702 523 768 habet,
538 702 663 772 facieque
674 702 709 755 ad
720 702 818 756 faeiem
828 718 891 756 cum
903 718 935 756 eo
976 717 1006 754 se
1022 701 1074 772 ipsi
1089 701 1220 771 praebeat,
1234 718 1265 753 cx
1278 702 1439 771 hujusmodi
1449 721 1611 760 sermonum
1626 712 1655 761 et
1671 709 1775 778 cogita·

131 795 313 867 colloquitur.
975 788 1084 843 tionum
1096 806 1149 844 usu
1157 797 1185 843 ct
1197 791 1398 844 consuetudine
1409 792 1461 845 hoc
1471 796 1661 865 consequitur,
1674 803 1706 850 ut
1714 814 1774 850 om-

169 884 316 955 Siquidem
330 881 420 936 bonus
430 888 526 935 noster
541 881 617 935 Deus
631 896 663 933 ac
682 878 818 933 Dominus
831 878 936 949 ubique
977 895 1042 932 nem
1058 879 1174 948 hujusce
1185 879 1348 932 ritaeeuram
1360 880 1489 950 deponat,
1500 889 1583 953 atque
1595 885 1727 940 humanis
1737 885 1776 940 al·

131 973 225 1035 adest,
233 989 282 1026 eos
292 971 340 1043 qui
350 971 458 1025 sincero
469 986 501 1023 ac
509 969 679 1040 puroanimo
688 968 936 1039 ipsumpreeantur
977 965 1143 1021 lectionibus
1155 968 1283 1037 superior
1294 967 1404 1027 existat.
1416 969 1573 1041 dignusque
1580 972 1717 1028 habeatur
1727 975 1775 1045 qui

132 1061 298 1125 exaudiens,
311 1059 549 1131 quemadmodum
558 1057 599 1112 ait
612 1056 770 1127 Propheta:
788 1056 867 1111 Oculi
884 1057 936 1109 Do·
977 1059 1027 1113 Dei
1043 1078 1177 1129 congerro
1189 1062 1355 1131 appelletur.
1369 1062 1502 1132 Qudquid
1514 1063 1774 1121 beatinsautsubli-

132 1151 208 1206 mini
220 1167 307 1222 super
316 1151 418 1221 justos,
436 1154 463 1202 et
482 1164 565 1202 aures
583 1148 645 1217 ejus
667 1145 696 1200 in
721 1162 817 1216 preces
839 1161 936 1199 eorum
977 1148 1050 1202 mins
1062 1149 1224 1219 contingere
1235 1150 1340 1219 possit?
1351 1150 1464 1203 Utinam
1476 1151 1570 1222 itaque
1580 1155 1630 1207 Dei
1641 1154 1775 1211 beneficio

132 1242 342 1306 (Psel.xxx111t.
359 1238 420 1303 Quo
433 1238 466 1291 fit
477 1242 510 1292 ut
523 1237 622 1290 Patres
645 1234 767 1288 hominis
791 1251 855 1288 cum
877 1234 935 1288 Deo
976 1236 1157 1292 beatitudinis
1171 1239 1287 1308 hujusce
1297 1256 1410 1310 compos
1425 1240 1494 1293 tias!

132 1327 364 1400 conjunctionem
372 1327 527 1380 orationem
536 1342 597 1379 esse
607 1324 752 1385 definiant,
762 1340 880 1393 eamque
888 1340 937 1377 aa·
1013 1326 1082 1380 Ecce
1097 1326 1172 1380 enim
1184 1327 1499 1382 mandatotumDomini
1510 1329 1583 1383 tiam
1594 1329 1644 1383 tibi
1660 1330 1776 1385 demon·

131 1417 341 1489 gelorumopus
352 1415 494 1471 acsuturae
504 1412 933 1484 laetitiaepraeludiumappellent.
977 1415 1071 1479 strati,
1089 1432 1143 1468 nec
1157 1416 1309 1486 quidquam
1318 1415 1451 1481 subtraxi,
1470 1418 1620 1488 quominus
1635 1421 1775 1475 omneDei

134 1506 284 1579 Siquidem
290 1506 320 1560 in
326 1506 379 1559 hoc
386 1505 570 1576 potiusquam
580 1503 610 1556 in
617 1502 681 1557 ullis
692 1501 753 1555 aliis
760 1501 842 1555 rebus
850 1501 936 1554 situm
977 1503 1124 1557 consilium
1136 1503 1185 1557 tibi
1199 1506 1408 1559 annuntiarem.
1422 1507 1461 1559 hc
1469 1508 1529 1575 jam
1541 1508 1652 1577 quidem
1663 1525 1715 1578 ego
1725 1508 1777 1563 mi-

134 1613 197 1651 osse
211 1596 347 1650 coelorum
362 1610 482 1664 regnum
492 1598 616 1655 censent,
632 1596 665 1645 ut
677 1591 739 1661 quis
760 1590 936 1643 adstructam
977 1591 1124 1646 nistcrium
1136 1610 1230 1647 meum
1242 1593 1347 1648 absolvi
1360 1597 1426 1662 (let.
1442 1597 1497 1661 xx).
1512 1597 1653 1666 Superest,
1670 1604 1702 1651 ut
1711 1614 1775 1651 suc-

133 1684 305 1741 'lh'initatem
328 1683 543 1755 appropinquet,
568 1682 685 1750 eamque
709 1679 933 1749 comtempletur.
948 1675 1076 1734 Bcinctis
1086 1681 1189 1736 lumbis
1204 1682 1306 1736 mentis
1321 1689 1386 1748 tute,
1396 1683 1484 1737 instar
1494 1685 1583 1738 sancti
1599 1685 1673 1739 illius
1688 1686 1775 1756 quite

134 1775 228 1839 Quam
237 1773 351 1845 quidem
361 1771 397 1826 ad
411 1788 471 1825 rem
480 1786 542 1824 cum
550 1769 682 1841 precandi
695 1768 846 1822 assiduitas
856 1784 936 1822 men·
977 1770 1093 1836 vocarit,
1105 1771 1164 1841 ipse
1177 1788 1288 1841 quoque
1299 1772 1328 1825 in
1339 1773 1415 1826 omni
1431 1773 1492 1827 vitre
1501 1779 1555 1826 tuae
1576 1774 1685 1828 ratione
1708 1791 1774 1828 san·

134 1869 193 1918 tem
210 1861 483 1921 relutrnenuducat.
499 1876 554 1914 non
570 1858 620 1912 abs
630 1875 660 1912 re
668 1857 850 1911 beatitudinis
861 1856 936 1911 illius
977 1865 1053 1913 ctum
1068 1867 1096 1913 te
1107 1858 1240 1930 praebens.
1258 1861 1351 1914 Sancti
1367 1861 1442 1914 enirn
1454 1867 1552 1923 estote,
1575 1863 1708 1933 quoniam
1723 1880 1775 1933 ego

134 1952 303 2025 praeludium
319 1967 352 2004 ae
368 1950 442 2004 velut
457 1948 562 2019 elligies
577 1948 705 2018 quaedam
720 1946 860 2017 appellata
874 1952 929 2003 est.
975 1954 1088 2003 sanctus
1100 1967 1173 2015 sum,
1187 1948 1397 2003 dicitDontinus
1410 1951 1500 2007 ttctu't.
1512 1951 1680 2022 irritatque
1692 1951 1777 2005 etiam

136 2044 228 2108 τεο
238 2040 344 2094 Verum
354 2055 412 2093 non
421 2037 513 2092 omnis
523 2037 612 2091 oratio
623 2035 761 2107 ejusmodi
776 2041 818 2089 est
829 2054 835 2102 3
847 2035 935 2088 scdea
976 2039 1166 2108 apostolorum
1180 2038 1310 2108 princeps
1325 2038 1446 2091 adhunc
1461 2039 1575 2092 modum
1590 2038 1729 2109 loquitur:
1747 2040 1776 2095 Si

138 2129 251 2184 demum
261 2129 314 2182 hoe
323 2127 437 2182 nornine
446 2126 633 2197 nuncupanda
645 2132 697 2191 est,
708 2141 768 2194 quae
780 2125 878 2179 Deum.
887 2123 935 2195 qui
976 2127 1089 2181 Patrem
1103 2126 1237 2180 invocatis
1252 2144 1317 2180 cum
1330 2127 1378 2196 qui
1399 2127 1459 2180 sine
1475 2145 1659 2198 personarum
1676 2146 1774 2200 aecep-

113 2239 119 2249 ·
140 2217 274 2272 oratioms
289 2215 437 2271 materiam
460 2215 629 2286 suppeditat,
650 2214 818 2284 magistrum
840 2213 934 2281 habet,
976 2215 1212 2270 tionesecunduai
1223 2217 1358 2286 cujusque
1371 2232 1440 2286 epus
1445 2216 1562 2285 judicat,
1577 2217 1606 2270 in
1619 2217 1720 2271 timore
1735 2217 1779 2271 in-

142 2323 258 2379 qnaeque
272 2321 358 2378 supra
372 2310 486 2358 terrena
498 2303 593 2357 omnia
607 2303 738 2373 assurgit,
765 2308 849 2372 atque
872 2319 937 2356 cum
978 2307 1084 2360 celatus
1100 2306 1184 2359 vestri
1197 2311 1323 2376 tempore
1338 2305 1550 2371 conversamini,
1572 2306 1690 2360 scientes
1706 2324 1776 2376 quo·

143 2395 258 2451 Domino
272 2393 524 2449 Christosineulla
538 2392 706 2446 intermedia
720 2398 900 2446 reversatur.
979 2395 1056 2450 niam
1072 2411 1127 2448 uon
1140 2394 1367 2465 corruptibilibus
1383 2411 1452 2447 atrro
1476 2400 1505 2448 et
1526 2401 1642 2464 argento
1667 2395 1778 2449 liberati

177 2485 255 2538 Hane
269 2484 353 2538 velim
363 2482 414 2536 tibi
424 2483 563 2553 acquiras,
579 2486 663 2553 atque
673 2481 701 2534 in
712 2498 745 2534 ea
755 2481 867 2551 provehi
876 2497 940 2534 con·
979 2485 1047 2537 estis
1053 2483 1088 2537 de
1099 2500 1169 2537 rana
1177 2489 1269 2537 restra
1279 2483 1489 2536 conversatione
1500 2489 1682 2553 paternarum
1692 2483 1778 2539 tradi-

147 2574 250 2629 tendos.
262 2573 372 2628 Etenim
383 2571 443 2643 ipsa
452 2572 524 2626 hanc
534 2571 588 2625 vim
600 2569 692 2631 habet,
703 2575 735 2624 ut
744 2576 772 2624 te
788 2586 805 2623 a
820 2576 897 2623 terra
911 2569 939 2623 in
979 2573 1099 2637 tionum,
1108 2572 1156 2625 sed
1166 2572 1288 2642 pretioso
1299 2573 1435 2641 sanguine
1446 2588 1526 2641 quast
1536 2572 1602 2643 agni
1614 2573 1779 2626 incontami-

150 2663 225 2717 eoelos
238 2660 392 2716 subrahere
407 2661 503 2732 possit.
526 2661 665 2715 Caeterum
690 2676 745 2713 non
765 2667 882 2725 temere,
908 2675 940 2712 ao
981 2661 1330 2716 natietimmaculatilesu
1343 2661 1446 2714 Christi
1464 2662 1486 2728 tl
1499 2664 1554 2715 Pet.
1571 2666 1599 2727 r).

152 2751 204 2804 sine
213 2750 270 2804 ulla
278 2749 483 2821 preparatione
497 2749 527 2802 in
537 2749 598 2820 ipsa
608 2765 772 2819 progressus
787 2748 880 2815 lacics3
892 2765 940 2801 re·
1017 2751 1083 2804 llaec
1097 2749 1184 2819 igitur
1195 2751 1290 2803 omnia
1298 2750 1326 2802 in
1337 2755 1429 2802 mente
1437 2749 1548 2803 condita
1557 2750 1618 2804 sine
1629 2750 1780 2805 ullainter-

154 2855 209 2893 rom
218 2838 390 2905 itademum,
401 2839 425 2891 si
437 2836 688 2892 animamtuamab
698 2836 828 2891 omnibus
836 2836 940 2891 ritiosis
981 2838 1116 2893 missione
1127 2839 1283 2902 recordare,
1296 2838 1345 2892 Dei
1361 2846 1469 2892 metum
1480 2845 1508 2892 et
1516 2839 1781 2911 horrendumipsius

157 2927 337 2982 adechonibus
352 2927 432 2998 prius
447 2927 616 2998 repurgaris,
633 2942 752 2996 eamque
764 2925 941 2980 abomniim-
981 2927 1115 2993 tribunal,
1132 2933 1159 2980 ot
1182 2927 1360 2997 splendorem
1375 2944 1439 2981 eum
1456 2944 1538 2998 quem
1555 2928 1624 2998 justi
1642 2928 1670 2981 in
1685 2929 1781 2984 futuro

158 3016 233 3087 proba
241 3016 409 3087 cogitatione
421 3014 642 3085 detersam,pnri
651 3015 796 3084 cujusdam
804 3032 836 3069 ac
845 3019 970 3079 recense
981 3034 1037 3071 aero
1048 3018 1188 3087 accepturi
1203 3021 1278 3082 sunt,
1288 3032 1320 3070 ac
1331 3022 1427 3069 contra
1438 3021 1615 3087 peccatorum
1627 3017 1656 3070 in
1666 3017 1781 3071 teterri-

158 3104 262 3160 abstetsi
275 3105 381 3176 speculi
397 3104 486 3158 instar
499 3104 633 3169 elleceriS,
649 3103 718 3158 etab
733 3104 809 3157 omni
824 3103 940 3173 injuria·
980 3104 1166 3159 inistenebris
1178 3121 1342 3171 nroerorem3
1356 3105 1537 3175 praesentium
1547 3105 1616 3158 item
1626 3105 1781 3158 rerumim·

160 3209 213 3248 roni
225 3193 416 3248 recordatione
430 3200 513 3263 atque
527 3194 571 3247 ira
582 3194 653 3263 (quae
668 3192 768 3263 majori
779 3209 863 3262 quam
878 3193 941 3246 reli·
980 3194 1160 3248 bacillitatem
1170 3199 1198 3247 et
1208 3195 1369 3259 vanitatem,
1381 3211 1413 3246 ac
1423 3194 1581 3247 futurorum
1595 3193 1782 3247 {eternitatem

162 3284 309 3354 quaomnia
322 3281 525 3354 impedimento
542 3288 585 3336 est
599 3299 653 3353 quo
664 3282 758 3335 minus
773 3298 868 3351 preces
889 3298 940 3335 no·
981 3301 1092 3353 semper
1107 3282 1141 3336 ob
1157 3283 1250 3336 oculos
1266 3281 1389 3336 habens:
1405 3283 1529 3352 illudque
1539 3289 1684 3353 praeterea,
1706 3282 1780 3353 quod

153 3360 216 3427 'stre
227 3373 259 3427 ad
270 3371 500 3428 Deumsublimes
508 3371 646 3437 terantur)
658 3370 779 3441 teipsum
788 3370 884 3440 procul
900 3386 941 3423 rc·
981 3372 1072 3426 erinnis
1085 3388 1150 3425 caro
1164 3371 1221 3425 leni
1239 3372 1327 3425 instar
1342 3378 1393 3436 est,
1406 3377 1434 3424 et
1448 3372 1539 3425 omnis
1551 3372 1641 3442 gloria
1652 3373 1712 3442 ejus
1720 3377 1782 3426 taa-

166 3462 274 3529 noreris,
290 3461 454 3532 cunctisque
467 3461 514 3531 qui
527 3466 555 3515 te
566 3459 698 3524 laeserint,
711 3459 893 3512 ollensionem
909 3475 941 3511 cx
983 3477 1066 3530 quatu
1087 3462 1137 3513 llos
1148 3459 1213 3512 leni.
1228 3460 1401 3513 Exsiccatum
1417 3464 1459 3512 est
1473 3458 1578 3526 lenum,
1604 3466 1632 3514 et
1648 3461 1698 3513 llos
1720 3460 1781 3530 ejus

167 3548 242 3604 aino
251 3549 491 3620 remiseris,atque
497 3565 548 3619 per
556 3549 942 3618 eleemosynasetpauperum
983 3548 1095 3602 decidit.
1111 3547 1336 3601 Verbumautem
1353 3546 1464 3601 Danuui
1481 3555 1576 3602 manet
1598 3548 1628 3601 in
1643 3535 1780 3602 aeternum

168 3636 349 3705 memnones,
358 3637 670 3708 orationivelutpcnnas
679 3636 814 3706 quasdam
821 3636 941 3700 additae,
986 3640 1047 3708 (Iso.
1065 3636 1119 3707 xc).
1136 3637 1201 3690 Haec
1215 3653 1326 3707 semper
1339 3636 1476 3690 meditare
1489 3638 1511 3705 (I
1528 3639 1595 3690 Tim.
1613 3641 1650 3706 tv)
1663 3656 1670 3703 3
1685 3643 1714 3690 ct
1727 3653 1781 3707 pax

170 3724 944 3796 estulieoeumcalentibuslaerymisobtulerishdhunc
984 3726 1035 3781 liei
1049 3732 1140 3780 tecum
1153 3726 1193 3779 sit
1209 3727 1321 3794 (Philip.
1335 3728 1384 3793 tr),
1399 3742 1460 3794 qute
1480 3730 1508 3778 te
1522 3725 1672 3790 illuminet,
1689 3730 1718 3779 et
1735 3742 1783 3778 sa-

170 3815 252 3888 quippe
261 3817 376 3871 modum
386 3833 479 3880 orans,
495 3815 596 3868 iisdem
606 3814 696 3867 verbis
707 3815 748 3867 uti
758 3815 872 3885 poteris
884 3812 945 3885 qui·
985 3815 1092 3887 pientia
1102 3815 1231 3881 instruat,
1240 3820 1268 3868 et
1279 3814 1313 3867 ad
1323 3813 1422 3869 salutis
1430 3813 1605 3876 riarnducat,
1614 3813 1783 3885 improbam·

171 3900 307 3961 husbeatus
317 3905 365 3959 ille
380 3904 477 3968 David,
496 3903 543 3974 qui
559 3909 687 3969 rexerat,
700 3921 733 3957 ac
748 3903 886 3957 sexcentis
899 3921 944 3956 cu·
985 3921 1039 3975 que
1052 3904 1224 3957 uoluntatem
1239 3902 1334 3974 procul
1348 3918 1366 3958 a
1380 3907 1430 3957 tua
1442 3909 1535 3956 mente
1549 3902 1680 3973 depellat,
1698 3907 1783 3974 atque

171 3991 200 4045 ris
211 3993 420 4059 distrahebatur,
443 3993 585 4063 nihiloque
600 3993 690 4047 secius
709 3997 805 4046 tamen
820 3993 944 4045 aniatam
985 3993 1108 4047 animam
1123 3999 1201 4046 tuam
1213 3991 1302 4045 crucis
1313 3992 1392 4061 signe
1403 3991 1556 4062 imprimat,
1574 4007 1609 4045 ne
1621 3992 1711 4045 ullum
1717 4009 1784 4063 per·

171 4083 363 4138 mmavttiosis
372 4082 565 4136 allectionibus
573 4086 800 4153 perpurgaverat,
810 4082 845 4133 ad
855 4081 944 4134 Deum
985 4083 1056 4136 versi
1071 4082 1188 4152 spiritns
1203 4081 1365 4134 scandalum
1379 4079 1413 4133 ad
1426 4084 1453 4133 te
1464 4081 1578 4151 propius
1598 4081 1721 4145 accedat,
1740 4098 1786 4134 re·

171 4170 289 4239 nubatur,
301 4173 397 4226 dicens
410 4195 416 4226 ε
431 4171 684 4242 Iniquitatemodio
695 4170 790 4235 habui,
803 4168 944 4223 etabomi-
983 4188 1048 4225 rum
1063 4170 1155 4223 divino
1172 4169 1305 4222 beneticio
1319 4169 1348 4221 ia
1365 4169 1441 4221 omni
1464 4167 1597 4221 virtutum
1615 4169 1785 4239 perfectione

171 4264 234 4316 mltis
247 4279 319 4328 sum,
335 4262 426 4332 legem
442 4260 725 4315 autemtuamdilexi.
739 4259 847 4330 Septies
861 4259 889 4312 in
899 4259 944 4312 die
985 4260 1110 4313 futurum
1125 4258 1193 4310 illud
1210 4274 1242 4310 ac
1251 4256 1313 4309 linis
1325 4261 1353 4310 et
1363 4255 1649 4325 successionisexpers
1665 4272 1784 4323 regnum

170 4345 260 4406 laudern
269 4349 394 4417 dixitibi,
408 4367 492 4421 super
503 4349 732 4421 judieiajustitite
742 4355 807 4402 tuse.
819 4347 946 4401 Custodi·
986 4346 1160 4417 adipiscaris
1176 4362 1209 4399 ae
1218 4344 1304 4397 beatae
1315 4349 1344 4397 et
1353 4343 1414 4396 titre
1424 4342 1535 4396 initium
1546 4341 1786 4396 allerentisTrini-

87 4486 89 4497 .
169 4437 365 4495 titanimemea
374 4439 536 4493 testimonia
544 4444 603 4504 tua,
616 4443 644 4493 et
655 4438 792 4492 dilexitea
801 4436 946 4491 vehemen—
987 4437 1062 4502 tatis,
1081 4452 1142 4506 quoe
1156 4434 1184 4487 in
1194 4434 1277 4486 Patre
1290 4439 1318 4486 et
1330 4433 1400 4486 Filio
1413 4439 1441 4486 et
1455 4431 1561 4502 Spiritu
1571 4437 1667 4485 sancto
1681 4430 1785 4501 glorisi-

166 4530 206 4583 ter.
220 4530 433 4602 hppropinquet
439 4527 599 4599 deprecatio
610 4545 673 4581 mea
682 4527 711 4580 in
722 4531 872 4597 conspectu
886 4531 943 4592 tuo,
987 4532 1076 4591 catur,
1088 4523 1194 4578 luntine
1204 4522 1384 4576 collustreris.

163 4613 268 4674 Domine
278 4637 286 4686 ς
297 4619 381 4689 juxta
393 4617 538 4688 cloquium
548 4622 629 4671 tuum
643 4617 679 4669 da
692 4616 760 4669 mihi
775 4615 947 4669 intellectum
1026 4614 1093 4667 Car.
1107 4613 1181 4666 XXI.
1192 4643 1224 4652 -
1237 4609 1627 4681 Cunthujusmodidoctrinis,
1638 4609 1674 4662 ad
1693 4625 1786 4663 mores

161 4704 231 4774 (Psal.
247 4712 356 4776 cxttttt).
988 4702 1181 4757 informandos
1208 4700 1441 4763 ceommundum,
1467 4698 1718 4770 praestantissimus
1746 4715 1788 4752 so·

186 4796 230 4852 Sic
243 4796 375 4851 videlicet
388 4796 527 4850 clamante
543 4800 579 4859 tc,
596 4795 673 4849 Deus
691 4794 832 4857 exaudiet,
850 4798 879 4846 et
901 4793 945 4846 ad·
989 4808 1041 4846 aex
1056 4792 1130 4861 regis
1143 4791 1232 4845 silium
1250 4788 1435 4854 instruxisset,
1454 4787 1489 4841 ad
1500 4804 1582 4841 suum
1592 4787 1744 4858 hospitium
1757 4803 1787 4841 se

151 4876 203 4939 ltuc
212 4884 346 4956 loquente
354 4890 382 4938 te
396 4883 482 4938 dicet:
492 4883 561 4937 Ecce
567 4882 666 4935 adsum
676 4883 738 4950 (Iso.
749 4883 857 4951 Lxxxt).
870 4880 945 4943 Quo·
987 4880 1114 4934 contulit.
1128 4881 1165 4933 ht
1174 4877 1357 4932 adolescentis
1367 4875 1489 4928 ministri
1504 4880 1533 4929 et
1542 4881 1725 4946 praeceptores
1735 4875 1789 4929 lre-

148 4973 231 5039 cuce,
244 4973 269 5028 si
276 4973 439 5044 hujusmodi
448 4972 605 5027 orationem
616 4971 734 5041 adeptus
744 4969 840 5034 lueriS,
849 4969 946 5022 beatus
987 4976 1118 5041 quentem
1131 4969 1218 5040 ipsius
1227 4968 1255 5020 in
1262 4965 1396 5037 palatium
1407 4964 1564 5033 ingressum
1575 4964 1786 5035 perspicientes,

143 5064 214 5117 eris.
228 5063 327 5133 Neque
338 5061 413 5116 enim
424 5061 594 5132 lieripotest‚
607 5059 675 5130 quin
685 5060 708 5113 is
718 5059 836 5129 quicum
847 5059 945 5128 hujus-
987 5057 1172 5111 admiratione
1185 5054 1571 5109 alliciebantur.U11usautent
1580 5053 1787 5125 exiisquiprio-

141 5147 948 5218 modianimialacritateDeumoratatqueobsecrat,quo-
988 5142 1785 5212 remintereoslocumobtinebatetquemrexrelutlule·

140 5240 216 5295 tidie
229 5256 317 5297 novos
324 5239 353 5293 in
362 5239 465 5294 virtute
473 5255 637 5311 progressus
651 5237 946 5306 saciat,atqucon1nes
988 5235 1125 5289 hssimutn
1136 5232 1459 5287 assuistudiosissimum
1467 5231 1517 5284 silii
1527 5231 1571 5284 sui
1579 5232 1682 5303 palatio
1691 5231 1789 5303 praele-

137 5318 238 5384 hostis
252 5328 369 5400 laqueos
383 5333 505 5398 superet.
526 5328 599 5381 Nam
613 5325 661 5397 qui
675 5331 797 5378 ruentem
811 5341 900 5391 suam,
916 5328 948 5378 ut
988 5330 1073 5389 cerat,
1089 5324 1197 5377 Zardan
1212 5321 1334 5387 nourine,
1347 5321 1421 5391 regis
1431 5321 1519 5374 filium
1529 5321 1571 5374 his
1586 5321 1677 5374 verbis
1687 5319 1789 5372 allocu-

137 5416 361 5488 eujusdamriri
374 5417 464 5472 sancti
478 5415 570 5471 verbis
594 5421 667 5480 utar,
693 5413 859 5478 excalelecit,
886 5414 948 5467 eni·
990 5405 1789 5482 tusest:h'ontefugit,here,quantopatristuimetualh-

133 5511 284 5578 luemque
296 5507 485 5575 suamerexit,
502 5505 624 5577 atquein
639 5504 739 5559 ceolum
754 5518 784 5556 se
793 5503 947 5569 transtuht,
991 5503 1058 5570 eiar,
1073 5500 1392 5573 quaqueergaeumstde
1402 5499 1465 5569 sim,
1480 5516 1569 5569 eoque
1580 5499 1665 5552 etiam
1675 5493 1788 5550 nomiae

340 5607 624 5673 Parnonhllillll.
1595 5599 1632 5662 ll
