3818 6120
67 297 73 313 ι
138 240 189 299 307
652 228 699 281 en
716 226 811 282 virts
830 226 978 281 rursus
996 228 1102 284 treas
1120 231 1293 288 rursus
1630 210 1639 217 ’
1725 228 1777 288 aas

137 363 254 430 patricii
266 374 314 429 prr
328 355 528 410 Alexandriam
550 358 573 404 et
594 354 774 419 Pentapolim,
795 356 827 405 ut
851 351 1067 410 habatAEditit
1079 358 1291 420 ‹iteratio-reims
1301 358 1329 409 id
1340 361 1377 409 est
1387 359 1569 410 secretarium
1574 358 1741 424 principale,
1749 364 1778 412 et

139 423 608 493 historiabliscellaexTheophane,
618 438 691 476 anne
704 421 713 478 l
726 423 934 488 Heraclii,libro
976 423 1017 478 ita
1031 424 1059 478 iu
1080 443 1206 481 manusc.
1219 426 1317 496 Aquic.
1333 426 1555 497 superscriptum
1567 431 1641 484 erat.
1660 427 1776 498 Proprie

140 519 213 566 xviii,
231 500 304 570 apud
320 497 437 550 Paulum
453 495 617 548 Diaconum.
976 497 1175 568 neemiae-seen
1190 499 1409 551 riindinrrln'um
1428 503 1469 550 est
1485 498 1649 551 vestiarium
1664 514 1714 552 seu
1729 515 1776 552 ar·

175 573 252 636 Quod
267 570 379 623 Nicetes
391 584 508 636 regumn
523 565 624 618 arctari
640 564 715 623 dicit.
733 581 765 618 eo
780 565 870 618 facere
880 566 936 619 exi·
976 567 1087 620 chiram
1099 569 1284 634 cimeliorum,
1294 568 1341 621 ubi
1351 574 1518 622 ornamenta
1529 579 1557 622 et
1567 568 1776 624 donariaeccle-

139 645 235 698 stimat
249 639 393 697 Buronius,
410 647 487 691 tomo
498 652 556 697 vrri,
568 652 642 689 anno
657 636 762 689 Christi
774 633 835 698 tta,
856 637 935 690 Boni·
976 637 1023 692 siae
1049 639 1267 709 reponebantur.
1285 639 1448 695 Anastasius
1473 639 1718 704 Bibliothecarius,
1747 640 1776 695 in

138 713 201 767 sacii
214 712 237 765 V
251 708 363 792 papali,
381 709 502 762 Heraclii
517 709 583 777 imp.
604 705 643 764 ll,
655 706 820 777 quadhabet
831 708 935 762 Paulus
976 708 1047 777 Vitis
1061 711 1236 780 pontiacum.
1253 728 1313 781 cap.
1326 709 1368 775 n,
1386 704 1415 763 in
1430 711 1580 765 Severino:
1601 728 1614 762 c
1630 710 1775 781 sigillare·

138 784 278 839 Diaconus
291 799 320 835 m
330 780 447 833 historia
457 779 590 839 bliscella,
607 778 678 830 libro
690 792 773 830 xviri:
790 780 893 832 «Anno
907 777 936 834 n
977 785 1043 832 runt
1057 796 1140 835 omne
1152 781 1510 841 visstiuriuiuecclesiar,seu
1519 781 1624 834 cimilia
1633 782 1774 863 episcopii,

138 853 248 924 imperii
263 852 392 922 Heraclii.
405 867 501 904 mense
511 849 609 919 Aprili,
624 849 669 901 die
686 848 710 913 -i,
728 848 880 903 indictione
890 851 932 915 tu,
977 867 1037 920 quaa
1057 852 1158 906 diversi
1172 852 1402 907 Cluistiauissimi
1414 853 1598 922 imperatores
1606 870 1655 906 seu
1663 853 1774 924 patricii

139 919 785 995 imperatorHeraclius,celebratasolemnitatc
796 921 932 985 Paschali,
977 927 1005 975 et
1014 924 1688 994 consulesproredemptiencaninmrumsuarum
1697 924 1776 979 beato

137 1013 200 1050 uror
216 995 338 1050 secunda
350 994 420 1047 feria
434 992 542 1062 vesperi
558 996 651 1044 motus
666 996 709 1043 est
724 999 822 1044 contra
839 989 934 1046 Persi·
978 993 1061 1046 Petro
1076 996 1201 1064 apostolo
1215 995 1397 1066 reliquerant.
1417 1018 1429 1045 a
1446 995 1561 1049 tlr'rnetia
1583 995 1651 1060 hec,
1673 996 1775 1050 vatia·

138 1064 211 1120 dem.
229 1066 354 1137 Sumptis
365 1070 459 1118 autem
469 1068 567 1117 mutua
578 1061 776 1123 cannabinum
788 1061 935 1118 domorum
977 1064 1083 1117 riorum
1097 1083 1172 1135 girata
1188 1066 1319 1120 dicuntur
1335 1065 1485 1119 Guilialmo
1506 1065 1723 1121 Bibliothecaria
1746 1067 1776 1123 in

138 1139 263 1208 pecuniis
279 1137 556 1208 aporiacoarctatus,
581 1133 687 1203 accepit
706 1133 789 1185 etiam
813 1134 936 1189 ecclesiae
978 1135 1049 1188 'Vitis
1071 1137 1189 1205 pontiti,
1207 1154 1268 1207 cap.
1290 1131 1354 1203 tle,
1383 1136 1411 1189 in
1432 1136 1573 1206 Stephano
1591 1137 1648 1191 vl:
1677 1137 1777 1201 «Quid

138 1226 247 1279 magnae
259 1210 347 1262 multa
362 1207 492 1260 candelas
507 1204 633 1268 serentis,
648 1203 731 1257 simul
747 1209 775 1257 et
793 1203 848 1257 alia
870 1223 936 1260 rusa
977 1207 1080 1260 mirum
1096 1207 1118 1260 si
1133 1208 1329 1261 vestiariorum
1349 1220 1433 1278 gazas
1456 1207 1564 1260 ablatas
1588 1208 1704 1278 reperit,
1730 1208 1777 1290 qai

138 1280 350 1334 ministratoria.
368 1277 475 1342 Quibus
490 1276 627 1335 conflatis,
646 1275 754 1327 exarari
768 1275 833 1328 l'ecit
846 1277 877 1329 in
891 1277 935 1332 his
977 1277 1100 1330 sacraria
1108 1279 1282 1349 perquirens,
1295 1279 1329 1332 dc
1340 1277 1468 1348 pluribus
1478 1278 1603 1333 donariis
1614 1279 1779 1334 etccnlesra-

137 1368 268 1405 nummos
283 1367 383 1404 aureos
399 1355 426 1402 et
441 1353 588 1417 ar'genteos
602 1345 746 1416 plurimos.
771 1369 783 1396 ν
976 1363 1040 1401 rum
1055 1351 1228 1404 ornamentis
1243 1366 1314 1419 pene
1329 1349 1399 1402 nihil
1415 1349 1557 1403 invenit.»

174 1423 270 1487 Perre,
279 1417 936 1488 subditssarouius,collectioejusmodipecunia·
1013 1417 1067 1486 (ta)
1084 1422 1152 1474 illan
1167 1423 1243 1473 morti
1257 1421 1412 1490 rlerr'canr..}
1422 1421 1502 1484 Quod
1514 1421 1634 1491 explicat
1649 1433 1776 1477 manuae.

139 1510 201 1546 rum
216 1509 271 1546 nou
284 1493 355 1545 sacta
366 1498 408 1544 cst
419 1488 659 1558 Constantinopoli
671 1493 790 1553 tantuna,
807 1489 854 1540 sed
870 1495 897 1541 et
906 1486 934 1541 in
976 1491 1074 1559 Aquic.
1092 1491 1339 1561 superscribendo:
1357 1493 1387 1543 iil
1394 1496 1440 1553 est,
1454 1496 1539 1545 enatos
1545 1509 1634 1545 errores
1641 1492 1776 1547 traheretis.

138 1564 200 1617 aliis
210 1564 297 1617 totius
313 1561 422 1632 imperii
437 1559 605 1618 civitatibus.
620 1560 648 1611 in
664 1557 765 1627 quibus
780 1560 934 1628 pretiosum
977 1562 1072 1615 Graece
1087 1561 1158 1615 forte
1173 1563 1258 1616 luerit
1272 1562 1433 1631 κακότροπον.

138 1635 244 1705 aliquid
258 1635 401 1687 inventum
422 1639 504 1685 esset.
525 1631 621 1700 Legati
637 1629 746 1682 suntin
762 1630 932 1684 Orientalcm
1011 1632 1066 1701 (ii)
1084 1636 1187 1699 llrisrri
1201 1630 1311 1702 qtoidem
1323 1633 1372 1689 SS.
1388 1633 1451 1702 ee]
1462 1634 1549 1702 CuJus
1561 1635 1620 1688 lnec
1635 1635 1778 1689 sententia

138 1706 248 1775 plagam
269 1704 303 1757 ab
318 1705 486 1774 imperatore
502 1708 653 1772 quaestores
669 1696 720 1752 viri
732 1701 845 1769 quidem
865 1702 932 1754 iusi·
943 1743 965 1801 B
975 1703 1020 1766 sit,
1036 1704 1161 1758 nondum
1175 1704 1244 1757 mihi
1259 1708 1441 1773 compertum.

136 1793 215 1846 gaes.
228 1775 423 1829 Alexandriam
437 1779 531 1827 autem
542 1772 606 1825 etin
619 1771 935 1843 urrivcrsamAEgyptum
1014 1773 1066 1841 ((8)
1084 1777 1204 1829 Aiathuri
1215 1791 1277 1842 erpo
1287 1781 1384 1827 contra
1402 1792 1429 1828 se
1451 1781 1549 1828 secreto
1562 1775 1777 1846 contendentem]

137 1847 240 1901 missus
252 1852 294 1901 est
307 1846 420 1900 Nicetes
436 1843 578 1914 patricius.
591 1842 642 1895 liic
653 1842 739 1911 igitur
750 1844 937 1897 cumAlexau·
978 1845 1051 1899 Editi
1064 1864 1069 1897 ε
1087 1848 1337 1900 t'oromsrcrclorio
1347 1849 1543 1900 cernennentes.
1557 1849 1604 1901 tls.
1618 1845 1776 1913 Gcmblaa.‚

137 1918 225 1972 urina
239 1918 361 1971 ecclesiae
376 1916 507 1986 pecunias
517 1914 545 1968 in
558 1913 766 1967 nscumnnerro
776 1920 934 1981 cassaretur,
978 1928 1074 1970 cotnra
1086 1932 1112 1969 se
1133 1920 1235 1970 acriter
1248 1918 1445 1970 contendentes.
1467 1917 1636 1987 Manuscrip.
1662 1917 1774 1987 Aquis,

137 1998 236 2043 nactus
246 1995 290 2041 est
302 1988 496 2041 adversantem
506 1987 642 2038 loannem
652 1984 871 2038 Alexandrinum
881 1985 937 2055 epi·
977 2004 1069 2041 eornm
1084 1993 1181 2040 secieto
1196 1990 1394 2042 cernennentes.

137 2076 261 2130 scopum,
270 2059 316 2129 qui
327 2064 428 2112 cuncta
437 2056 545 2111 solebat
554 2057 582 2109 in
591 2071 728 2126 pauperes
737 2070 933 2124 er·ogare,cam
1012 2056 1063 2122 titi)
1082 2060 1252 2112 titillantibus
1263 2061 1353 2125 iqr'tur
1362 2057 1773 2128 aristobusmrtonoeain.]Editi

136 2135 255 2201 negaret
267 2148 297 2184 se
311 2131 444 2184 daturum
460 2129 533 2198 quod
546 2144 628 2181 suum
639 2140 694 2180 uon
709 2131 792 2191 esset,
806 2127 853 2180 sed
867 2140 934 2198 pau·
975 2129 1100 2183 addunt:
1118 2131 1147 2182 at
1156 2135 1193 2182 est
1200 2131 1692 2197 parutudinemsieereeopnihonern.
1703 2129 1770 2193 uuit

137 2218 246 2273 perum.
975 2201 1012 2254 sit
1027 2201 1124 2251 estne
1145 2200 1284 2269 μετάνοιαν,
1305 2202 1366 2269 jam
1385 2200 1503 2270 explicui
1522 2200 1557 2254 ad
1572 2201 1667 2254 Vitam
1687 2201 1772 2255 sanci

172 2274 224 2329 Sed
240 2289 308 2344 paca
323 2271 438 2327 Beronii
447 2271 574 2333 dixerim,
587 2286 643 2323 non
656 2268 795 2339 quadrant
807 2270 933 2323 lneccum
976 2271 1081 2331 Basilii,
1095 2288 1154 2341 cap.
1175 2270 1300 2335 limum.
1310 2271 1353 2325 54.
1367 2272 1451 2333 Infra,
1465 2272 1555 2341 capite
1562 2271 1606 2336 35,
1618 2273 1652 2325 nt
1663 2275 1770 2326 ircittrru

136 2351 217 2398 aetate
228 2352 256 2397 et
266 2344 384 2398 historia
393 2344 406 2396 t
410 2342 518 2396 oannis.
530 2341 673 2410 Siquidem
684 2341 933 2394 Pauluslliaconus
974 2345 1183 2468 greniqtcriones.

136 2432 198 2470 eam
211 2414 335 2486 pecuniae
358 2413 529 2466 exactionem
544 2411 623 2481 pouit
643 2426 717 2463 anuo
742 2408 775 2465 n
800 2411 931 2476 Heraclii,
1011 2414 1038 2480 (ὃ
1058 2414 1069 2481 )
1082 2414 1251 2482 deceptant]
1264 2415 1307 2467 Ita
1322 2418 1440 2494 uterque
1455 2414 1601 2473 Manusc.;
1619 2413 1661 2468 itu
1676 2419 1706 2467 et
1717 2412 1770 2468 He-

135 2484 273 2540 Barourus
286 2502 360 2548 vero,
384 2500 457 2536 anno
478 2481 501 2538 ll
522 2482 647 2551 ejusdem
669 2480 735 2550 imp.
752 2482 789 2534 At
812 2482 854 2534 vel
873 2483 933 2563 ipso
975 2484 1613 2554 taphrastes.Coloniensiscditie,arepertum.
1626 2484 1769 2550 Barouiua,

137 2555 367 2610 Barouioibidcm
378 2555 669 2618 teste,toannesanno
681 2551 707 2606 ll
725 2552 930 2607 lleracliiebrit.
975 2560 1051 2607 toruo
1069 2555 1142 2618 nni,
1160 2572 1233 2608 nuno
1250 2555 1354 2608 Christi
1369 2555 1430 2618 ctat,
1449 2555 1583 2609 Boniiucii
1596 2556 1621 2608 V
1644 2572 1726 2625 papa
1748 2553 1769 2617 l.

135 2625 249 2680 Accedit
264 2626 337 2696 quod
352 2631 412 2678 tarn
430 2624 563 2677 Leontius
578 2639 662 2693 quam
686 2623 886 2692 lletupbrastes
904 2624 933 2676 in
975 2626 1176 2695 llcmcliiimp.
1204 2625 1245 2685 lt,
1263 2626 1329 2696 quia
1341 2626 1415 2696 apud
1431 2627 1621 2697 Nicephorum
1636 2626 1665 2679 in
1690 2626 1773 2681 Chre·

135 2697 251 2751 loannis
267 2697 331 2749 Vita
341 2699 480 2758 asserunt,
498 2700 559 2764 post
572 2695 643 2746 hauc
657 2694 772 2746 Joarrnis
784 2700 813 2747 et
826 2694 849 2747 N
854 2695 931 2749 icetae
974 2696 1047 2760 uico,
1064 2698 1200 2751 loannem
1214 2696 1350 2766 Georgius
1365 2697 1394 2750 in
1410 2697 1570 2767 episcopata
1584 2696 1771 2751 Alexandrina

135 2768 169 2835 da
180 2768 299 2838 pecunia
308 2766 526 2830 contentionem,
537 2781 584 2818 cos
593 2765 929 2830 anncasintersevixisse,
971 2768 1108 2837 sequitur,
1125 2767 1267 2821 existimat
1286 2769 1360 2821 hunc
1385 2767 1465 2823 illum
1491 2785 1551 2822 esse
1575 2766 1773 2822 consobrinum

135 2839 204 2893 adeo
221 2844 253 2892 ut
266 2840 388 2893 Joarmes
403 2843 466 2907 post
480 2834 569 2890 factus
583 2837 621 2889 sit
636 2837 698 2904 ejus
718 2846 870 2905 compater,
894 2853 931 2890 au
972 2839 1098 2907 ejusdcm
1107 2839 1232 2903 laenius,
1244 2839 1278 2892 de
1289 2838 1397 2909 quobic
1411 2839 1514 2907 agitur.
1528 2839 1773 2908 Ratioucmconje

135 2909 236 2963 liberos
249 2908 508 3033 equsesucroionte
531 2906 930 2977 suscipiensliitipsaLeontii
972 2916 1127 2964 cturaesure
1142 2909 1238 2975 addit3
1262 2909 1335 2978 quod
1359 2910 1515 2979 antiquitus
1539 2910 1568 2963 iu
1592 2926 1672 2963 more
1699 2913 1771 2964 esset

135 2987 163 3035 et
172 2982 264 3052 Metap
286 2987 370 3034 restae
381 2979 505 3034 narratio
511 2978 691 3032 satisindicat
699 2978 771 3030 ltauc
778 2978 931 3031 contentio·
971 2980 1092 3049 positum
1104 2980 1231 3035 Ecclesia
1245 2980 1450 3041 Alexandrina,
1462 2986 1494 3034 ut
1503 2980 1643 3035 defunctis
1651 2978 1707 3034 iliis
1717 2979 1772 3051 epi·

135 3067 199 3105 nem
214 3067 271 3106 non
286 3051 383 3106 ultimo
398 3049 512 3106 Ioannis
526 3065 609 3110 auno,
622 3049 834 3117 sedlongeante
844 3049 931 3103 couti·
972 3051 1774 3122 scopis,quiprastantioresfuissent,eteamillustrasaeat

132 3125 217 3193 gissa.
940 3122 1137 3199 GEcclesiam,
1153 3123 1254 3192 aliquis
1268 3139 1300 3176 cx
1320 3138 1417 3176 eorum
1460 3122 1604 3193 ropinquis
1626 3138 1772 3176 successor

169 3193 227 3262 (39)
240 3194 372 3263 nullane]
387 3195 526 3247 Manuscr.
543 3191 641 3261 Aquic.
653 3190 843 3260 superscribit,
853 3192 882 3244 id
896 3195 933 3245 eet
974 3192 1134 3262 eligeretur,
1151 3201 1182 3247 ut
1195 3194 1313 3247 vidimus
1328 3193 1362 3247 de
1379 3140 1483 3264 Cyrillo
1501 3199 1602 3265 nepote
1624 3192 1771 3264 Theophili

134 3269 270 3333 sipiltum.
285 3265 369 3330 Infra,
380 3282 404 3319 c.
420 3265 463 3324 el,
478 3266 589 3317 ltrtllore
600 3279 606 3319 ,·
617 3262 932 3330 itempittacr'umlatla·
974 3264 1107 3318 inlocum
1124 3265 1184 3333 ejus
1208 3264 1359 3334 subrogate
1385 3269 1507 3330 (lteram,
1532 3282 1554 3318 c.
1579 3265 1606 3327 t,
1626 3280 1677 3317 an.
1699 3262 1770 3332 All).

136 3342 204 3389 trini.
222 3337 328 3406 Saepius
344 3338 403 3390 hac
414 3353 463 3389 vox
474 3334 502 3388 iu
515 3333 599 3386 seriis
613 3333 774 3387 auctoribus
788 3349 820 3386 eo
837 3338 930 3398 20ss
972 3335 1114 3388 Hactenus
1130 3335 1276 3389 Beronius.

132 3408 292 3478 significatu
305 3407 435 3467 occurrit,
455 3406 496 3458 uti
521 3410 550 3457 et
570 3405 599 3457 in
623 3403 689 3456 Vita
707 3403 796 3456 sancti
824 3403 928 3469 Basilii,
1008 3407 1094 3459 Valde
1107 3423 1158 3476 ego
1172 3407 1269 3459 dubito
1284 3422 1319 3458 au
1335 3423 1368 3460 eu
1380 3410 1448 3460 tunc
1462 3411 1545 3459 aetate
1564 3416 1625 3459 esse
1649 3405 1772 3475 potuerit

132 3496 226 3549 supra,
244 3496 303 3548 cap.
325 3479 370 3533 la:
387 3478 455 3531 Vide
471 3474 678 3529 Ouonmsticou.
972 3478 1107 3546 Georgius
1131 3477 1246 3530 loannis
1266 3493 1361 3546 nepos,
1386 3483 1419 3530 ut
1441 3476 1564 3547 episcopi
1587 3476 1771 3531 Alexandrini

168 3551 223 3620 (40)
241 3550 358 3618 Casina]
373 3550 435 3601 lain
448 3556 513 3600 riute
527 3545 643 3599 loannis
662 3552 790 3614 tempora
807 3544 928 3598 iuvalue
971 3565 1087 3601 munere
1101 3548 1180 3618 fungi
1190 3555 1292 3618 piasset,
1305 3564 1387 3618 quem
1398 3549 1450 3601 hoc
1459 3549 1549 3617 capite
1559 3547 1771 3601 tleuteminstar

134 3626 179 3673 rat
193 3622 221 3674 in
245 3619 362 3673 ccclesia
384 3617 572 3672 Alexandrina
601 3615 676 3668 labes
701 3615 868 3675 snnoniaca.
893 3616 928 3669 ad
970 3619 1050 3689 pueri
1065 3619 1106 3672 sel
1117 3617 1303 3672 adolescentis
1322 3614 1468 3672 habemus.

134 3705 218 3760 quatu
236 3689 443 3759 exstirpandam
454 3688 694 3757 G1·⁰g0tlu⁸nttpss‚
707 3686 776 3740 libro
790 3700 828 3747 XI·
845 3686 926 3755 etsist.
1007 3686 1060 3754 (51)
1078 3693 1221 3758 Postquain
1237 3696 1382 3743 coronans
1397 3694 1434 3743 est
1449 3686 1624 3769 arriperetur]
1640 3688 1721 3752 Quod
1735 3686 1769 3743 (la

133 3760 177 3826 et,
194 3761 291 3815 indict.
307 3760 333 3824 ii,
358 3760 505 3829 Eulogium
528 3757 746 3811 Alexandrinum
769 3757 928 3828 episcopum
970 3774 1047 3814 ruore
1060 3761 1198 3825 hoc,dum
1209 3767 1357 3814 coronatus
1369 3765 1413 3814 est
1421 3760 1585 3830 imperator,
1596 3760 1642 3812 luc
1655 3757 1766 3825 dicitur,

133 3831 271 3885 hortatur.
969 3849 1024 3885 nou
1039 3831 1154 3885 memini
1168 3830 1232 3884 alibi
1245 3833 1346 3901 legere.
1359 3830 1492 3884 Consulto
1507 3828 1559 3885 hoc
1582 3828 1713 3884 imitatus
1726 3836 1769 3884 est

171 3901 227 3972 (41)
242 3899 426 3972 Subtilitate]
442 3900 516 3954 nain
530 3903 691 3965 strbtitr'tate,
704 3901 733 3953 id
743 3905 779 3954 cst
796 3903 928 3954 tenuitate
968 3903 1089 3956 leatines
1105 3902 1356 3973 Eleemosynarius,
1373 3907 1401 3955 et
1416 3908 1480 3972 post
1493 3918 1557 3955 euru
1571 3898 1768 3957 aliialiudnon

133 3979 157 4026 ot
170 3977 340 4041 paupertate.
355 3970 542 4042 Ins.,cap.38,
554 3986 652 4025 rursus
663 3971 761 4025 codem
771 3971 928 4040 significatu
968 3972 1097 4028 absimile
1125 3974 1327 4043 excogitarunt.
1357 3974 1468 4026 illustre
1493 3964 1655 4044 exemplum
1681 3968 1767 4026 edidit

133 4045 260 4099 eaurrit.
971 4039 1134 4100 Manilianas
1149 4045 1160 4098 Ι
1174 4044 1336 4114 imperator,
1350 4040 1394 4097 cul
1404 4058 1468 4097 cum
1482 4039 1672 4114 displicuisset
1688 4040 1767 4114 paa-

168 4115 223 4185 (i‘l)
240 4117 272 4170 Et
287 4121 379 4170 sancto
391 4117 479 4168 altari¹
492 4112 643 4183 astitisset]
657 4113 751 4167 Gracc
761 4113 836 4181 apud
847 4115 928 4167 tieta-
968 4115 1049 4181 tiurn,
1062 4116 1136 4186 quod
1150 4116 1223 4185 apud
1239 4116 1418 4185 OEnipontem
1431 4112 1629 4175 fabricabatur,
1637 4114 1762 4167 allamse

132 4187 274 4257 phrastem
292 4207 298 4240 :
314 4184 742 4257 Αὐτὸςδὲτῷβήματιπαραστές.
761 4183 927 4246 QuedHer-
967 4184 1092 4253 doniam,
1128 4203 1171 4241 uae
1186 4186 1275 4256 magis
1298 4180 1434 4273 plsecitura
1458 4190 1527 4250 erat,
1556 4183 1761 4239 aedificatarum

131 4265 208 4313 vetus
219 4260 451 4324 vertitzcninipse
460 4262 553 4310 cerotem
567 4260 668 4310 astaret
678 4258 705 4308 in
714 4257 860 4317 tribunati,
869 4255 925 4309 imo
967 4273 996 4309 sc
1017 4274 1077 4310 esse
1099 4274 1116 4310 a
1149 4256 1265 4310 rniabat.
1289 4254 1382 4327 taque
1404 4256 1449 4309 die
1470 4252 1676 4326 sarcophagum
1698 4265 1761 4309 cum

131 4334 219 4383 altori
225 4351 232 4394 ;
248 4331 288 4384 ita
298 4330 373 4383 cuim
385 4328 487 4383 (tracis
496 4329 524 4381 in
536 4342 565 4381 re
576 4341 656 4381 sacra
666 4328 733 4396 βῆμα
744 4325 888 4396 accipitur.
967 4330 1043 4381 omni
1057 4324 1228 4398 supellectile
1238 4325 1391 4382 libitinaria
1402 4327 1473 4381 clam
1480 4326 1573 4397 parari
1580 4327 1676 4407 jussit,
1686 4336 1761 4380 eum-

123 4390 132 4404 “
167 4400 221 4466 <aa
248 4401 381 4457 Sanctum
403 4404 493 4453 vetum
517 4397 701 4466 mallatura]
723 4397 926 4467 Metaphrastes
987 4416 1021 4451 ue
1036 4398 1165 4452 omuibus
1180 4398 1402 4480 expeditionibus
1421 4415 1517 4451 secum
1530 4404 1612 4463 verit,
1632 4404 1661 4450 et
1677 4408 1761 4467 quam

130 4469 233 4527 clarius
249 4491 254 4524 :
277 4473 341 4526 Κατ’
359 4469 431 4537 αὐτὴν
447 4471 489 4535 τὴν
504 4472 581 4538 ὤραν,
597 4467 621 4520 ἐν
636 4464 650 4538 ᾖ
664 4466 692 4520 τὸ
708 4465 772 4548 ἱερὸν
787 4471 925 4522 setaniae·
967 4416 1180 4540 lliligentissime
1201 4469 1319 4539 singulis
1339 4455 1468 4523 nociibus
1485 4466 1646 4522 conservari
1681 4468 1759 4521 usal.

131 4563 181 4612 aua
199 4551 248 4596 τῶν
268 4546 339 4596 θένων
359 4537 495 4611 ἀφαιρεῖται
514 4542 602 4608 δώρων
621 4557 626 4591 :
645 4560 656 4588 s
675 4540 713 4593 Ea
728 4554 788 4608 ipsa
802 4539 881 4601 liora,
897 4539 925 4592 in
935 4535 958 4592 D
967 4536 1185 4594 Arbitrabantur
1200 4541 1325 4612 plerique
1341 4540 1434 4607 aulici,
1451 4539 1615 4593 thesaurum
1640 4536 1667 4591 al
1679 4552 1761 4611 quem

131 4631 186 4706 qua
200 4631 312 4669 sacrum
327 4611 551 4667 velumaufertur
565 4627 582 4663 a
595 4610 698 4664 sanctis
712 4608 802 4663 doctis
820 4629 832 4661 ν
848 4610 926 4665 Sicln
968 4610 1024 4664 illic
1042 4612 1215 4673 conservari;
1230 4609 1278 4664 alii
1291 4605 1417 4665 nonnihil
1427 4606 1763 4680 librorumquibushista

132 4678 821 4750 tuilianoBibliothecertoneviticponuntcep.
832 4680 926 4746 tinia
968 4683 1015 4736 rice
1030 4690 1136 4736 veteres
1151 4683 1371 4737 continerentur.
1389 4684 1482 4736 sesai·
1496 4697 1560 4734 vero
1580 4674 1760 4744 subridendo,

131 4756 272 4824 Stephano
284 4757 329 4820 VI,
346 4756 465 4809 ccltlrcra
478 4757 552 4807 cerro
566 4752 784 4806 atterentem«
802 4751 927 4806 Contulit
967 4754 995 4806 in
1018 4753 1058 4807 rei
1080 4754 1225 4823 cujusdam
1252 4750 1304 4807 sibi
1329 4753 1454 4807 omnium
1476 4751 1649 4806 charissimae
1668 4762 1761 4817 amm,

132 4823 160 4875 in
175 4825 272 4880 eadem
289 4825 403 4881 basilica
416 4824 607 4897 apostolorum
622 4822 726 4884 (iacobi
749 4827 778 4902 et
795 4821 927 4894 Phalppi)
967 4825 1068 4878 deferri
1076 4824 1278 4878 illumdicebat.
1292 4820 1609 4879 itaresertReinhardus
1617 4814 1761 4877 Lorichias

132 4895 268 4949 cortinam
292 4897 396 4951 lineam
416 4913 512 4962 uuam,
538 4893 680 4949 velothera
704 4902 793 4948 serica
814 4893 870 4947 tria
896 4894 926 4949 in
967 4894 1162 4949 lladaruar-ius.

131 4962 249 5020 circuitu
265 4967 370 5021 altaris.
391 4986 402 5017 ι
419 4970 510 5038 Atque
525 4966 628 5020 ibidem
648 4966 750 5036 saepius
765 4962 851 5018 habes
865 4966 926 5019 vela
1002 4967 1056 5021 Sed
1067 4967 1134 5020 olim
1148 4960 1324 5022 phileremus
1334 4963 1479 5039 presbyter
1494 4958 1595 5020 Galata
1609 4976 1701 5019 annos
1715 4976 1761 5017 sex

132 5035 206 5089 circe
218 5037 328 5091 altaria.
966 5037 994 5090 in
1010 5036 1144 5118 sepulcris
1160 5045 1336 5092 mortuorum
1350 5034 1491 5093 habitasse
1506 5035 1618 5101 dicihrr,
1629 5032 1762 5090 utmortis

169 5106 925 5179 (At)latimatdiaconosacientlorationem,qaamdia
965 5098 1762 5180 tarriridinemsuperaret.Palladiuscapdii.Heraclides,

131 5194 215 5233 conns
229 5181 326 5232 solitus
340 5181 428 5245 facere
447 5186 514 5243 erat,
538 5185 568 5232 ut
592 5184 752 5249 rn'nciprrct
776 5198 794 5233 o
815 5180 924 5250 capite]
967 5195 1027 5249 cap.
1044 5176 1087 5235 32.

131 5249 335 5319 Menephrnstee
350 5269 355 5302 :
371 5251 452 5315 Δηλοῑ
464 5258 500 5322 τῷ
514 5249 620 5320 διακόνῳ
634 5252 677 5317 τὴν
692 5251 815 5318 carmani
831 5251 924 5316 αἴτησιν
1001 5249 1056 5315 tb‘ll
1070 5250 1215 5320 Studiose]
1230 5249 1302 5314 Quid
1316 5248 1360 5301 hia
1375 5247 1403 5302 ln
1419 5249 1516 5303 Gnaeo
1529 5248 1623 5314 fuerit,
1640 5248 1765 5302 divinare

131 5318 291 5373 ἐπαναλαὸεῑν
307 5322 468 5386 :Sipru'tirat
477 5323 591 5373 dicineo
602 5326 632 5374 ut
642 5338 792 5375 reniterent
803 5326 925 5374 resmnat
967 5338 1022 5374 nan
1035 5337 1158 5391 passum.
1177 5322 1314 5375 Enoonatoi
1325 5321 1476 5391 respondet
1488 5321 1587 5374 Latino
1601 5319 1697 5373 verbo.
1712 5317 1764 5373 scd

127 5394 297 5459 petitionem.
310 5391 474 5445 Anastasius
483 5391 621 5461 interpres
631 5392 741 5446 videtur
749 5393 859 5462 legisse,
871 5408 924 5445 cor·
967 5393 1014 5463 qui
1031 5393 1058 5445 hi
1072 5396 1209 5446 studiosi?
1224 5392 1427 5462 Metaplrrastes
1442 5391 1543 5445 habete
1572 5392 1631 5457 (lui
1641 5392 1766 5459 prasenti

129 5466 189 5529 (θην
204 5479 253 5533 pro
265 5465 397 5528 σνναπτήν.
414 5461 475 5514 Nisi
489 5462 581 5531 potius
596 5462 810 5533 paraphrastem
824 5464 921 5533 egerit.
965 5470 1045 5518 erant
1059 5468 1142 5532 operi¹

129 5535 202 5588 Nam
222 5533 329 5600 σνναπτὴ
351 5532 503 5585 adiacano
523 5532 577 5586 dici
597 5533 680 5587 salita
699 5535 798 5598 aratio,
815 5552 876 5604 quae
896 5539 925 5588 et
1002 5533 1056 5602 (53)
1070 5536 1203 5590 Sanctum
1218 5536 1367 5589 Modestum
1379 5535 1571 5602 patriarcham
1585 5535 1768 5600 lerosolyma-

128 5605 253 5658 διακονικὰ
267 5604 422 5670 dicebatur,
437 5602 592 5674 quodforte
601 5602 686 5659 hiciu
696 5605 791 5661 Gracc
801 5607 864 5660 tuit.
880 5605 924 5660 De
967 5607 1054 5676 ram]
1068 5607 1112 5661 lta
1132 5607 1281 5677 legendum
1296 5621 1329 5659 ax
1343 5604 1534 5675 manuscripto
1555 5603 1768 5675 aquicinctino.

128 5682 193 5730 utra
212 5692 248 5730 ue
261 5676 324 5732 side
340 5674 463 5730 Eucholo
484 5675 551 5729 'um
965 5676 1053 5733 Vetus
1064 5683 1094 5733 et
1106 5677 1280 5734 Coloniensi·
1293 5675 1390 5742 editio,
1405 5678 1534 5731 sanatam
1555 5678 1580 5729 et
1600 5675 1769 5730 medentum.

162 5747 175 5817 (
232 5691 491 5820 Ot'rntllaraln'tttnff¹
496 5746 625 5807 onorat
638 5750 670 5804 et
680 5746 755 5805 inira
766 5747 859 5821 captu
878 5747 923 5805 46.
966 5748 1085 5806 livanti
1097 5749 1185 5821 liujus
1196 5747 1299 5821 cupias
1309 5744 1770 5806 menandrianorum
