3818 6120
131 284 188 353 toa
511 299 596 355 nra
617 292 747 356 saucii
766 296 944 359 Pnouonn
964 304 1118 362 ananus
1136 306 1396 363 raunaunusrs.
1718 314 1771 372 aro

132 422 169 478 ab
181 432 280 480 eorum
290 425 420 480 cordibus
434 427 603 498 pellimuret
611 428 751 498 fugamur.
761 429 824 483 Non
837 430 1047 493 omni-Athios
1066 431 1252 502 operabatur;
1269 438 1432 504 tantamque
1447 434 1644 489 contritionem
1655 442 1770 509 propter

133 512 187 568 bus
206 513 292 567 etiam
312 513 418 568 viribus
442 516 545 569 nostris
565 516 756 586 permittimur
770 534 834 572 cuni
856 518 932 572 omui
973 521 1670 592 Dominumsustinebat,utsaepenumerofuniculos
1684 530 1769 593 'm

132 602 249 657 homine
263 604 412 673 congredi3
431 604 562 675 quianon
580 622 678 659 omnes
691 613 809 677 possunt
823 612 933 661 nostros
974 609 1147 680 intorquens
1160 617 1417 679 compungerentur
1428 626 1528 667 manus
1544 614 1567 682 ej
1573 630 1613 677 us,
1622 620 1651 667 et
1660 616 1772 685 sangui-

131 691 934 767 impetussastinere.Namsiconcedereturnobispassim
975 697 1019 751 nis
1040 684 1128 767 guttae
1151 698 1307 764 attinerent,
1332 699 1481 768 intantum,
1498 705 1530 755 ut
1553 718 1586 755 ex
1607 702 1668 773 ipso
1688 720 1772 775 opere

131 786 340 837 contraomnes
351 788 449 838 nostra
462 784 625 838 tortitudine
641 785 812 855 depugnare,
830 785 933 840 multos
975 787 1137 856 magnaviri
1151 787 1303 841 tolerantia
1317 794 1532 844 monstraretur.
1548 791 1580 845 ln
1596 795 1672 845 tanto
1684 792 1773 863 igitur

131 876 290 941 possemus,
308 872 357 943 qui
374 888 450 927 nunc
464 877 514 928 tuo
532 875 662 929 torrentur
676 874 781 939 labore,
795 875 932 946 decipere.
974 875 1139 929 infirmitate
1155 876 1278 946 corporis
1293 877 1471 944 constitutas,
1494 892 1638 950 nunquam
1652 881 1773 936 fratrum

132 959 190 1013 Sed
208 960 277 1030 quid
291 961 422 1030 agimus?
441 963 508 1033 quia
519 963 656 1032 juvantur
676 963 805 1033 precibus
820 965 885 1029 tuis,
907 970 935 1017 et
975 963 1118 1018 collectam
1129 964 1263 1027 deseruit,
1280 965 1328 1018 sed
1344 966 1379 1018 ad
1390 967 1540 1036 explendas
1550 984 1647 1023 omues
1657 970 1772 1024 diurnos

131 1048 239 1102 virtute
262 1056 347 1120 atque
365 1052 492 1122 potentia
511 1052 642 1106 Crucihxi
659 1052 834 1107 muniuntur.
855 1052 934 1107 'luno
975 1052 1125 1116 orationes,
1150 1052 1268 1106 sollicite
1291 1054 1454 1119 convolavit,
1485 1055 1555 1109 adeo
1574 1061 1606 1110 at
1627 1066 1773 1130 nunquam

130 1145 247 1192 sanctus
257 1139 424 1195 pachomius
434 1156 501 1195 voce
515 1157 617 1211 magna
628 1159 692 1196 cum
699 1143 807 1212 gemitu
819 1142 891 1197 dixit
898 1143 934 1197 ad
975 1140 1111 1195 dormiret
1123 1140 1257 1195 interdiu.
1273 1140 1464 1196 Consuaremt
1478 1148 1574 1197 autem
1585 1161 1635 1215 per
1646 1146 1771 1216 singalas

131 1240 214 1280 mm:
239 1228 263 1282 Ο
281 1228 499 1309 indormitabilis
518 1231 645 1301 nequitia
662 1237 765 1298 restra,
780 1248 843 1303 qum
861 1247 934 1285 nun·
977 1236 1073 1285 noctes
1097 1230 1262 1302 priusquam
1287 1236 1400 1301 caperet
1424 1246 1564 1300 somnum,
1590 1235 1719 1304 quaedam
1737 1235 1772 1290 de

130 1330 219 1387 quam
247 1316 380 1373 adversus
393 1335 483 1390 genus
505 1319 660 1374 humanam
686 1321 782 1374 sarire
806 1321 917 1375 desistit
928 1372 934 1399 ‚
978 1320 1130 1390 Scripturis
1149 1320 1254 1374 sanctis
1272 1319 1402 1373 meditari
1419 1337 1425 1386 ;
1446 1325 1562 1391 totaque
1580 1323 1706 1377 membra
1723 1338 1776 1378 ara

131 1403 223 1459 donec
245 1405 349 1461 iterum
367 1407 461 1461 divina
482 1408 580 1474 virtus,
607 1409 634 1462 id
658 1415 708 1470 est,
725 1409 776 1463 Dei
793 1410 880 1465 Filius
899 1411 934 1464 de
979 1408 1082 1463 Christi
1098 1409 1241 1480 signaculo
1256 1409 1394 1471 muniens,
1410 1409 1586 1479 glorificabat
1597 1412 1704 1482 iugiter
1718 1413 1774 1467 Do-

130 1493 211 1547 ecelis
218 1494 379 1561 adveniens,
392 1512 425 1550 ex
439 1496 549 1567 integro
561 1512 609 1551 vos
623 1502 771 1551 consumat
786 1504 814 1552 et
824 1499 931 1569 perdat.
975 1497 1094 1561 minum,
1119 1503 1148 1551 et
1161 1499 1202 1553 ita
1222 1498 1367 1568 paululum
1389 1498 1557 1568 quiescebat.
1575 1501 1681 1555 Deinde
1701 1502 1775 1556 circa

130 1581 198 1636 llaec
215 1583 322 1651 dicens,
355 1584 510 1656 increpavit
536 1591 674 1640 catervam
700 1587 859 1641 dromonum
882 1586 934 1641 sub
976 1586 1199 1640 noctismedium
1215 1603 1342 1657 surgens,
1354 1602 1443 1658 usque
1458 1589 1492 1642 ad
1508 1591 1775 1646 matutinasoratio-

131 1672 250 1725 nomine
263 1672 378 1727 Christi.
395 1674 462 1738 Quae
477 1690 542 1728 mox
553 1674 689 1746 dissipata
701 1679 753 1739 est,
770 1681 798 1730 et
813 1676 847 1729 ad
859 1676 934 1730 nihi·
975 1690 1026 1727 nes
1038 1675 1130 1728 alacer
1140 1674 1333 1745 permanebat.
1347 1676 1437 1747 liuius
1448 1677 1706 1749 aliqnandomanus
1715 1681 1774 1751 qui·

132 1760 192 1815 lum
205 1758 352 1816 dissoluta.
945 1750 1041 1816 Bdam
1051 1763 1139 1817 frater
1148 1764 1308 1834 inspiciens,
1320 1765 1413 1835 operis
1423 1766 1568 1820 nimietate
1578 1774 1662 1839 atque
1671 1770 1773 1824 violen-

167 1848 253 1905 hlane
267 1857 362 1905 autem
377 1851 460 1916 iacto,
481 1868 636 1907 convocans
651 1854 820 1907 Pachomius
837 1870 934 1907 omnes
976 1851 1130 1905 statoriam
1140 1853 1289 1913 sauciatas.
1301 1856 1478 1924 etrespersas
1491 1857 1638 1925 sanguine,
1654 1857 1722 1912 dicit
1734 1859 1769 1912 ei:

129 1938 244 2004 fratrea,
255 1940 304 2010 qui
318 1940 360 1995 vol
377 1941 525 1996 sanctitate
535 1942 607 2005 vita,
625 1942 667 1995 vel
681 1943 849 2013 antiquitate
863 1947 933 1997 tem·
976 1939 1048 2003 Quid
1056 1940 1096 1993 ita
1102 1946 1182 2010 pater
1191 1941 1441 1996 durissimolabore
1448 1947 1476 1996 te
1483 1943 1769 2001 discruciasmarime

130 2029 209 2098 poris
220 2029 425 2099 praecedebant,
442 2032 569 2101 exposuit
580 2032 619 2086 eis
634 2038 734 2086 cuncta
747 2048 810 2103 quae
825 2032 934 2086 viderat
975 2028 1027 2082 tali
1040 2028 1204 2083 infirmitate
1217 2030 1365 2101 depressus
1374 2031 1436 2084 idn
1450 2032 1521 2086 forte
1536 2034 1640 2088 metuis
1655 2049 1690 2088 ne
1700 2036 1775 2107 apud

131 2119 374 2189 atqueaudierata
384 2112 673 2192 malignisspiritibus.
683 2122 934 2176 Insinuaritetiam
975 2118 1065 2171 Deum
1079 2119 1229 2172 contrahas
1239 2119 1383 2186 oliensam,
1400 2120 1442 2174 rel
1453 2121 1503 2174 otii
1518 2121 1624 2176 crimen
1636 2123 1772 2192 incurras,

130 2216 183 2278 per
196 2207 332 2278 epistolas
345 2226 411 2263 suas
425 2208 596 2276 absentibus,
606 2211 735 2264 muniens
751 2227 798 2265 eos
813 2211 841 2264 in
853 2210 934 2265 disci·
975 2206 999 2260 si
1015 2223 1071 2260 non
1090 2208 1188 2261 sedulo
1204 2207 1290 2262 fueris
1312 2210 1461 2279 operatus?
1475 2210 1533 2264 Scit
1553 2211 1691 2266 Dominus
1706 2213 1773 2283 quid

129 2294 302 2368 plinaatqne
311 2297 413 2352 timore
421 2298 543 2366 Domini,
553 2304 581 2353 et
589 2300 731 2353 instruens
742 2299 932 2370 providenter,
975 2297 1090 2366 pateris,
1106 2302 1134 2350 et
1146 2297 1302 2367 quianemo
1308 2297 1395 2352 tantis
1404 2298 1631 2354 tribulationibus
1642 2301 1773 2370 attlictus,

130 2384 163 2440 tii
175 2384 206 2439 in
219 2386 299 2440 nullo
310 2400 424 2458 prorsus
433 2386 589 2458 phantasiis
597 2387 755 2443 daemonum
771 2388 935 2453 ccdant,nec
976 2385 1066 2461 iillum
1090 2384 1165 2440 valet
1179 2402 1249 2456 opus
1264 2386 1412 2456 attingere,
1429 2388 1568 2459 praecipue
1582 2394 1623 2456 tu,
1638 2390 1686 2461 qui
1697 2391 1775 2445 nulla

130 2472 301 2529 insidiarum
311 2476 526 2530 multiformium
537 2477 934 2548 praestigiaextimescant.Qui
976 2475 1143 2529 necessitate
1164 2474 1374 2545 constringeris.
1398 2477 1470 2530 Nam
1493 2477 1516 2531 si
1541 2479 1696 2549 peregrinis
1712 2484 1775 2551 post

131 2561 260 2618 ridentes
275 2564 455 2619 etandientes
464 2582 526 2637 quae
533 2580 584 2637 per
591 2566 714 2621 divinam
722 2567 845 2637 gratiam
856 2567 891 2621 ab
900 2584 933 2622 eo
975 2563 1065 2617 Deum
1080 2563 1275 2618 sufficientiam
1286 2563 1511 2635 pauperibusque
1521 2566 1775 2639 largimur,quanto

131 2651 270 2707 muscula
279 2652 459 2724 gerebantur,
468 2654 641 2710 corroborati
649 2660 735 2727 atque
745 2656 857 2711 solidati
868 2656 932 2720 ilde,
976 2652 1067 2729 magis
1082 2651 1133 2705 tibi
1146 2656 1226 2705 tanto
1243 2652 1320 2705 Patri
1341 2666 1403 2706 cum
1419 2652 1566 2707 devotione
1581 2655 1703 2708 maxima
1716 2670 1775 2709 ser-

132 2756 196 2797 cum
211 2743 291 2796 omni
311 2743 456 2799 alacritate
479 2744 603 2800 laborem
621 2745 801 2800 continentia
822 2745 935 2800 suffere·
976 2739 1106 2794 memus?
1121 2741 1163 2794 dd
1180 2757 1265 2812 quarn
1287 2740 1333 2795 ille
1351 2741 1517 2812 respondit:
1545 2742 1720 2814 Impossibile
1733 2746 1777 2799 est

133 2826 210 2886 hant.
977 2829 1047 2882 mihi
1063 2845 1119 2882 non
1134 2830 1254 2900 operari.
1271 2830 1305 2883 Et
1314 2829 1402 2884 irater
1417 2831 1472 2884 ait:
1488 2831 1517 2884 Si
1533 2831 1594 2898 hoo,
1606 2831 1708 2903 inquit,
1723 2832 1776 2888 tibi

167 2920 236 2976 cip,
246 2920 279 2976 L.
295 2948 327 2960 -
343 2922 456 2977 interea
467 2923 586 2994 alicujus
604 2924 709 2989 fratris,
730 2923 779 2995 qui
793 2923 936 2995 patientiae
977 2919 1078 2989 placet,
1096 2918 1197 2972 saltem
1208 2934 1309 2973 manus
1321 2923 1385 2973 tuas
1397 2919 1458 2973 oleo
1473 2934 1609 2991 perunge,
1621 2926 1776 2977 natantum

134 3010 209 3065 senis
221 3009 341 3064 aemulus
351 3018 381 3066 et
394 3011 521 3066 imitator
529 3018 600 3078 erat,
612 3030 675 3067 cum
691 3019 779 3067 staret
785 3012 820 3066 ad
831 3012 935 3067 oratio·
977 3008 1143 3077 sanguinem
1151 3008 1322 3078 profluentes
1330 3008 1359 3061 in
1368 3006 1461 3062 labore
1471 3009 1612 3064 deficiant.
1625 3010 1679 3074 Qui
1687 3012 1776 3066 consi·

134 3114 207 3159 nem,
224 3099 365 3170 percussit
379 3100 504 3171 scorpius
518 3101 634 3173 pedem3
651 3108 680 3156 et
694 3102 850 3156 adpositus
862 3094 1015 3167 inin-Clio
1029 3097 1090 3166 ejus
1105 3097 1294 3167 acquiescens,
1306 3096 1371 3150 fecii
1379 3097 1453 3167 quod
1464 3097 1592 3152 hortatus
1601 3102 1729 3167 esitium
1747 3096 1776 3154 et

136 3184 183 3254 dit,
200 3194 237 3242 ut
250 3203 340 3259 usque
352 3186 388 3243 ad
402 3205 451 3244 cor
465 3191 527 3260 ejus
540 3191 622 3244 dolor
631 3197 800 3257 excurreret,
814 3197 843 3245 et
852 3191 935 3262 spiri·
978 3185 1119 3240 intantum
1133 3185 1285 3240 vulneratae
1305 3201 1405 3239 manus
1429 3187 1490 3256 cJus
1509 3191 1631 3257 gravata
1647 3194 1721 3252 sunt,
1743 3193 1776 3244 ut

134 3282 192 3331 tum
215 3277 302 3349 paulo
322 3278 416 3332 minus
431 3278 585 3334 exhalaret.
603 3280 656 3344 Qui
682 3279 747 3334 licet
769 3280 807 3335 sit
821 3280 936 3334 allectus
977 3291 1155 3346 nequaquam
1174 3278 1269 3346 posset
1283 3273 1354 3328 terre
1370 3275 1518 3329 cruciatus.
1532 3276 1671 3347 Adquem
1682 3278 1774 3333 visen·

135 3368 259 3421 ostreum
268 3368 463 3434 cruciatumon
472 3373 568 3424 tamen
578 3371 766 3424 secommovit
775 3387 792 3423 a
802 3371 862 3424 loco
873 3384 934 3434 suo,
977 3363 1044 3418 dum
1059 3364 1159 3417 beatus
1169 3362 1338 3418 Pachomius
1353 3364 1477 3429 veniens,
1490 3380 1660 3436 causamque
1670 3382 1774 3438 cogno·

135 3452 222 3511 donec
240 3456 373 3512 finiretur
384 3458 474 3512 oratio
495 3474 568 3529 :pro
583 3472 638 3529 quo
653 3458 750 3513 statim
764 3458 936 3515 pachomius
978 3468 1066 3517 scens,
1083 3453 1123 3506 ait
1134 3453 1177 3506 ei:
1195 3451 1433 3519 Putabas,frater,
1444 3454 1518 3524 quod
1530 3458 1558 3508 te
1572 3455 1666 3509 oleum
1680 3460 1776 3527 posset

135 3558 232 3616 preces
239 3544 353 3601 Christo
365 3545 448 3611 fudit,
460 3552 489 3601 et
498 3546 621 3618 pristina
637 3547 752 3601 sanitati
766 3547 898 3602 restituit.
975 3541 1087 3612 juvaret
1102 3541 1169 3606 Quis
1184 3541 1257 3595 enim
1273 3549 1301 3595 tc
1315 3542 1406 3612 coegit
1424 3541 1464 3595 ita
1478 3543 1574 3598 sedulo
1589 3543 1726 3612 laborare,
1743 3550 1776 3602 ut

165 3634 236 3691 Car.
252 3632 298 3691 LI.
309 3668 325 3677 —
337 3636 483 3691 Theodoro
498 3652 610 3707 quoque
622 3636 715 3706 gravis
735 3636 828 3707 passio
838 3636 937 3707 capitis
979 3630 1030 3684 sub
1044 3636 1181 3701 praetextu
1187 3631 1289 3701 operis,
1305 3631 1333 3684 in
1344 3628 1396 3684 hoc
1409 3630 1578 3686 risibilioleo
1592 3635 1681 3704 magis
1689 3650 1774 3707 qaam

134 3722 367 3789 indicta,dolores
373 3725 525 3780 acerrimos
531 3724 678 3780 excitabat.
686 3725 740 3789 Qni
748 3742 811 3780 cum
821 3730 937 3794 rogaret
977 3720 1006 3773 in
1013 3720 1070 3774 Deo
1077 3736 1154 3790 spem
1166 3724 1244 3773 tuam
1254 3719 1390 3790 poneres?
1398 3721 1455 3773 hut
1466 3721 1594 3792 nunquid
1603 3721 1774 3794 impossibile

135 3811 328 3879 Pachomium,
339 3822 371 3868 ut
380 3831 444 3868 eum
455 3815 513 3868 suis
521 3814 892 3878 relevarotorationibus,ait
901 3812 936 3868 ad
977 3813 1020 3863 est
1031 3808 1089 3863 Deo
1100 3825 1201 3863 sanare
1214 3808 1255 3863 te?
1269 3810 1326 3862 hut
1335 3808 1445 3880 ignorat
1460 3810 1640 3880 aegritudines
1648 3812 1773 3884 singulo·

136 3903 358 3966 eumtputasne,
374 3903 423 3969 fili,
437 3903 511 3974 quod
526 3904 609 3957 alicui
627 3904 773 3974 contingat
788 3903 877 3965 dolor,
887 3909 937 3957 aut
977 3898 1212 3967 rum,nostrisque
1227 3896 1489 3951 ronnnonitionibus
1502 3899 1622 3969 indiget?
1631 3902 1673 3954 vel
1684 3901 1774 3973 despi-

137 3991 294 4063 pmioaut
307 3990 412 4061 aliquid
422 3992 584 4062 huiusmodi
598 3992 658 4046 sine
672 3992 857 4063 permissione
873 3991 936 4047 Deil
978 3986 1016 4040 cit
1041 4004 1092 4040 nos
1108 3986 1155 4056 qui
1167 3992 1209 4040 est
1223 3992 1325 4040 natura
1344 3986 1503 4042 misericors
1517 3988 1529 4039 l
1542 3988 1597 4042 Sed
1620 3990 1773 4046 utilitatem

136 4078 241 4135 ideirco
255 4080 286 4133 in
309 4079 406 4134 dolore
420 4081 538 4145 sustine,
556 4087 584 4134 ct
599 4081 628 4135 in
651 4081 811 4135 humilitate
820 4086 870 4135 tna
884 4096 935 4152 pa·
977 4075 1157 4129 considerans
1170 4075 1328 4129 animarum
1335 4084 1505 4141 nostrarum,
1517 4076 1584 4131 sinit
1598 4079 1632 4132 ad
1644 4096 1772 4135 momen-

136 4168 265 4223 dentiam
277 4168 513 4240 habe3etqaando
524 4170 644 4223 volucrit
654 4170 799 4235 Dominus,
811 4170 936 4224 conteret
977 4169 1037 4217 tum
1066 4180 1116 4217 ¹10⁸
1143 4165 1202 4235 pati
1227 4164 1383 4226 tristitiam,
1405 4168 1436 4217 ui
1457 4165 1613 4220 tolerantiae
1636 4176 1773 4239 perpetua

135 4256 182 4311 tibi
195 4257 374 4329 sospitatem.
387 4254 497 4322 Quodsi
510 4264 538 4312 te
548 4254 653 4313 diutius
661 4258 780 4330 probare
790 4258 933 4330 dignatur,
975 4252 1093 4324 proemia
1105 4253 1251 4324 largiatur.
1263 4253 1353 4323 Super
1362 4251 1771 4322 ipsumigituromnemcuram

135 4350 191 4401 κιο
202 4351 316 4418 gntus,
332 4348 365 4401 ut
374 4344 426 4401 luit
440 4346 659 4418 peffeciissimus
674 4352 703 4401 et
712 4348 934 4419 patientissimus
976 4347 1101 4395 nostram
1121 4340 1392 4412 sollicitudinemque
1403 4341 1551 4411 jactemus
1568 4345 1712 4414 etquando
1727 4363 1772 4400 vo·

133 4434 194 4506 lob,
207 4435 259 4507 qui
273 4436 380 4492 multas
388 4436 603 4492 tribulationum
618 4437 829 4492 etcruciatuum
843 4426 1072 4498 tenta-Dluelit,
1097 4431 1140 4483 'iel
1164 4431 1303 4500 (1110ΙΠΟάΟ
1326 4431 1501 4502 J'Udicalefih
1531 4435 1590 4506 ipse
1617 4434 1771 4490 *erminum

133 4523 538 4597 mnoenaptansmomimm
551 4526 931 4593 benedicebatlltsicutillo,
976 4517 1514 4593 doloribusnostrisbenignusimponet.
1524 4524 1578 4588 Qui
1588 4524 1768 4595 respondem,

116 4610 159 4669 'bl
169 4630 289 4687 quoque
302 4630 353 4687 pro
371 4608 514 4670 doloribus
532 4615 590 4669 tuis
611 4617 748 4686 maiorem
767 4617 893 4687 requiem
918 4630 935 4670 a
975 4609 1163 4680 ait:1gn0sce
1179 4610 1257 4675 mihi,
1274 4611 1440 4666 venerabilis
1452 4619 1542 4684 pater,
1559 4619 1588 4668 et
1601 4628 1650 4668 ora
1660 4631 1710 4685 pro
1725 4629 1770 4670 mc

132 4700 243 4759 Oildsto
257 4702 608 4776 percipias.B0naquiilem
619 4710 663 4758 est
671 4703 852 4769 abstinentia,
865 4710 894 4759 et
905 4705 933 4759 in
974 4698 1135 4761 Dominum,
1152 4708 1184 4754 ui
1202 4703 1231 4753 et
1249 4700 1301 4754 hoc
1318 4701 1388 4754 mihi
1402 4701 1535 4756 delictum
1558 4703 1703 4759 remittere
1718 4721 1769 4775 pro

132 4793 259 4848 oratione
268 4794 491 4864 perseverantia3
505 4800 602 4848 tamen
617 4794 746 4848 infirmus
759 4795 848 4865 magis
860 4811 932 4865 prae·
974 4804 1025 4842 sua
1035 4789 1139 4859 pietate
1154 4788 1295 4858 dignetur·

132 4881 221 4937 mm
235 4878 484 4953 fflPiWiwfefflffl
493 4882 663 4953 ¹⁰¹lss⁸¹¹³¹¹¹i⁸
673 4884 818 4955 etPatiens
828 4882 933 4939 inveni·
1009 4903 1213 4959 Assereinbant
1223 4905 1308 4959 etiam
1317 4903 1469 4975 plurimide
1483 4907 1621 4973 hossene,
1634 4908 1770 4982 quodper

132 4962 185 5019 ω’·
207 4960 252 5062 Et·
268 4977 338 5034 ΨΜ
350 4958 437 5062 1101)Ῐῖ
455 4960 498 5064 de
527 4976 716 5063 magnafumm
748 4976 818 5062 m,
837 4976 932 5062 ,serm
974 5003 1770 5079 annumintegrumsedeilevit,postbiduanumjejunium

132 5054 278 5119 mm
299 5067 490 5107 messanum
499 5068 574 5118 “³⁰¹3
588 5069 672 5107 ”⁰¹⁰⁸
687 5052 779 5107 adhuc
793 5069 845 5105 vm
860 5053 932 5106 Μ’
974 5116 1075 5172 parurn
1089 5099 1143 5177 cibi
1153 5100 1318 5172 percipiens.
1328 5101 1528 5159 Huncsanctus
1537 5103 1705 5162 Pachomius
1714 5125 1771 5162 mo·

132 5139 930 5212 aulamquaecunaamlaudemtranscendithumamm,
1048 5198 1053 5208 ,
1222 5186 1236 5208 .

131 5227 298 5299 mmm
311 5230 437 5285 medium
451 5245 502 5302 pm
520 5229 645 5283 utilitate
660 5231 823 5284 munorum·
974 5199 1070 5252 naahas
1080 5198 1262 5269 proponebat,
1280 5200 1354 5254 relat
1373 5202 1531 5273 exemplum
1548 5202 1687 5259 bonorum
1703 5223 1770 5277 ope·

164 5316 596 5391 camp-Zachaeusquidam
605 5319 932 5391 monachus'lmstlonga
974 5298 1770 5373 rum,tirmamentumqueuirtutum.ildquemetiamoos

129 5407 312 5465 continentia
324 5412 461 5480 tempora,
471 5408 548 5480 regio
556 5408 653 5463 morbo
663 5416 817 5481 correptus,
832 5426 933 5481 seque..
975 5393 1022 5464 qui
1037 5399 1118 5447 erant
1131 5394 1159 5448 in
1170 5409 1288 5450 rnoerore
1304 5397 1397 5468 positi,
1410 5398 1558 5469 dirigebat,
1575 5400 1769 5470 quiahabcbat

127 5498 251 5555 min„
269 5515 288 5553 a
300 5497 437 5553 matribus
451 5498 551 5553 habuit
563 5498 703 5566 cellulam,
724 5504 784 5552 tom
801 5499 859 5553 vita
882 5515 934 5553 sua
975 5494 1004 5544 et
1021 5490 1239 5548 consolatorium
1266 5493 1391 5561 verbum,
1412 5495 1484 5550 sicut
1502 5497 1597 5550 nullus
1616 5497 1696 5550 alius.
1713 5497 1767 5559 Qui

128 5598 203 5659 plne
213 5592 332 5645 turtum
344 5592 375 5643 et
386 5587 446 5643 sale
458 5593 616 5643 commutas.
630 5588 747 5658 Semper
756 5591 850 5642 autern
861 5589 935 5658 psia·
974 5600 1063 5658 usquo
1071 5589 1106 5643 ad
1114 5591 1650 5648 tinemiortiterdecortansinsenectuto
1661 5596 1766 5663 sancta,
