3818 6120
145 258 212 317 roei
497 215 501 221 ⁸
705 258 752 313 oe
771 258 866 314 vius
885 257 1034 316 naraon
1052 261 1159 318 urana
1177 262 1254 318 uu.
1719 271 1789 330 1092

146 385 267 454 bonitas,
280 387 357 450 tides,
376 385 570 451 mansuetudo,
581 384 763 452 continentia,
777 387 891 440 castitas
902 387 974 456 (Gal.
992 386 1031 456 v),
1048 394 1092 443 est
1105 393 1184 444 extra
1192 392 1424 449 controversiam.
1442 394 1505 465 lpse
1518 393 1595 449 euim
1607 394 1680 450 dixit
1691 395 1789 452 boetus

148 476 253 533 Paulus
269 476 404 529 :Fructus
423 478 518 528 autem
531 471 654 544 Spiritus
668 480 710 529 est
720 475 772 529 hoc
786 480 814 529 et
828 476 890 530 hoc.
906 475 987 540 Quod
999 481 1094 531 autem
1110 477 1157 548 qui
1171 479 1266 533 studet
1278 480 1349 534 tales
1363 479 1466 536 habere
1481 482 1597 551 fructus,
1614 483 1688 539 citra
1702 485 1788 540 ratio-

148 582 212 621 nem
225 570 275 619 aut
288 563 502 630 inconsiderate,
519 569 568 617 aut
582 563 776 635 intempestive
795 581 852 618 non
877 564 1004 619 comedet
1028 582 1138 633 carnes,
1153 582 1206 622 nec
1223 567 1301 623 bibet
1321 570 1427 637 viuum,
1444 587 1535 636 necue
1553 589 1617 627 cum
1634 573 1693 628 ulla
1715 575 1791 629 mala

147 652 317 710 cohabitabit
329 653 507 709 conscientia.
520 653 627 707 Rursus
639 653 709 707 dixit
718 653 793 708 idem
804 653 903 708 beatus
913 654 1017 709 Paulus
1030 655 1144 709 :Omnis
1159 656 1206 728 qui
1221 663 1311 727 certat
1321 658 1355 712 ab
1368 658 1498 715 omnibus
1508 660 1659 734 abstineut
1668 663 1730 718 Cor.
1742 670 1788 731 ιι).

148 744 218 798 Cum
233 759 302 797 sana
313 743 425 814 quidem
437 747 480 796 est
489 758 563 808 caro,
575 741 717 797 abstinens
734 741 768 795 ab
778 742 813 796 iis
828 759 888 814 quae
903 743 1129 815 pinguefaciunt;
1143 747 1217 816 quod
1232 749 1257 802 si
1272 747 1310 802 sit
1320 765 1394 819 agra
1406 751 1447 804 vel
1459 767 1580 806 moerore
1592 750 1731 817 confecta,
1749 752 1789 807 rel

146 833 240 905 aliquo
251 848 317 887 casu
331 831 445 898 afflicta,
462 838 528 886 tuuc
545 836 641 886 utetur
655 831 768 902 quidem
782 831 824 885 vel
837 830 898 885 cibo
911 831 954 886 vel
967 833 1081 904 potione
1099 840 1234 906 tanquam
1256 838 1470 907 medicamento,
1484 840 1520 894 ad
1535 857 1569 894 ea
1584 842 1714 896 curanda
1729 857 1789 911 qna

146 921 304 976 molestiam
319 922 450 976 afferunt.
463 919 621 975 abstinebit
633 926 728 975 autem
738 920 773 975 ab
787 919 822 975 iis
837 937 898 992 quae
912 925 979 976 sunt
988 922 1089 977 anima
1102 923 1194 991 noxia,
1205 924 1249 979 ira
1263 930 1291 981 et
1304 925 1417 995 invidia,
1429 944 1502 983 vana
1515 929 1616 999 gloria,
1631 929 1753 984 tristitia
1762 934 1790 984 ct

145 1010 328 1079 detractione,
341 1011 472 1083 superbia
485 1016 513 1064 et
528 1011 658 1076 elatione,
676 1010 733 1065 Deo
744 1026 831 1081 agens
842 1010 960 1080 gratias.

181 1101 252 1155 Cum
263 1101 297 1155 de
311 1101 355 1154 his
366 1101 462 1171 itaque
477 1100 545 1154 satis
556 1099 746 1166 disseruerim,
758 1105 814 1154 ture
826 1116 924 1154 rursus
934 1099 1071 1156 docilitati
1081 1103 1166 1157 aliern
1176 1104 1261 1160 affero
1271 1105 1510 1164 adhortationem.
1527 1107 1605 1178 Fuge
1616 1125 1669 1180 pro
1684 1107 1788 1164 viribus

145 1206 243 1245 eorum
261 1190 386 1244 virorum
399 1190 609 1260 congressiones
626 1189 674 1259 qui
688 1188 794 1242 nullam
809 1188 914 1243 habent
929 1190 1090 1259 utilitatem,
1108 1199 1136 1247 et
1149 1193 1252 1264 pellem
1277 1201 1414 1249 exornant
1432 1196 1514 1250 aliter
1533 1212 1620 1266 quam
1641 1197 1789 1252 conveniat

145 1280 256 1335 etiamsi
264 1279 322 1334 sint
335 1278 491 1344 orthodoxi,
502 1295 559 1333 uon
573 1279 665 1333 solum
679 1278 812 1344 haeretici,
828 1283 857 1332 et
874 1276 981 1335 laedunt
993 1282 1144 1354 hypocrisi,
1166 1283 1276 1337 etiarnsi
1291 1300 1361 1338 cano
1375 1284 1467 1355 capite
1479 1290 1509 1339 et
1528 1293 1682 1356 corrugata
1700 1287 1790 1341 tronte

145 1386 202 1441 prae
212 1386 242 1424 se
256 1372 349 1424 lerant
358 1368 563 1440 longitudinem
577 1367 721 1439 temporis.
734 1369 807 1422 Nam
821 1372 853 1422 ut
866 1374 982 1439 propter
994 1389 1086 1427 mores
1097 1389 1249 1443 generosos
1262 1373 1347 1429 abeis
1362 1374 1432 1429 nihil
1447 1374 1567 1443 laedaris,
1579 1375 1609 1430 id
1623 1381 1701 1430 certe
1715 1375 1788 1446 quod

144 1459 255 1513 ridetur
269 1475 329 1513 esse
342 1458 490 1512 minimum
506 1463 535 1511 te
549 1457 695 1511 sauciabit.
712 1455 839 1511 Insolons
855 1457 931 1510 enim
950 1460 1085 1527 redditus,
1100 1462 1195 1516 animo
1217 1462 1349 1527 effereris,
1367 1480 1414 1518 eos
1427 1462 1559 1518 irridens.
1579 1464 1663 1527 Quod
1673 1464 1786 1535 quidem

145 1546 196 1602 tibi
206 1548 407 1602 detrimentum
417 1547 524 1612 afferet,
536 1551 568 1601 ut
578 1547 626 1616 qui
639 1546 669 1600 in
684 1545 844 1616 superbiam
854 1545 995 1604 incideris.
1010 1550 1100 1621 Super
1109 1550 1229 1605 lucidam
1239 1558 1335 1606 autem
1350 1555 1440 1618 wo
1452 1552 1606 1607 fenestram
1616 1569 1785 1625 persequere

146 1641 175 1691 et
183 1636 307 1690 virorum
321 1641 350 1690 et
360 1635 510 1690 mulierum
522 1640 635 1689 sanctas
646 1635 867 1704 congressiones,
880 1639 912 1688 ut
924 1651 974 1705 per
988 1655 1086 1694 eorum
1097 1639 1182 1694 veluti
1195 1639 1336 1696 subtiliter
1345 1646 1480 1712 scripturn
1490 1640 1592 1695 librum
1604 1641 1699 1713 possis
1708 1647 1787 1696 tunm

144 1742 191 1780 cor
205 1725 416 1796 aperteuidere,
433 1730 462 1778 et
480 1741 530 1795 per
544 1724 723 1778 collationem
742 1723 860 1795 probare
875 1727 1030 1781 socordiam
1050 1735 1128 1783 tuam
1151 1729 1194 1783 vel
1213 1729 1401 1799 diligentiam.
1422 1728 1513 1784 Multa
1534 1730 1612 1784 enim
1636 1735 1706 1785 sunt
1727 1747 1786 1802 que

143 1813 277 1886 probitati
295 1813 389 1868 ferunt
402 1813 594 1869 testimonium
612 1831 618 1865 τ
634 1812 710 1866 color
723 1811 816 1866 vultus
835 1811 883 1882 qui
897 1812 926 1864 in
942 1835 976 1872 ea
989 1818 1046 1872 uita
1060 1835 1121 1889 quae
1136 1819 1248 1889 degitur
1262 1818 1420 1885 efflorescit,
1437 1825 1466 1873 et
1479 1819 1599 1874 vestium
1615 1826 1743 1886 ornatus,
1759 1826 1787 1875 et

143 1919 236 1958 mores
249 1903 405 1976 compositi,
427 1908 455 1957 et
469 1903 607 1957 modestia
622 1901 765 1967 orationis,
786 1907 814 1955 et
828 1900 913 1955 verba
928 1917 984 1956 non
1000 1903 1138 1973 exquisita
1152 1909 1181 1957 et
1199 1904 1337 1970 affectata,
1354 1904 1469 1974 elegans
1490 1905 1646 1969 sententia,
1662 1906 1786 1976 cogitata

143 2009 281 2064 sensaque
296 1993 443 2065 sapientia.
460 1993 595 2047 Dominus
610 1997 704 2046 autem
719 1990 790 2045 vires
814 1989 893 2044 dabit
913 1996 969 2045 tuae
993 1991 1213 2058 mansuetudini,
1230 1997 1258 2047 et
1274 1990 1404 2046 omnibus
1425 1992 1473 2063 qui
1496 1999 1656 2064 sequuntur
1671 2010 1787 2065 scopum

142 2082 265 2154 pictatia,
279 2082 390 2137 etiamsi
405 2083 447 2136 vel
462 2082 570 2137 desidia
584 2082 626 2136 vel
639 2097 706 2135 casu
720 2080 826 2151 aliquid
841 2079 983 2135 acciderit.
1005 2080 1131 2136 Amictus
1144 2081 1229 2149 enim,
1247 2086 1276 2136 et
1288 2098 1404 2152 gressus
1420 2082 1507 2153 pedis,
1525 2087 1554 2136 et
1568 2082 1645 2137 risus
1659 2082 1786 2139 dentium

142 2171 322 2226 annuntiabit
338 2171 372 2225 de
382 2171 454 2242 ipso,
470 2175 503 2226 ut
513 2171 554 2225 ait
568 2169 749 2224 Proverbium
762 2169 916 2239 (licoisas).

177 2261 316 2332 Incipiens
330 2260 425 2332 itaquo
438 2259 488 2314 tibi
506 2276 623 2314 narrare
641 2259 727 2313 vitam
741 2263 901 2313 sanctorum
925 2257 1051 2324 Patrum,
1068 2274 1160 2330 neque
1180 2275 1226 2314 eos
1243 2259 1291 2330 qui
1308 2266 1375 2314 sunt
1395 2260 1424 2313 in
1438 2258 1565 2325 urbibus,
1582 2261 1628 2314 vel
1649 2260 1731 2326 vicis,
1745 2262 1786 2317 rel

141 2350 291 2422 speluncis,
307 2351 349 2404 vel
362 2348 560 2405 solitudinibus
575 2348 626 2404 tibi
640 2348 738 2419 ignoti,
754 2347 967 2418 pretermittam
980 2347 1107 2401 oratione
1120 2367 1126 2414 ;
1138 2347 1273 2418 adjiciens
1287 2365 1335 2402 eos
1350 2349 1435 2403 etiam
1450 2349 1498 2420 qui
1512 2354 1580 2404 suut
1594 2349 1625 2403 in
1640 2348 1784 2405 caenobiis.

139 2441 238 2511 Neque
252 2439 329 2494 enim
338 2439 416 2494 locus
427 2440 563 2510 quaritur
576 2439 605 2492 in
621 2454 675 2509 quo
690 2453 720 2491 se
734 2441 810 2490 recte
822 2440 851 2490 et
862 2452 895 2490 ex
904 2435 1007 2491 virtuto
1021 2440 1178 2507 gesserunt,
1192 2437 1241 2492 sed
1256 2437 1356 2492 modus
1368 2444 1451 2494 rectae
1467 2454 1564 2494 eorum
1581 2438 1782 2507 institutionis,

139 2546 190 2603 per
206 2545 290 2600 quarn
305 2527 409 2583 Christi
429 2526 532 2582 auxilio
544 2526 631 2580 vitam
647 2530 766 2595 egerunt
780 2522 948 2594 angelicam.

293 2798 1626 3091 ursoniam-onustior.

392 3175 509 3232 CAPUT
523 3175 680 3232 PRIMUM.
943 3177 1099 3244 limatum,
1105 3179 1138 3229 ut
1144 3173 1231 3230 etiam
1242 3174 1339 3246 inipso
1352 3174 1477 3230 convivio
1485 3174 1554 3230 hora
1561 3173 1646 3228 solita
1656 3171 1783 3228 retectio-

976 3263 1784 3336 nistratrumsanctihujustieretmeutisexcessusmutus-

976 3370 1031 3427 que
1037 3353 1167 3408 evaderet
1172 3353 1231 3424 ipse
1243 3357 1272 3407 et
1281 3352 1491 3425 obstupesceret
1501 3370 1507 3406 :
1518 3357 1620 3408 etcum
1629 3354 1782 3423 rogaretur

173 3444 447 3517 Oumergoprimum
456 3443 594 3498 venissem
604 3442 634 3496 in
643 3440 862 3497 Alexandrinam
871 3442 936 3497 civi·
976 3447 1010 3497 ut
1019 3459 1079 3513 quae
1087 3442 1116 3496 iu
1124 3458 1237 3497 excessu
1247 3447 1399 3497 evenerant
1408 3439 1781 3503 narraret,diceret:liente

85 3553 97 3570 ·
137 3542 235 3603 tatem,
247 3534 369 3591 secundo
378 3533 525 3588 consulatu
532 3531 780 3602 Theodosiimagni
787 3531 936 3602 imperato·
975 3547 1039 3585 sum
1054 3532 1248 3603 peregrinatus
1263 3531 1298 3585 ab
1308 3531 1404 3602 aliqua
1417 3536 1515 3603 raptus
1528 3528 1778 3600 contemplatione.

136 3628 184 3690 ris.
192 3627 240 3698 qui
246 3630 361 3697 propter
368 3638 448 3678 suam
459 3627 564 3676 rectam
573 3621 603 3674 in
613 3620 755 3675 Christum
765 3620 850 3674 tidem
860 3636 935 3674 nunc
976 3620 1038 3675 Scio
1053 3637 1104 3691 ego
1115 3637 1179 3675 eum
1194 3637 1266 3692 saepe
1278 3620 1309 3674 iu
1324 3636 1421 3676 mensa
1430 3620 1517 3674 fuisse
1533 3619 1739 3690 lacrymatum
1751 3620 1780 3670 ct

137 3723 180 3772 est
192 3732 255 3770 cum
270 3713 386 3784 angelis,
399 3713 429 3765 in
442 3711 504 3781 ipsa
515 3709 626 3764 civitate
637 3708 722 3762 incidi
741 3709 769 3762 in
784 3709 934 3780 quemdam
975 3725 1039 3763 cum
1053 3715 1201 3780 rogaretur
1211 3725 1324 3764 causam
1333 3726 1384 3764 cur
1395 3713 1470 3764 esset
1482 3709 1665 3780 lacrymatus,
1685 3704 1779 3760 audiri

137 3806 228 3860 virum
240 3800 447 3865 admirandum,
457 3803 486 3853 et
497 3797 573 3851 omni
589 3802 714 3868 exparte
729 3802 936 3864 ornatum‚ser-
975 3814 1040 3852 euru
1052 3798 1190 3854 dicentem
1209 3817 1215 3851 :
1231 3799 1322 3854 Pudet
1335 3815 1381 3853 me
1392 3799 1466 3854 vesci
1481 3797 1541 3853 cibo
1557 3797 1699 3851 aratione
1713 3794 1778 3849 alie·

136 3910 229 3959 mone,
246 3888 380 3953 moribus,
403 3893 432 3941 et
446 3886 572 3951 scientia,
593 3901 695 3956 nempe
718 3885 867 3953 isidorum,
887 3886 935 3957 qui
976 3902 1022 3953 no,
1040 3904 1103 3942 cum
1121 3888 1174 3942 sim
1189 3887 1297 3942 ratione
1311 3887 1459 3959 preditus,
1476 3894 1505 3942 et
1517 3885 1623 3940 versari
1643 3884 1776 3940 deberem

136 3988 197 4039 erat
211 3987 240 4036 et
251 3976 398 4050 presbyter
407 3981 436 4030 et
447 3973 625 4029 xenodochus
634 3974 828 4030 Alexandrinae
843 3976 931 4030 eccle·
972 3974 1002 4028 in
1022 3975 1152 4046 paradiso
1165 3977 1339 4043 deliciarum,
1351 3976 1501 4047 replendus
1515 3972 1665 4029 ambrosiae
1679 3972 1773 4028 nutri·

134 4074 193 4129 siae.
202 4073 229 4127 ls
239 4067 385 4125 dicebatur
394 4064 485 4137 prima
495 4063 609 4134 quidem
620 4064 767 4135 juventute
778 4080 892 4119 versans
902 4065 931 4119 in
971 4068 1077 4129 mento,
1084 4070 1198 4136 propter
1209 4081 1271 4120 earn
1280 4064 1455 4136 quaenobisa
1467 4063 1583 4120 Domino
1593 4062 1662 4117 data
1671 4067 1716 4116 est
1725 4077 1771 4132 po-

135 4155 443 4228 solitudine,peregisse
455 4153 611 4208 certamina
620 4152 835 4208 exercitationis.
844 4154 931 4224 Cujus
971 4158 1112 4210 testatem.
1123 4155 1150 4209 ls
1159 4160 1221 4208 erat
1232 4154 1326 4209 Romae
1337 4159 1420 4209 notus
1432 4158 1532 4209 cuncto
1541 4151 1654 4207 senatui
1669 4155 1699 4205 et
1708 4166 1771 4222 pro·

135 4254 219 4310 etiam
230 4245 390 4304 cellamvidi
401 4261 452 4315 ego
463 4243 492 4298 in
501 4241 712 4297 monteNitriae:
722 4241 824 4296 offendi
835 4246 930 4297 autem
972 4260 1067 4300 cerum
1081 4243 1224 4310 uxoribus,
1235 4259 1290 4314 quo
1306 4249 1433 4314 tempore
1447 4258 1511 4299 cum
1520 4241 1604 4296 beato
1613 4238 1769 4296 Athanasio

134 4359 198 4401 eum
213 4355 309 4396 senem
323 4333 500 4407 septuaginta
509 4347 597 4386 annos
616 4335 733 4398 natum,
751 4331 800 4401 qui
814 4348 877 4386 cum
892 4331 932 4385 vi·
971 4332 1099 4404 episcopo
1108 4333 1186 4403 prius
1199 4338 1361 4399 recesserat,
1372 4332 1473 4387 deinde
1485 4347 1549 4386 cum
1559 4334 1659 4385 sancto
1672 4329 1770 4383 Deme·

133 4434 221 4490 xisset
233 4429 304 4484 alios
314 4422 472 4496 quindecim
482 4437 580 4486 anuos,
591 4419 621 4474 in
636 4436 703 4490 pace
715 4418 793 4473 obiit.
804 4420 856 4474 llic
869 4437 931 4475 san·
970 4421 1024 4476 trio
1039 4421 1178 4493 episcopo.
1194 4423 1221 4477 ls
1233 4439 1297 4477 cum
1314 4421 1472 4477 abundaret
1489 4419 1599 4491 opibus,
1614 4424 1644 4472 et
1657 4417 1693 4471 iis
1708 4432 1769 4488 quae

134 4529 195 4579 ctus
203 4501 436 4590 usqueadhoram
442 4509 534 4565 obitus
540 4509 721 4563 nihillineum
726 4492 961 4579 gestaritertraB
970 4515 1036 4565 sunt
1049 4510 1084 4564 ad
1095 4527 1177 4565 usum
1191 4512 1358 4576 necessaria,
1374 4527 1431 4565 non
1445 4508 1555 4580 scripsit
1564 4512 1768 4562 testamentum

132 4612 232 4666 vittam
247 4607 295 4676 (ἲ),
310 4618 368 4659 non
379 4601 478 4656 balneo
493 4603 535 4653 est
549 4614 627 4663 usus,
642 4613 699 4651 non
712 4596 807 4667 tetigit
820 4614 928 4665 carnes,
970 4598 1116 4665 decedens,
1124 4616 1181 4655 non
1189 4601 1336 4671 pecuniam
1344 4599 1468 4671 reliquit,
1479 4613 1534 4653 non
1542 4613 1604 4652 rem
1611 4596 1701 4651 ullam
1710 4594 1768 4649 suis

133 4686 931 4770 uunquamamensarecessitrepletusadsatietatemllrat
970 4687 1112 4743 sororibus
1127 4705 1188 4759 quae
1202 4695 1284 4744 erant
1297 4689 1428 4760 virgines,
1438 4687 1487 4742 sod
1505 4702 1552 4740 eas
1566 4684 1681 4740 Christo
1695 4699 1768 4738 com-

134 4794 229 4845 autem
240 4799 355 4856 corpore
366 4778 442 4834 aDei
450 4777 543 4848 gratia
554 4781 613 4830 tarn
623 4774 694 4830 bene
707 4779 927 4845 contemperato,
970 4777 1122 4844 mondavit,
1138 4777 1250 4832 dicens:
1268 4778 1343 4832 Deus
1355 4778 1403 4848 qui
1417 4793 1465 4831 vos
1474 4774 1589 4841 creavit,
1603 4772 1683 4828 robis
1697 4788 1767 4845 quo·

134 4883 168 4933 ut
176 4892 272 4930 ornnes
287 4872 335 4944 qui
350 4866 518 4941 ignorabant
530 4865 591 4935 ejus
606 4865 695 4918 victus
707 4864 855 4928 rationein,
864 4881 928 4935 per·
968 4866 1024 4935 quc
1037 4867 1139 4921 victum
1146 4866 1303 4938 providebit
1310 4867 1384 4922 sicut
1390 4871 1418 4921 et
1426 4864 1504 4920 mihi.
1517 4864 1586 4918 Erat
1596 4868 1693 4917 autem
1704 4876 1767 4916 con·

135 4980 247 5021 suasum
262 4960 398 5016 haberent
412 4973 476 5013 eum
487 4956 563 5010 laute
570 4954 663 5008 vivero
672 4959 700 5006 et
710 4953 929 5024 opipare.Hujus
969 4960 1068 5010 ventus
1082 4955 1222 5026 virginum
1236 4972 1298 5026 quae
1311 4961 1393 5010 erant
1407 4970 1471 5009 cum
1486 4952 1630 5009 sororibus
1642 4953 1716 5021 ejus,
1725 4966 1767 5004 se·

241 3322 300 3376 Vita
314 3321 415 3376 Isidori
425 3319 467 3393 (Ι)
479 3320 634 3388 presbytcri
643 3323 666 3373 ct
681 3318 838 3373 aanodmbi.

132 5054 251 5110 virtutes
259 5047 477 5104 animaesivelrm
485 5043 628 5115 sigillatim
637 5048 927 5107 narrare,narrantem
968 5043 1124 5114 ptuaginta.
1141 5045 1178 5110 ls,
1194 5061 1259 5099 cum
1273 5044 1309 5098 ad
1322 5061 1388 5100 eum
1401 5043 1539 5098 venissem
1552 5040 1727 5104 adolescens,
1739 5042 1767 5092 et

132 5159 178 5199 me
192 5145 305 5208 tempus
318 5136 437 5189 desiciet.
454 5133 508 5198 Qui
523 5137 585 5187 erat
598 5132 668 5186 adeo
683 5131 769 5196 mitis,
779 5129 925 5202 benignus,
969 5148 1098 5203 rogarem
1118 5138 1151 5188 ut
1164 5133 1199 5187 ad
1221 5134 1307 5188 vitam
1324 5137 1471 5204 cooptarer
1492 5129 1688 5194 monasticam,
1703 5143 1767 5183 mea

132 5238 161 5288 et
174 5228 316 5305 pacificus,
330 5228 363 5277 ut
372 5224 457 5277 etiam
469 5221 596 5276 infideles
610 5222 671 5291 ejus
685 5219 800 5285 inimici,
813 5225 927 5292 propter
967 5221 1059 5276 adhuc
1072 5228 1154 5277 aetate
1168 5222 1374 5289 lasciviente‚et
1384 5237 1517 5292 nonopus
1527 5219 1652 5275 habente
1658 5233 1766 5272 sermo·

131 5324 236 5377 rectam
247 5317 277 5370 in
285 5311 427 5368 Christum
442 5310 536 5375 fidem,
546 5310 588 5364 vel
603 5311 664 5380 ejus
674 5309 804 5363 umbram
816 5326 927 5364 revere-
968 5308 1061 5381 nibus,
1069 5311 1118 5366 sed
1127 5310 1268 5367 laboribus
1275 5312 1323 5384 qui
1332 5326 1445 5367 carnem
1455 5309 1628 5380 subigerent,
1638 5306 1766 5377 duraque

129 5415 239 5473 rentur,
251 5403 286 5459 ob
305 5400 445 5470 insignem
459 5398 511 5450 viri
524 5397 687 5453 bonitatem.
699 5399 818 5452 Tantam
831 5404 926 5453 autem
968 5403 997 5454 et
1011 5416 1111 5472 aspera
1122 5401 1231 5457 vivendi
1243 5402 1351 5457 ratione
1366 5416 1427 5473 qua
1441 5415 1541 5471 corpus
1555 5399 1763 5468 compesceret3

129 5485 522 5567 habuitspiritalemgratiam
532 5492 560 5540 et
568 5487 755 5558 cognitionem
766 5492 927 5543 sanctarum
967 5487 1001 5556 is,
1030 5489 1154 5561 inquam,
1184 5491 1432 5564 tanquambouus
1459 5489 1582 5544 domitor
1608 5486 1766 5559 pullorum,

131 5587 344 5661 scripturarum,
355 5582 385 5636 et
402 5573 680 5647 comprehensionem
692 5575 851 5638 divinorum
861 5577 927 5649 dog·
966 5576 1046 5636 duxit
1074 5596 1120 5638 me
1141 5586 1220 5640 extra
1246 5581 1388 5641 civitatem
1410 5580 1446 5636 ad
1471 5594 1519 5635 eas
1542 5593 1605 5652 quae
1629 5576 1765 5637 dicuntur
