3818 6120
149 277 212 338 1203
682 276 729 333 DE
748 273 843 333 vl'lls
861 268 1010 328 rasabal
1027 273 1135 334 LIBER
1153 278 1227 336 vili.
1719 284 1786 346 lace

441 405 559 466 CAPUT
567 403 644 463 CXL.
950 399 1073 474 Ascopi,
1096 406 1206 477 rogavit
1231 407 1343 464 dicens:
1374 410 1405 464 Si
1428 410 1482 466 boc
1495 411 1547 466 tibi
1563 415 1658 467 visum
1672 414 1788 480 estdo.

194 504 234 561 De
244 505 355 572 virgine
366 515 427 573 qua
441 501 519 569 lapsa
532 501 581 564 cst,
596 501 621 551 ct
636 497 691 564 epit
702 494 906 564 penitentiam.
984 490 1060 546 mine
1072 493 1211 567 episcope,
1233 502 1266 551 ut
1280 499 1412 569 quoniam
1427 498 1494 567 dixi,
1519 500 1580 566 Nae,
1599 502 1699 572 lapsus
1711 521 1784 572 sum,

183 591 317 658 Quadam
331 591 409 662 virgo
424 586 602 645 exercitatrix
624 600 742 640 manens
755 599 819 638 cum
834 580 943 636 duabus
983 579 1037 634 sim
1050 581 1086 636 de
1098 585 1189 654 gradu
1200 587 1385 641 ecclesiastico
1399 587 1534 659 dejectus,
1546 596 1575 644 et
1598 608 1656 646 non
1670 593 1727 646 sim
1742 594 1786 648 di-

147 680 211 737 aliis
224 681 388 753 virginibus,
402 695 432 735 se
446 676 570 734 exercuit
581 690 680 729 novem
693 673 736 726 vel
746 670 940 726 decomannis.
982 686 1055 740 gnus
1069 688 1130 727 esse
1145 674 1261 730 clericus
1280 681 1335 731 tuae
1349 678 1516 744 sanctitatis,
1529 679 1599 749 jube
1614 687 1647 734 ut
1661 682 1734 737 mibi
1749 683 1783 737 ab

145 769 172 824 A
181 770 303 841 quodam
313 775 408 824 autem
418 771 532 823 cantore
542 765 666 819 inescata
672 778 735 817 cum
743 777 775 815 eo
781 759 943 814 habuitstu·
982 759 1035 814 boc
1053 766 1179 833 tempore
1194 781 1227 819 ea
1238 765 1321 820 detur
1334 767 1364 821 in
1378 783 1511 834 uxorem,
1532 769 1626 840 neque
1641 771 1719 825 enim
1734 789 1783 843 ego

145 857 190 929 pri
204 858 437 914 consuetudinem
452 875 459 924 ;
482 860 587 910 etcum
602 857 683 908 utero
696 850 880 920 concepisset,
896 864 942 920 pe·
983 865 1045 903 sum
1060 850 1191 923 deinceps
1203 853 1333 924 clericus,
1348 872 1438 928 neque
1457 856 1505 911 illa
1523 859 1613 929 virgo.
1637 861 1710 914 Cum
1727 861 1784 915 baec

144 946 228 1019 perit.
243 948 315 1003 Cum
324 952 419 1003 autem
434 945 464 1000 in
476 959 619 999 summum
633 941 730 996 odium
740 939 868 1011 prorupit
880 939 942 1008 ejus
982 938 1117 994 audiisset
1131 942 1277 1013 episcopus
1292 949 1320 998 ct
1329 945 1484 1017 presbyter,
1498 963 1560 1000 eam
1573 948 1695 1003 tradidit
1705 958 1784 1020 pater

145 1035 193 1108 qui
207 1035 296 1108 ipsam
320 1035 478 1106 deceperat.
504 1033 533 1087 in
550 1030 687 1103 profundo
710 1034 877 1100 compuncta
898 1032 942 1082 est
982 1028 1044 1096 ejus
1058 1029 1165 1097 lectori,
1180 1048 1297 1102 sperans
1318 1033 1377 1088 iore
1390 1040 1423 1089 ut
1433 1036 1545 1104 juvenis
1570 1036 1643 1091 bene
1658 1047 1737 1093 esset
1755 1041 1782 1094 in

144 1123 249 1190 animo,
266 1125 344 1180 etad
358 1139 420 1178 eam
434 1122 562 1194 persenit
576 1135 736 1174 mensuram
758 1117 945 1189 paenitentia,
981 1131 1043 1171 eam
1053 1118 1179 1187 affectus,
1194 1127 1224 1174 et
1237 1121 1342 1194 alioqui
1354 1122 1470 1178 credens
1484 1141 1541 1179 non
1561 1143 1645 1196 posse
1656 1144 1723 1182 euru
1734 1128 1781 1182 ab·

143 1217 177 1268 ut
191 1213 220 1268 in
235 1230 270 1268 ea
292 1228 473 1284 perseverans
489 1227 519 1265 se
542 1210 616 1264 fame
636 1209 720 1262 vellet
739 1207 873 1272 occidere,
888 1205 940 1260 boc
981 1207 1068 1261 strabi
1083 1211 1323 1265 aconsuetudine.
1345 1213 1416 1266 Cum
1431 1229 1493 1267 earn
1506 1220 1603 1269 autem
1618 1216 1780 1273 adolescens

141 1318 207 1358 cum
217 1301 349 1374 lacrymis
363 1317 456 1367 orans,
478 1300 624 1369 Deumque
643 1313 755 1368 rogans,
771 1301 800 1350 et
827 1295 939 1350 dicens:
981 1297 1134 1366 accepisset
1161 1298 1191 1353 in
1213 1315 1313 1354 manus
1332 1300 1369 1356 ab
1393 1302 1532 1373 episcopo,
1548 1310 1578 1357 et
1606 1307 1669 1375 ejus
1690 1314 1778 1376 patre,

142 1391 217 1447 Deus
229 1407 341 1462 magne,
360 1390 409 1462 qui
423 1389 549 1444 omnium
569 1391 696 1441 nostrum
711 1390 824 1456 peccata
844 1389 940 1456 portas
981 1400 1099 1456 eamque
1122 1393 1197 1443 esset
1218 1389 1387 1456 consolatus,
1408 1390 1526 1446 abduxit
1548 1399 1578 1447 et
1600 1393 1735 1465 deposuit
1752 1396 1779 1451 in

142 1484 171 1534 et
183 1480 354 1536 immensum
365 1479 453 1534 tonus
464 1478 562 1532 mundi
572 1476 680 1543 vitium;
693 1475 741 1546 qui
751 1490 808 1529 non
817 1473 858 1528 vis
866 1489 939 1528 mor·
979 1475 1150 1530 monasterio
1171 1476 1331 1545 mulierum,
1353 1495 1455 1550 rogans
1469 1497 1532 1535 eam
1555 1498 1619 1552 quae
1633 1483 1694 1538 illie
1721 1492 1780 1538 erat

138 1573 199 1624 mm
213 1577 402 1641 peccatorum,
413 1571 442 1622 et
455 1583 554 1622 eorum
569 1565 616 1637 qui
631 1564 765 1619 labuntur
778 1563 934 1630 interitum,
977 1562 1069 1633 prima
1077 1563 1206 1620 ministra
1229 1565 1415 1622 fraternitatis
1431 1573 1463 1623 ut
1474 1586 1538 1624 eam
1549 1571 1609 1625 illic
1625 1573 1780 1628 tolerarent

138 1657 189 1712 aed
203 1657 345 1715 misereris
354 1657 490 1713 universe
499 1660 652 1722 creaturae;
663 1659 707 1708 cst
720 1653 794 1708 enim
809 1652 937 1707 voluntas
977 1652 1228 1723 usqueadpartum
1237 1656 1544 1725 ejus.lllaverorelieta
1553 1659 1584 1713 in
1595 1664 1777 1727 monasterio,

29 1760 38 1777 ·
137 1751 190 1802 tua
203 1752 235 1801 ut
248 1763 347 1801 omnes
361 1751 510 1802 serventur
524 1745 629 1810 (doceb.
645 1746 753 1811 xxxin).
769 1742 798 1797 Si
810 1758 877 1812 ergo
891 1758 935 1796 me
944 1739 1068 1813 Blector
1081 1740 1178 1796 abiens
1192 1742 1315 1815 seipsum
1328 1746 1441 1800 inclusit
1450 1747 1480 1802 in
1491 1749 1562 1803 cella
1575 1750 1705 1820 sordida,
1719 1753 1778 1806 vitae

137 1852 259 1907 quoque,
276 1853 337 1907 qoae
352 1852 446 1907 pereo,
467 1834 507 1889 vis
521 1850 582 1888 esse
598 1832 714 1897 salvam,
744 1832 773 1886 in
795 1832 847 1885 hoc
866 1831 936 1885 mihi
977 1848 1116 1887 summam
1129 1833 1285 1904 suscipiens
1302 1837 1493 1908 asperitatem,
1517 1840 1553 1893 ad
1575 1841 1725 1896 Christum
1740 1860 1779 1897 ae-

135 1928 216 1979 tuam
229 1924 346 1979 ostende
357 1924 522 1988 bonitatem,
534 1929 647 1977 etnunc
661 1927 711 1976 tue
726 1921 761 1974 ed
777 1938 822 1975 me
837 1937 935 1992 perve-
976 1923 1078 1977 cedens
1091 1922 1120 1978 in
1130 1924 1213 1978 corde
1228 1926 1348 1980 contrito
1362 1943 1426 1981 cunr
1440 1928 1537 1982 multis
1546 1928 1685 2000 lacrymis
1700 1936 1729 1984 et
1735 1949 1779 2001 ge-

86 2022 91 2031 ·
135 2012 217 2068 niant
231 2012 386 2068 mirabilia:
401 2018 430 2067 et
438 2012 508 2083 jube
521 2011 587 2065 hinc
601 2010 701 2065 abduci
715 2015 744 2064 et
757 2010 849 2080 colligi
862 2008 936 2078 rtet)
976 2011 1102 2075 mitibus,
1124 2013 1219 2068 dicens
1229 2033 1235 2067 :
1247 2015 1298 2077 Tu,
1312 2016 1441 2082 Domine,
1459 2034 1536 2072 meas
1551 2018 1681 2072 actiones
1698 2021 1777 2085 nosti,

134 2101 257 2158 fructum
272 2118 342 2157 meae
356 2101 523 2173 iniquitatis,
540 2100 587 2171 qui
602 2104 805 2171 conceptusest
818 2098 934 2153 inlasci·
976 2101 1024 2171 qui
1048 2101 1102 2155 scis
1122 2102 1226 2168 omnia,
1243 2119 1327 2174 quem
1346 2105 1418 2159 nihil
1439 2106 1518 2172 latet,
1536 2123 1631 2178 neque
1647 2113 1693 2163 est
1704 2110 1775 2163 ullus

133 2191 189 2257 via,
206 2196 235 2246 et
247 2190 362 2262 genitus
375 2190 405 2245 in
432 2195 562 2262 peccat03
578 2204 644 2243 nam
661 2188 715 2242 nisi
730 2188 781 2242 hoc
807 2189 866 2254 liat,
882 2204 934 2258 ego
975 2190 1053 2243 locus
1067 2192 1193 2246 occultus
1205 2192 1234 2245 in
1249 2208 1305 2263 quo
1320 2194 1382 2264 quis
1397 2211 1427 2248 se
1450 2194 1606 2251 abscondat
1620 2213 1636 2250 a
1649 2203 1704 2252 tua
1718 2216 1776 2269 qua

133 2278 188 2335 liae
201 2279 236 2334 de
249 2295 335 2335 eausa
346 2280 389 2335 vel
402 2295 447 2334 me
461 2280 560 2350 laqueo
574 2277 726 2343 suffocabo,
740 2278 783 2331 vel
795 2278 933 2349 meipsam
976 2278 1071 2333 omnia
1084 2280 1184 2350 aspicit
1198 2286 1347 2352 potestate,
1358 2283 1406 2353 qui
1417 2283 1493 2338 vides
1505 2285 1603 2339 omnia
1613 2288 1777 2357 priusquam

133 2368 164 2423 in
178 2385 302 2441 praeceps
317 2368 459 2440 dejiciam.
470 2369 541 2423 Cum
555 2366 596 2423 sic
604 2371 708 2433 oraret,
724 2366 778 2420 fuit
792 2367 931 2434 exaudita;
974 2369 1053 2422 nant.
1067 2369 1109 2423 Tu
1123 2368 1199 2424 solus
1209 2369 1285 2424 vides
1297 2371 1435 2442 profunda
1449 2373 1668 2442 cogitationum,
1686 2382 1715 2430 et
1724 2393 1777 2431 om·

133 2471 200 2512 nam
221 2458 269 2529 qui
284 2463 369 2513 natus
393 2456 487 2512 suerat
500 2456 602 2521 inians,
625 2471 681 2510 non
696 2455 785 2509 multo
806 2460 870 2526 post
883 2456 933 2510 dc·
974 2457 1019 2511 nis
1029 2458 1132 2512 mentis
1143 2459 1286 2529 conceptio
1297 2476 1315 2512 a
1328 2465 1357 2514 te
1372 2461 1506 2529 semitm,
1524 2463 1647 2534 perinde
1657 2481 1691 2518 ac
1701 2466 1724 2519 si
1734 2483 1776 2520 as-

132 2545 227 2600 cessit.
241 2545 285 2599 ab
307 2545 356 2599 illo
371 2561 437 2615 ergo
450 2544 497 2599 dia
510 2560 568 2599 non
590 2543 713 2614 amplius
726 2543 855 2596 convenit
868 2559 932 2597 eum
974 2546 1077 2616 pisitur
1087 2547 1184 2601 oculis.
1201 2547 1243 2602 Tu
1258 2564 1321 2602 cum
1337 2549 1523 2619 cogitatorum
1538 2551 1579 2605 sis
1591 2569 1658 2607 acer
1674 2556 1775 2608 exami-

133 2633 181 2705 qui
193 2633 283 2704 ipsam
294 2632 442 2703 redegerat
454 2633 483 2687 in
497 2631 674 2698 servitutem
691 2631 740 2686 sed
753 2647 784 2687 se
794 2637 881 2686 totam
892 2631 933 2687 in·
974 2642 1065 2701 nator,
1073 2640 1194 2706 perlecto
1202 2636 1321 2706 judicas.
1331 2638 1373 2692 Tu
1388 2639 1437 2709 qui
1452 2639 1552 2711 eisqui
1568 2641 1777 2698 afficiunturin-

132 2720 253 2793 signiter
267 2721 371 2776 dedens
383 2721 573 2786 continentias,
588 2720 700 2790 aegrotis
723 2720 888 2791 mancisque
899 2738 932 2775 ac
970 2722 1048 2792 juria
1062 2723 1118 2777 fers
1140 2724 1285 2790 auxilium,
1312 2725 1361 2795 qui
1374 2726 1434 2780 salli
1461 2744 1519 2782 non
1533 2734 1625 2799 potes,
1643 2730 1713 2785 dum
1731 2749 1775 2786 eos

131 2808 270 2865 mutilatis
284 2809 407 2864 serviens
420 2809 538 2880 triginta
546 2825 646 2874 annos,
656 2809 696 2863 ita
708 2808 931 2880 Deumplacavit,
973 2811 1106 2876 vindicas,
1125 2812 1173 2884 qui
1187 2817 1358 2886 appetuntur
1370 2815 1517 2870 calumniis
1527 2836 1534 2884 ;
1544 2818 1590 2872 cui
1605 2819 1680 2872 nihil
1689 2821 1775 2890 placet

130 2898 341 2972 propitiumque
355 2898 486 2962 reddidit,
506 2903 538 2954 ut
551 2898 662 2953 cuidam
677 2903 774 2952 sancto
786 2900 933 2971 presbyte·
973 2900 1121 2971 injustum,
1137 2919 1220 2957 omne
1234 2909 1329 2957 autem
1344 2910 1520 2959 momentum
1533 2911 1649 2962 statere
1660 2909 1774 2978 justitie

129 3001 164 3044 ro
178 2988 360 3050 revelaretur,
376 2987 453 3041 illam
465 2987 524 3042 Deo
538 2986 629 3056 magis
643 2986 782 3057 placuisse
797 2987 826 3041 in
841 2988 932 3059 poeni-
974 2995 1045 3043 esta
1060 2995 1088 3045 te
1112 3008 1241 3062 semper3
1263 2997 1338 3046 astat
1351 2992 1425 3046 enirn
1449 2993 1501 3048 tibi
1516 3001 1656 3066 perpetuo
1680 2998 1727 3051 lux
1740 2998 1774 3053 ad

127 3076 220 3132 batia
234 3093 319 3148 quam
329 3076 359 3130 in
375 3075 543 3146 virginitate.
556 3075 621 3129 Haec
632 3082 726 3130 eutem
735 3075 874 3140 scribone
885 3063 963 3131 eosG
974 3094 1059 3149 quam
1073 3096 1130 3135 non
1145 3085 1224 3150 patet
1237 3081 1340 3145 aditus,
1356 3087 1384 3136 et
1409 3098 1492 3137 omne
1509 3100 1581 3154 opus
1595 3085 1721 3140 hominis
1735 3092 1775 3142 est

129 3165 180 3237 qui
195 3166 284 3221 multa
312 3169 438 3237 peccant,
455 3169 484 3218 et
510 3180 543 3218 ex
557 3164 653 3218 animo
668 3180 701 3218 ac
723 3163 831 3219 sincere
844 3171 933 3236 agunt
973 3184 1068 3222 coram
1084 3175 1122 3223 te.
1139 3170 1188 3224 Est
1202 3185 1269 3241 ergo
1284 3171 1326 3224 tui
1335 3172 1407 3243 justi
1424 3177 1453 3226 et
1463 3172 1653 3228 immutabilis
1664 3175 1771 3244 judicii,

129 3253 336 3326 penitentiam,
346 3258 579 3308 contemnamus:
596 3253 669 3307 sicut
685 3253 741 3307 hac
758 3252 849 3319 beata,
869 3271 931 3325 que
970 3259 1018 3328 jus
1033 3273 1143 3330 quoque
1162 3274 1257 3312 meum
1276 3260 1469 3330 pronuntiare.
1496 3261 1658 3316 Efficaciter
1681 3271 1773 3318 autem

129 3358 276 3399 corsuum
289 3342 431 3409 contrivit,
447 3340 515 3397 etin
530 3340 690 3397 humilitate
704 3341 791 3396 vitam
806 3359 886 3398 suam
895 3343 930 3398 li·
972 3352 1071 3400 orante
1085 3347 1270 3415 adolescente,
1279 3353 1309 3402 et
1321 3348 1350 3403 in
1362 3349 1471 3420 jejunio
1482 3349 1636 3420 diligenter
1649 3368 1774 3421 perseve-

130 3430 260 3504 quefecit,
267 3447 324 3488 non
332 3432 462 3503 despecta
477 3429 559 3487 suita
572 3430 692 3487 Domino
702 3446 800 3486 eorum
814 3433 862 3503 qui
878 3431 930 3487 dn·
970 3439 1062 3500 rante,
1079 3435 1155 3489 intra
1176 3434 1259 3490 breve
1283 3442 1395 3509 tempus
1413 3436 1566 3493 adfuerunt
1586 3439 1700 3494 dolores
1715 3442 1774 3510 ejus

131 3525 234 3577 cuntur
246 3520 426 3594 penitentia.
971 3529 1078 3595 pertus.
1095 3525 1222 3595 Cumque
1234 3520 1394 3580 advenisset
1406 3526 1486 3595 hora,
1509 3527 1601 3582 adfuit
1613 3530 1701 3583 etiam
1713 3531 1773 3599 jus·

416 3608 537 3667 CAPUT
555 3607 649 3665 exul.
971 3617 1033 3667 turn
1047 3612 1098 3666 Dei
1110 3613 1258 3683 judicium,
1284 3614 1404 3697 all'erens
1416 3616 1613 3670 vehementem
1628 3624 1659 3673 et
1673 3619 1772 3673 intele-

129 3704 169 3762 na
181 3705 403 3777 fllioprcsbptcrr'
415 3720 476 3776 que
489 3706 616 3760 leetomm
630 3703 805 3758 calumniata
819 3709 890 3771 crat,
905 3710 931 3759 ct
971 3701 1089 3755 rabilem
1104 3702 1230 3757 dolorem
1244 3703 1270 3758 ei
1285 3720 1347 3774 quae
1361 3705 1454 3759 fuerat
1465 3706 1659 3760 calumniata:
1688 3708 1773 3777 gerni»

397 3793 542 3849 Eustotbio
559 3795 665 3846 lectore.
970 3796 1051 3845 tuum
1066 3791 1204 3846 immensa
1220 3793 1383 3858 multitudo,
1399 3793 1508 3848 labores
1517 3800 1617 3865 partus
1627 3795 1772 3850 inenarra-

168 3880 323 3954 cajvdam
334 3879 490 3954 presbyteri
500 3879 560 3935 filia
573 3879 650 3950 virgo
665 3878 694 3933 in
707 3879 835 3935 Cesarea
844 3881 930 3938 Palae-
970 3877 1049 3947 biles,
1061 3879 1162 3934 inferni
1177 3881 1378 3952 suppliciorum
1392 3882 1513 3937 visiones
1533 3883 1688 3949 terribiles,
1702 3886 1773 3939 banc

131 3969 213 4028 atinae
234 3965 324 4044 lapsa,
348 3969 384 4026 ab
403 3986 436 4025 eo
451 3969 497 4042 qui
521 3970 547 4024 ei
569 3968 670 4024 vitium
690 3969 824 4024 attulerat
848 3971 930 4028 docta
971 3968 1106 4022 miseram
1123 3968 1233 4024 fortiter
1248 3969 1418 4044 obsidentes,
1434 3976 1463 4026 et
1477 3971 1569 4027 infans
1586 3982 1704 4044 propter
1717 3992 1773 4028 ma-

128 4059 234 4127 luerat,
247 4065 280 4116 ut
293 4059 443 4132 quemdam
458 4058 579 4114 civitatis
594 4057 727 4113 lectorem
741 4059 930 4116 calumniare·
970 4057 1148 4126 gnitudinem
1164 4075 1220 4113 non
1235 4058 1365 4130 prodibat
1387 4076 1421 4113 ex
1445 4065 1536 4114 utero.
1558 4061 1702 4117 preteriit
1715 4064 1773 4118 dios

27 4153 36 4172 ⁸
129 4153 188 4216 tur,
199 4155 228 4205 et
237 4149 311 4220 quad
325 4154 458 4221 corrupta
467 4154 552 4214 esset,
568 4147 598 4203 in
613 4164 679 4203 eum
693 4147 805 4219 culpam
819 4150 929 4204 confer·
972 4147 1080 4217 primus
1093 4153 1121 4201 et
1134 4148 1282 4215 secundus,
1298 4154 1327 4202 et
1340 4148 1451 4203 dolores
1466 4155 1548 4204 erant
1566 4151 1771 4206 intolerabilio-

130 4244 184 4294 ret.
199 4238 564 4310 Cumqueserretventrem,
576 4242 684 4308 epatre
698 4253 750 4291 suo
766 4239 928 4295 examinata
971 4251 1036 4303 res,
1061 4237 1222 4292 adventavit
1236 4237 1336 4292 tertius
1351 4243 1381 4290 et
1394 4245 1521 4308 quartus,
1537 4244 1569 4294 et
1591 4247 1707 4295 secutus
1731 4247 1772 4295 est

130 4327 287 4383 nominavit
299 4327 443 4382 lectorem.
468 4327 528 4381 Hoc
550 4342 614 4381 cum
628 4324 763 4380 audiisset
784 4326 931 4398 presbyter
971 4324 1051 4378 dolor
1064 4325 1159 4379 multis
1169 4325 1307 4396 partubus
1321 4326 1434 4396 gravior
1445 4345 1451 4389 ;
1463 4327 1580 4396 quintus
1595 4334 1624 4382 et
1635 4336 1731 4383 sertus
1745 4336 1771 4383 et

130 4415 314 4473 conturbatus
323 4415 422 4471 retulit
430 4416 467 4470 ad
476 4413 715 4487 episcopumfloc
724 4431 789 4470 cum
798 4417 964 4476 audiissetD
973 4413 1108 4484 septimus
1119 4413 1295 4480 tenebrosus,
1303 4422 1331 4469 et
1338 4414 1433 4469 infelix
1439 4416 1543 4470 mulier
1552 4433 1586 4471 ex
1595 4418 1688 4472 multo
1698 4419 1771 4473 dolo

131 4504 604 4578 episcopas,convoeavitconcilium
614 4503 800 4569 sacerdotum,
811 4505 931 4576 fecitque
971 4518 1003 4556 re
1016 4503 1181 4557 versabatur
1190 4504 1218 4556 in
1226 4503 1332 4558 inseris.
1345 4504 1377 4558 In
1388 4504 1518 4559 omnibus
1529 4505 1684 4561 hisdiebus
1696 4524 1771 4561 man-

130 4595 223 4650 vocari
236 4595 381 4654 lectorem.
391 4594 482 4665 deque
496 4610 529 4649 eo
547 4592 646 4648 habuit
660 4593 852 4665 questionem,
868 4611 929 4650 rem
962 4591 1007 4644 ‘sit
1018 4608 1109 4662 neque
1119 4593 1234 4647 omnino
1247 4593 1340 4647 cibum
1351 4610 1528 4659 sumens,nec
1540 4596 1686 4650 tantillum
1696 4613 1769 4650 sorn-

131 4683 305 4739 examinans.
326 4683 451 4755 Rogatus
474 4687 570 4737 autem
585 4681 773 4752 abepiscopo,
797 4698 857 4738 rem
872 4699 928 4738 non
969 4696 1037 4735 num
1051 4680 1166 4747 videns;
1192 4682 1240 4735 sed
1261 4681 1382 4736 luctibus
1398 4688 1427 4736 et
1443 4683 1620 4752 gravissimis
1643 4685 1768 4740 dolorum

131 4772 375 4839 fatebaturlecter;
385 4788 451 4827 nam
459 4770 533 4842 quod
543 4770 925 4841 tactumabipsononfuerat,
968 4770 1116 4824 tormentis
1129 4769 1351 4836 succedentibus,
1359 4774 1422 4843 post
1435 4771 1494 4824 haec
1507 4772 1614 4839 omnia,
1626 4773 1731 4828 vitiatas
1743 4779 1770 4827 et

132 4861 272 4931 quomodo
281 4860 336 4915 dici
348 4859 570 4933 poteratllldgre
583 4875 652 4930 ergo
665 4859 757 4913 serens
771 4841 927 4932 episcopus,
970 4856 1046 4913 salse
1069 4859 1247 4914 accusatricis
1265 4876 1313 4913 cor
1328 4859 1489 4927 inflexibile,
1505 4860 1579 4914 victa
1593 4877 1610 4914 a
1625 4862 1678 4917 Dei
1692 4869 1768 4933 pote-

130 4948 297 5019 gravissima
322 4965 388 5004 voce
401 4950 427 5004 ei
442 4948 570 5004 dicebat:
595 4947 658 5003 Non
671 4947 805 5002 fateberis
819 4949 929 5020 lapsum
970 4952 1052 5014 state,
1069 4965 1130 5019 quae
1150 4965 1206 5003 non
1220 4949 1294 5002 cadit
1306 4947 1358 5001 sub
1373 4954 1527 5020 aspectum,
1544 4949 1767 5005 intolerabilibus

130 5042 256 5102 tuum,et
266 5053 332 5109 ages
343 5039 567 5110 poenitentiam,o
579 5037 673 5092 infelix
683 5038 799 5108 etplene
809 5037 930 5093 immun·
970 5037 1113 5093 doloribus
1126 5038 1235 5093 addidit
1249 5037 1334 5091 etiarn
1349 5037 1563 5102 confessionem,
1577 5039 1691 5109 lugubri
1706 5056 1767 5094 voce

131 5123 221 5181 ditia?
238 5125 393 5197 Respondit
402 5128 502 5186 lector:
519 5128 596 5198 Rogo
607 5132 654 5193 te;
679 5126 736 5180 diri
750 5126 778 5181 id
794 5127 868 5197 quod
882 5144 928 5183 ros
969 5126 1139 5181 exclamans:
1151 5127 1203 5182 Hei
1213 5127 1281 5181 mihi
1297 5127 1413 5181 misera!
1429 5127 1509 5181 venio
1523 5127 1553 5182 in
1565 5128 1723 5198 periculum
1734 5145 1766 5184 nc

130 5220 184 5282 est,-
207 5213 280 5270 hanc
295 5231 355 5270 rem
367 5215 402 5269 ad
417 5233 462 5271 me
478 5216 549 5272 nihil
575 5215 726 5289 pertinere.
750 5215 838 5270 Plane
852 5216 927 5270 enim
967 5232 1090 5286 peream,
1107 5221 1139 5271 ut
1153 5232 1217 5286 quae
1240 5216 1269 5270 in
1282 5215 1338 5270 duo
1351 5215 1425 5269 mala
1440 5215 1598 5281 inciderim,
1621 5234 1721 5289 nempe
1738 5219 1765 5271 in

131 5303 215 5378 eulpa
228 5319 320 5370 careo,
336 5309 369 5359 ut
382 5305 429 5375 qui
444 5305 478 5360 de
493 5322 527 5361 ea
539 5321 576 5360 ne
589 5303 770 5375 cogitaverim
792 5304 905 5376 quidem
918 5324 924 5372 3
970 5303 1138 5359 calumniam
1153 5310 1182 5358 et
1195 5304 1418 5365 fornicationem,
1441 5310 1469 5358 et
1484 5304 1591 5360 amissa
1605 5306 1764 5377 virginitate

131 5395 280 5451 amantem
287 5393 475 5450 vultisaudire
482 5394 510 5449 id
520 5394 594 5466 quod
608 5393 929 5460 wsnonestdicamt
969 5410 1032 5448 sum
1046 5393 1151 5448 tradita
1163 5392 1345 5459 detractioni,
1363 5397 1468 5447 etcum
1484 5393 1554 5447 mihi
1569 5394 1605 5449 sit
1616 5394 1653 5450 ab
1667 5396 1765 5451 alioal·

131 5482 207 5539 Feci.
216 5484 276 5541 lloc
288 5483 424 5558 cumipse
432 5482 557 5551 diusset,
568 5483 697 5555 deposuit
703 5499 768 5538 eum
778 5481 925 5554 episcopus
967 5483 1057 5539 latum
1072 5482 1180 5548 vitium,
1204 5481 1331 5537 accusavi
1352 5481 1498 5537 lectorem.
1514 5483 1588 5538 Gum
1600 5483 1661 5539 haec
1672 5491 1762 5540 autem

132 5569 170 5631 ab
179 5570 406 5645 anaemaris.
420 5572 490 5645 Post
502 5571 556 5631 hoc
569 5571 697 5634 accidens
711 5571 748 5633 ad
761 5570 847 5656 pedes
859 5571 921 5660 epi·
966 5570 1122 5639 audiissent
1131 5570 1253 5647 virgines
1266 5570 1440 5642 monasterii,
1448 5571 1526 5632 Patri
1540 5573 1604 5650 ejus
1613 5574 1710 5636 emnia
1722 5591 1763 5631 re·
