3818 6120
132 298 185 357 stt
692 303 740 359 DE
758 303 853 360 virts
873 301 1023 395 PATRUM
1040 300 1148 359 LIBER
1166 298 1201 354 V.
1719 297 1774 361 918

134 428 207 495 Non,
225 428 275 485 sed
286 429 443 485 donaviilli.
457 426 515 500 Ego
529 428 705 484 autemdixi:
721 431 827 501 Ergosi
839 432 964 492 totumA
975 445 1056 501 spere
1072 426 1213 482 manduca
1226 441 1329 498 panem
1343 430 1373 481 et
1387 425 1448 493 sal,
1465 430 1495 481 et
1516 424 1581 480 veni
1604 424 1719 493 iterum,
1745 430 1774 483 et

132 518 223 589 gratis
240 517 350 584 dedisti,
366 519 505 591 quomodo
519 518 547 575 in
565 519 674 574 modico
694 519 734 574 sic
751 521 932 593 scrupulosus
972 519 1073 591 loquor
1086 516 1148 571 tibi.
1161 515 1214 580 Qui
1230 532 1350 588 pergens
1361 515 1427 571 fecit
1440 515 1490 570 ita.
1514 515 1663 588 Completo
1679 508 1773 572 autam

132 622 195 665 esse
204 606 324 675 voluisti,
334 612 363 664 et
371 607 461 663 iecisti
468 608 667 665 verecundiam
682 609 816 665 mulier-il
972 624 1057 675 anno,
1073 604 1398 662 venititerumsraterad
1407 603 1538 660 abbatem
1546 604 1774 676 Aremcontigit

137 743 140 753 ,
171 695 213 754 15.
238 696 328 753 Senex
352 698 468 769 quidam
482 714 546 753 cum
564 698 620 752 alio
640 715 696 754 uno
712 698 933 756 fratrehabebat
974 703 1069 753 autem
1079 704 1111 751 ut
1124 712 1223 751 rursus
1237 694 1411 750 inveniretur
1425 695 1499 766 apud
1510 710 1576 750 eum
1584 693 1674 750 abbas
1686 693 1773 750 Abra-

131 801 311 841 communem
326 786 421 854 vitam,
438 787 587 842 eratenim
603 804 688 842 senex
700 788 746 843 ille
761 788 930 845 misericors.
974 786 1050 840 ham.
1062 786 1097 840 Et
1110 785 1214 839 iterum
1227 800 1311 839 senex
1324 783 1406 838 fratri
1415 783 1457 839 illi
1471 802 1476 837 :
1489 782 1577 850 Vade,
1584 784 1689 854 ieiuna
1702 799 1773 839 auno

132 874 258 945 Contigit
270 880 366 932 autem
380 881 413 931 ut
424 876 610 944 lieretsamcs,
621 881 649 931 et
660 883 805 950 ceperunt
818 878 932 950 quidam
972 875 1036 942 isto,
1054 879 1082 930 et
1094 879 1157 946 post
1168 873 1285 928 biduum
1291 872 1440 927 manduca.
1450 871 1504 937 Qui
1514 889 1578 928 cum
1588 871 1773 942 discessisset,

131 963 268 1020 venireed
276 965 541 1038 hospitiumejusmt
549 966 708 1038 acciperent
717 981 932 1038 agapem3senex
973 965 1043 1020 dixit
1056 963 1143 1019 abbas
1155 963 1299 1018 Abraham
1311 961 1406 1018 abbati
1417 962 1503 1016 Arem
1512 980 1520 1017 :
1530 961 1626 1027 Quare
1641 962 1774 1018 omnibus

130 1070 197 1110 vero
214 1054 345 1110 omnihus
364 1055 540 1110 venientibus
565 1055 744 1111 ministrabat
757 1072 870 1128 panem.
888 1055 932 1110 vi·
972 1054 1106 1109 fratribus
1120 1053 1180 1107 leve
1189 1053 1291 1123 jugum
1313 1051 1445 1122 imponis,
1469 1051 1555 1107 istum
1578 1067 1645 1106 vero
1660 1050 1774 1108 fratrem

129 1142 200 1199 dens
212 1149 309 1199 autem
322 1143 410 1200 trater
425 1144 500 1216 quod
514 1143 608 1210 fiebat,
630 1145 699 1200 dicit
713 1145 791 1201 seni:
807 1146 850 1200 Da
862 1145 932 1199 mihi
971 1143 1049 1217 gravi
1063 1142 1174 1198 sarcina
1184 1140 1320 1197 onerasti?
1330 1140 1365 1195 Et
1376 1139 1447 1196 dixit
1456 1140 1482 1195 ei
1492 1157 1578 1196 senex
1589 1159 1595 1195 :
1608 1140 1667 1196 Alii
1676 1139 1775 1198 iratres

128 1238 240 1305 partem
251 1249 344 1289 meam
358 1234 393 1288 de
412 1233 541 1306 panibus,
559 1239 587 1289 et
602 1235 676 1306 quod
690 1235 731 1289 vis
747 1235 790 1291 tac
802 1235 836 1289 de
850 1239 931 1305 parte
972 1232 1113 1307 quomodo
1125 1231 1242 1286 veniunt
1252 1246 1377 1303 quaerere
1386 1229 1427 1284 ita
1437 1229 1645 1297 etdiscedunt,·
1658 1230 1774 1288 hisvero

130 1326 190 1378 tua.
201 1323 292 1378 Senex
303 1339 368 1378 vero
383 1323 478 1378 divisit
490 1341 586 1395 panes,
597 1323 835 1379 etfaciebatmore
848 1323 930 1379 solito
972 1322 1038 1394 quia
1052 1326 1166 1393 propter
1179 1320 1269 1375 Deum
1284 1318 1359 1374 venit
1373 1318 1471 1374 audire
1485 1318 1613 1387 verbum,
1628 1320 1775 1391 operarius

130 1411 338 1484 eleemosynam
352 1412 387 1467 de
402 1416 483 1484 parte
497 1429 561 1472 sua.
583 1413 664 1469 Multi
677 1419 772 1468 autem
785 1429 932 1468 concurre·
972 1416 1068 1466 autem
1082 1416 1125 1466 est
1138 1426 1267 1480 magnus,
1284 1415 1313 1475 et
1327 1408 1463 1481 quidquid
1469 1408 1495 1463 ei
1506 1407 1613 1477 dixero,
1624 1425 1692 1464 cum
1701 1409 1775 1467 omui

130 1500 199 1556 bant
211 1499 248 1556 ad
262 1518 368 1568 senem,
382 1501 530 1558 audientes
544 1503 612 1573 quia
631 1502 761 1557 omnibus
778 1503 867 1557 daret.
882 1501 931 1555 vi·
972 1500 1159 1556 sollicitudine
1168 1498 1242 1565 lacit,
1254 1502 1404 1572 propterea
1417 1499 1650 1571 etegoloquorci
1660 1498 1775 1555 verbum

130 1590 200 1646 dens
213 1594 309 1645 autem
323 1589 398 1645 Deus
413 1591 587 1663 propositum
598 1592 749 1648 voluntatis
763 1593 834 1662 ejus,
847 1591 933 1645 bene·
972 1589 1034 1647 Dei.

129 1678 200 1735 dixit
205 1695 302 1751 penes.
314 1681 413 1736 Frater
426 1686 522 1735 autem
532 1681 589 1749 ille,
603 1682 651 1753 qui
667 1687 813 1753 acceperat
822 1687 933 1752 partem
1010 1678 1035 1736 3.
1052 1679 1245 1734 Narraverunt
1256 1678 1290 1733 de
1308 1676 1409 1732 abbate
1422 1678 1530 1733 loanne
1551 1676 1647 1733 brevis
1661 1683 1775 1735 staura

130 1784 221 1836 suam,
233 1769 339 1824 etnulli
353 1768 448 1836 dabat,
460 1770 633 1841 consumpsit
641 1787 727 1842 panes
736 1787 811 1837 suos,
823 1775 852 1825 et
860 1747 963 1824 dixitB
973 1769 1040 1841 quia
1054 1768 1178 1841 perrexit
1191 1768 1227 1823 ad
1237 1768 1387 1841 quemdam
1397 1767 1653 1824 senemThehaeum
1662 1785 1775 1840 genere,

129 1856 207 1914 seni:
222 1858 362 1922 Quoniam
377 1858 516 1914 modicum
532 1864 583 1927 est,
603 1860 677 1931 quod
692 1860 783 1915 adhuc
793 1858 882 1914 habeo
896 1859 931 1914 de
972 1864 1194 1913 commorantem
1209 1857 1239 1913 in
1254 1857 1360 1929 Scythi,
1376 1857 1424 1930 qui
1437 1856 1555 1912 sedebat
1567 1857 1598 1912 in
1611 1875 1710 1913 eremo
1726 1858 1777 1926 (Si-

128 1946 248 2020 psnibus
259 1946 339 2013 meis,
358 1946 440 2015 abba,
455 1949 565 2020 suscipe
586 1965 631 2003 me
646 1950 682 2004 ad
701 1965 879 2004 communem
894 1948 932 2003 vi·
972 1949 1206 2014 milclticlib.1v,
1232 1964 1256 2002 c.
1282 1945 1325 2013 tt,
1342 1963 1374 2002 ea
1387 1945 1529 2017 Sulpicio).
1545 1947 1663 2003 Tollens
1682 1953 1776 2003 autem

129 2035 237 2092 iamEt
246 2035 316 2091 dixit
325 2035 352 2091 ei
370 2049 470 2091 senex:
484 2038 630 2101 Quomodo
641 2038 779 2104 vislerio.
791 2039 827 2093 Et
842 2054 931 2110 coepe·
972 2036 1123 2109 aliquando
1139 2035 1225 2091 abbas
1239 2037 1301 2107 ejus
1315 2035 1424 2107 lignum
1446 2035 1562 2104 siccum,
1580 2037 1732 2109 plantavit,
1749 2043 1777 2095 ct

129 2130 197 2181 runt
205 2125 310 2181 iterum
324 2125 409 2180 simul
424 2142 486 2181 esse
499 2132 528 2182 et
541 2129 731 2183 communiter
740 2128 932 2183 vivereFacta
973 2126 1044 2180 dixit
1058 2125 1102 2183 ei:
1124 2126 1179 2180 Per
1194 2125 1253 2180 dies
1266 2125 1393 2196 singulos
1407 2125 1488 2181 mitte
1503 2125 1530 2180 ei
1543 2126 1578 2180 ad
1593 2126 1699 2199 pedem
1714 2128 1775 2199 ejus

129 2219 225 2272 autem
237 2215 341 2270 iterum
353 2220 478 2286 egestate
490 2215 663 2284 victualium,
672 2217 822 2273 veniebant
828 2217 932 2273 iterum
973 2215 1102 2285 lagenam
1111 2231 1200 2287 aqua,
1211 2215 1298 2270 donec
1306 2214 1428 2271 tructam
1437 2215 1531 2270 faciat.
1544 2216 1613 2270 Erat
1622 2217 1777 2290 verolonge

128 2304 298 2375 indigentes,
313 2308 346 2359 ut
364 2304 523 2377 acciperent
543 2323 674 2378 agapem.
692 2307 818 2377 Contigit
831 2311 928 2361 autom
973 2303 1061 2359 abeis
1076 2321 1159 2376 aqua,
1175 2311 1208 2359 ut
1229 2321 1247 2358 a
1273 2320 1336 2359 sero
1351 2308 1490 2375 pergeret,
1504 2309 1536 2358 et
1549 2320 1637 2360 mane
1652 2305 1775 2375 rediret3

129 2410 188 2450 una
201 2394 247 2449 die
258 2397 291 2449 ut
304 2393 424 2448 intraret
435 2394 523 2449 frater
537 2395 594 2462 ille,
614 2401 643 2451 et
655 2395 762 2450 videret
774 2396 841 2466 quia
855 2395 932 2450 dele·
972 2399 1037 2466 post
1045 2400 1103 2449 tres
1111 2400 1205 2448 autem
1215 2408 1304 2448 annos
1314 2393 1400 2448 viruit
1407 2393 1514 2464 lignum
1525 2394 1607 2463 illud,
1616 2400 1647 2449 et
1656 2397 1777 2452 tractum

128 2481 419 2554 oerantpsnes.Venit
428 2491 525 2538 autem
539 2489 568 2538 et
577 2501 684 2556 pauper
691 2484 930 2557 postulanson
973 2482 1047 2538 lecit.
1062 2484 1181 2538 Sumens
1198 2488 1294 2538 autom
1309 2497 1342 2536 ex
1348 2482 1441 2537 fructu
1450 2483 1511 2553 ejus
1521 2500 1619 2550 senex,
1631 2483 1730 2540 attulit
1743 2485 1777 2541 ad

131 2587 260 2643 agapem.
278 2572 368 2627 Senex
381 2587 449 2641 ergo
461 2571 532 2627 dixit
545 2573 625 2628 fratri
640 2574 681 2629 illi
695 2591 700 2626 :
720 2575 763 2629 Da
777 2574 803 2628 ei
817 2591 929 2645 panem.
974 2573 1130 2637 ecclesiam,
1144 2577 1173 2627 et
1186 2572 1257 2626 dixit
1265 2572 1413 2628 iratribus:
1426 2572 1551 2645 Accipite
1569 2578 1598 2628 et
1609 2574 1776 2633 manducate

131 2660 168 2717 Et
182 2659 271 2716 dixit:
296 2663 360 2717 Jam
381 2679 437 2716 non
464 2661 563 2730 habeo,
581 2663 675 2718 Pater.
692 2663 727 2718 Et
741 2663 812 2719 dixit
825 2680 929 2721 senex:
973 2662 1096 2717 fructum
1110 2660 1284 2716 obedientiae.
1425 2648 1428 2659 '

130 2748 218 2816 Iuba,
227 2756 256 2804 et
268 2767 371 2822 quare.
383 2753 530 2823 Ingressus
539 2758 635 2807 autem
650 2753 746 2819 trater,
767 2753 887 2808 attendit
903 2758 932 2808 et
1010 2750 1035 2808 t.
1051 2750 1188 2806 Dicebant
1201 2751 1236 2805 de
1249 2752 1263 2806 J
1266 2767 1366 2818 oanne,
1375 2751 1424 2824 qui
1434 2751 1487 2807 luit
1500 2751 1657 2824 discipulus
1670 2751 1777 2810 abbatis

130 2837 202 2894 vidit
224 2840 433 2910 repositionem,
454 2842 483 2896 in
497 2859 554 2913 qua
577 2841 772 2914 paneslraberi
794 2841 931 2909 solebant,
973 2840 1064 2908 Pauli,
1095 2841 1162 2913 quia
1185 2857 1294 2911 magna
1314 2839 1480 2896 obedientia
1494 2841 1678 2911 lueritffluff.
1697 2846 1718 2898 1.
1734 2857 1775 2909 111,

133 2927 272 2998 repletam
297 2930 427 3001 panibus.
451 2931 532 2995 Quod
560 2948 624 2986 cum
638 2932 762 3000 vidisset,
780 2931 934 3000 timuit;et
975 2947 1054 2984 tricor.
1067 2928 1238 2997 bi;Pascb.,
1252 2947 1275 2985 c.
1291 2928 1318 2997 2,
1331 2944 1360 2985 a.
1373 2929 1410 3001 i).
1421 2930 1489 2985 Erat
1502 2935 1599 2986 autem
1613 2930 1644 2986 in
1657 2932 1779 3004 quodam

132 3016 236 3073 tollens
249 3016 327 3073 dedit
337 3020 467 3091 pauperi3
479 3025 564 3091 atque
577 3020 617 3075 ita
631 3037 801 3091 cognoscens
810 3021 894 3075 fidem
904 3025 934 3075 et
974 3020 1034 3074 loco
1050 3018 1195 3086 memoria,
1221 3024 1250 3074 ct
1274 3017 1420 3073 habitabat
1433 3019 1462 3073 in
1481 3036 1515 3074 ea
1530 3019 1621 3076 leena
1644 3021 1777 3093 pessima,

130 3104 268 3163 ·virtutem
284 3108 369 3175 senis,
383 3109 552 3180 glorificavit
565 3109 666 3165 Deum.
940 3081 1077 3163 Cilidens
1101 3113 1197 3163 autem
1216 3124 1301 3163 senex
1324 3108 1399 3162 circa
1424 3108 1516 3180 ipsum
1537 3110 1634 3164 locum
1654 3117 1778 3166 memora

254 3196 427 3253 LIBELLUS
451 3198 609 3253 DECIMUS
630 3198 806 3265 QUARTUS,
973 3196 1069 3253 lemnae
1083 3196 1181 3269 ipsius,
1198 3197 1270 3252 dixit
1291 3197 1409 3253 loanni:
1430 3198 1506 3252 Vade
1525 3203 1554 3253 ct
1567 3199 1640 3253 aller
1653 3204 1779 3255 stercora

417 3288 454 3341 Do
478 3289 641 3342 obedientia.
974 3286 1032 3344 illa,
1049 3287 1085 3341 Et
1098 3287 1146 3342 ille
1160 3287 1231 3342 dixit
1255 3286 1299 3342 ei:
1322 3287 1356 3341 Et
1369 3286 1437 3359 quid
1456 3287 1538 3353 facio,
1555 3286 1639 3353 abba,
1663 3295 1778 3362 propter

169 3375 297 3431 theate
306 3375 448 3432 memoriae
459 3375 545 3431 abhas
555 3376 690 3431 Arsenius
698 3375 768 3431 dixit
781 3377 933 3448 aliquando
975 3375 1093 3430 leaenam
1108 3376 1206 3430 illam?
1221 3375 1311 3431 Senex
1323 3382 1419 3431 autem
1437 3375 1586 3431 subridens
1607 3376 1732 3432 dixitei:
1749 3378 1777 3434 st

131 3464 230 3521 abbati
244 3467 421 3521 Alexandro:
438 3466 556 3531 Quando
571 3466 786 3538 perexpenderis
794 3467 933 3538 palmulas
976 3465 1085 3520 venerit
1098 3470 1196 3521 contra
1209 3470 1247 3532 te,
1264 3465 1321 3536 liga
1340 3464 1429 3532 illam,
1447 3469 1476 3520 et
1489 3465 1558 3521 aller
1571 3465 1638 3522 huc.
1652 3467 1778 3523 Perrexit

135 3558 209 3621 tuas,
222 3556 360 3611 tuncveni
374 3562 403 3610 et
420 3561 583 3626 gustemus;
600 3555 624 3609 si
641 3562 735 3610 autem
750 3556 838 3627 aliqui
852 3573 935 3628 pere·
975 3570 1042 3626 ergo
1067 3554 1154 3609 frater
1165 3555 1223 3610 illic
1238 3571 1363 3626 vespere,
1378 3559 1407 3610 et
1420 3572 1484 3610 ecce
1498 3554 1575 3610 venit
1588 3555 1680 3612 lezana
1695 3572 1778 3630 super

135 3644 211 3715 grini
224 3645 447 3716 supervenerint,
464 3645 578 3699 comedo
596 3661 660 3699 cum
672 3646 721 3699 eis.
733 3645 825 3699 libbas
837 3650 932 3701 autem
975 3644 1066 3716 ipsum
1078 3644 1140 3712 ,ille
1153 3649 1248 3699 autem
1263 3643 1417 3699 secundum
1428 3643 1542 3701 verbum
1552 3645 1632 3700 senis
1641 3645 1777 3718 impeturn

135 3733 294 3788 Alexander
314 3733 405 3788 lenius
426 3739 455 3787 et
477 3734 602 3788 modeste
624 3734 803 3805 operabatur.
822 3735 935 3790 Etcum
976 3734 1041 3789 lecit
1052 3750 1219 3805 supeream,
1230 3734 1776 3805 utteneretillam.Fugitautemleaens,

136 3820 212 3874 farta
224 3820 323 3875 fuisset
336 3821 406 3876 hora
420 3821 617 3883 manducandi.
633 3828 782 3893 supererat
796 3822 887 3878 adhuc
900 3824 935 3879 de
977 3829 1006 3878 et
1018 3820 1189 3894 sequebatur
1203 3823 1328 3890 eamille,
1340 3823 1451 3878 dicens:
1463 3823 1610 3895 Exspecta,
1620 3824 1777 3897 quiaebbas

137 3908 269 3980 palmulis
290 3908 367 3964 suis:
394 3910 491 3965 volens
505 3917 601 3965 autem
616 3911 757 3966 custodire
770 3912 935 3968 mandatum
976 3929 1057 3968 meus
1073 3912 1152 3980 dixit,
1165 3917 1197 3968 ut
1207 3912 1341 3983 ligemte;
1356 3918 1564 3968 ettenenseam
1576 3914 1717 3986 alligavit.
1734 3916 1779 3972 Se·

137 3996 223 4064 senis,
239 3997 373 4054 sustinuit
387 3997 474 4054 donec
489 3999 643 4071 explicaret
651 4000 775 4071 palmas;
790 4000 875 4057 abbas
889 4018 938 4056 au·
978 4018 1032 4057 nex
1046 4007 1142 4056 autem
1156 4002 1343 4073 exspectando
1354 4019 1419 4057 eum
1433 4002 1539 4057 diutius
1547 4002 1677 4070 sedebat,
1693 4009 1722 4061 et
1733 4003 1779 4060 tri·

137 4091 196 4142 tem
211 4087 346 4142 Arsenius
360 4104 424 4143 cum
438 4088 546 4143 videret
567 4090 633 4161 quia
652 4089 786 4157 tardaret,
802 4091 934 4162 gustavit,
978 4090 1123 4145 bulatione
1136 4089 1334 4160 alligabatur,
1348 4097 1378 4146 et
1390 4108 1452 4147 ecce
1467 4091 1548 4146 tarde
1561 4093 1684 4155 renitet
1695 4092 1780 4148 habe·

137 4175 303 4232 existimans
317 4177 384 4248 quia
394 4177 465 4232 sorte
480 4178 507 4232 ei
518 4178 658 4250 peregrini
671 4180 894 4250 supervenerint,
908 4185 937 4235 et
978 4179 1028 4234 bat
1049 4180 1167 4234 leaenam
1188 4179 1266 4234 illam
1288 4180 1416 4251 ligatam.
1434 4180 1514 4245 Quod
1529 4198 1596 4236 cum
1612 4182 1730 4238 vidisset
1742 4198 1781 4238 se·

137 4282 202 4320 cum
211 4265 280 4337 ipsis
289 4266 656 4338 gustaverit.Abhasauteru
664 4270 937 4340 Alexanderpostea·
979 4286 1041 4337 nex,
1058 4268 1214 4325 admiratus
1229 4275 1285 4324 cst:
1304 4271 1398 4326 volens
1412 4276 1507 4326 autem
1522 4270 1677 4327 humiliare
1691 4273 1778 4341 illum,

138 4371 224 4427 quam
238 4355 386 4428 explicavit
407 4373 531 4427 vespere,
548 4358 672 4429 perrexit
683 4358 717 4413 od
741 4358 872 4414 abbatem
886 4361 937 4414 ltr-
979 4358 1079 4414 cecidit
1092 4376 1167 4421 eum,
1193 4352 1222 4414 et
1240 4358 1332 4413 dixit:
1363 4361 1468 4415 Bavose
1478 4359 1541 4429 (tt),
1556 4376 1658 4416 canem
1673 4361 1779 4418 fatuum

139 4445 259 4500 senium.
276 4445 311 4500 Et
325 4444 395 4499 dixit
405 4445 431 4499 ei
446 4445 532 4500 abbas
542 4448 695 4506 Arsanias:
712 4448 878 4517 Peregrinos
888 4449 938 4503 ali-
979 4448 1119 4503 adduxisti
1132 4447 1201 4503 mihi
1214 4447 1228 4502 ‘i
1242 4448 1333 4504 Solvit
1341 4454 1438 4504 autem
1452 4466 1515 4504 eam
1524 4449 1625 4505 statim
1641 4458 1779 4519 sene1,et

140 4549 211 4605 quos
225 4533 369 4589 habuisti?
385 4533 423 4588 Et
437 4535 519 4589 dixit:
535 4536 607 4590 Non.
624 4537 659 4591 Et
670 4536 716 4590 ille
735 4537 826 4590 dixit:
844 4537 936 4601 Quare
978 4537 1086 4592 dimisit
1099 4537 1191 4592 redire
1205 4538 1240 4592 ad
1257 4539 1349 4593 locum
1364 4556 1458 4595 suum.

138 4639 206 4695 ergo
219 4639 277 4678 non
291 4623 390 4678 venisti
404 4622 416 4677 l
430 4623 465 4679 Et
479 4625 637 4698 respondit:
660 4624 732 4688 Quia
746 4625 840 4680 dixisti
855 4626 935 4693 mihi,
1015 4628 1040 4681 5.
1058 4626 1195 4682 Dicebant
1208 4628 1243 4682 de
1258 4626 1359 4682 abbate
1374 4627 1498 4695 Silvano,
1519 4629 1597 4701 quod
1607 4629 1740 4686 hahuerit
1751 4631 1778 4687 in

142 4712 259 4776 Quando
275 4712 428 4768 defecerint
439 4714 538 4785 palma
553 4720 621 4785 tunc
635 4714 707 4769 veni.
716 4714 774 4785 Ego
785 4721 880 4770 autom
891 4716 939 4770 ha·
980 4715 1076 4788 Scythi
1092 4716 1270 4788 discipulum,
1295 4717 1408 4773 nomine
1429 4719 1564 4783 Marcum,
1596 4724 1627 4775 et
1640 4720 1688 4776 hic
1700 4720 1779 4777 luent

140 4799 209 4858 bens
222 4817 381 4859 sermonem
396 4808 476 4858 tuum
489 4803 518 4857 in
528 4803 632 4870 animo,
650 4820 706 4857 non
719 4803 791 4870 veni,
803 4805 937 4875 quiamo·
979 4822 1088 4876 magnae
1095 4805 1467 4880 obedientiaquiqueettam
1473 4807 1597 4880 scriptor
1605 4810 1778 4883 antiquarius

141 4887 177 4943 do
191 4891 327 4960 complevi
342 4909 421 4964 opus.
439 4892 474 4946 Et
494 4892 650 4947 admiratus
666 4898 709 4947 est
723 4910 807 4947 sonex
818 4910 936 4965 scrupu-
979 4901 1047 4949 erat:
1058 4894 1193 4965 diligebat
1200 4900 1295 4951 autern
1303 4913 1367 4951 eum
1376 4913 1460 4951 senex
1468 4901 1587 4969 propter
1593 4897 1779 4955 obedientiam

141 4975 282 5032 lositatem
295 4979 459 5037 obedientias
473 4982 808 5052 ejus,etdixitei:Citius
825 4984 935 5054 disjun-
977 5000 1058 5037 suam
1070 4986 1162 5051 (llum,
1180 4988 1199 5039 t.
1215 4999 1256 5051 ru,
1274 5002 1303 5039 a.
1322 4985 1394 5055 113).
1409 4985 1536 5040 Habebat
1550 4985 1641 5042 etiam
1654 4989 1780 5044 aliosuu·

139 5081 208 5136 gere
221 5064 257 5120 ab
270 5083 354 5139 opere
369 5075 427 5131 tuo.
452 5076 526 5126 utet
540 5070 726 5128 ministerium
740 5072 877 5144 psallendi
893 5073 934 5126 ia·
976 5072 1065 5128 decim
1079 5073 1239 5145 discipulos,
1254 5074 1301 5145 qui
1312 5074 1551 5130 contristabantur
1562 5077 1641 5148 quod
1651 5077 1780 5150 diligebat

129 5152 207 5218 ‚cias
223 5158 253 5208 et
264 5171 367 5225 aquam
381 5157 432 5212 tibi
447 5158 564 5230 implere
582 5177 711 5216 occurras
729 5180 735 5226 ;
755 5160 880 5231 alioquin
899 5161 935 5215 ci·
977 5179 1042 5216 euru
1057 5163 1120 5234 plus
1135 5163 1184 5217 eis.
1202 5163 1282 5228 Quod
1297 5180 1361 5218 curn
1373 5163 1518 5219 audissent
1526 5165 1613 5221 vieini
1627 5183 1712 5223 senes
1721 5166 1780 5240 quir

130 5242 196 5308 ,tius
210 5241 404 5300 debilitabitur
417 5262 517 5320 corpus
531 5256 623 5305 tuum.
977 5269 1061 5307 senex
1074 5253 1136 5324 plus
1146 5269 1212 5308 eum
1227 5254 1337 5308 catoris
1352 5253 1496 5324 diligebat,
1509 5255 1630 5311 moleste
1644 5257 1775 5312 tulerunt.

128 5387 131 5392 ,
175 5331 202 5388 2.
219 5331 304 5387 Venit
318 5332 405 5389 abbas
417 5334 560 5394 Abraham
582 5339 618 5393 ad
636 5339 767 5394 abbatem
782 5339 868 5394 brem
884 5358 891 5407 3
908 5346 937 5394 et
981 5341 1042 5396 Una
1056 5347 1152 5396 autern
1175 5342 1219 5396 die
1236 5347 1373 5398 venerunt
1387 5342 1422 5397 ad
1443 5359 1528 5398 euni:
1545 5360 1619 5415 quos
1638 5361 1778 5402 maumetis

138 5419 347 5485 cumscderent
362 5422 456 5490 simul,
473 5429 634 5497 supervenit
655 5429 770 5500 quidam
787 5429 884 5494 frater,
911 5434 939 5484 et
980 5447 1076 5484 secum
1091 5430 1177 5485 abbas
1192 5431 1331 5498 Silvanus,
1345 5448 1474 5502 egressus
1484 5438 1528 5488 est
1538 5432 1575 5487 de
1586 5434 1661 5489 cella
1681 5438 1779 5503 suaet

125 5508 209 5574 dixit
221 5509 316 5578 abbati
327 5512 427 5594 Aram:
443 5513 493 5568 Dic
503 5515 581 5581 mihi,
594 5517 661 5589 quid
675 5517 775 5572 faciam
792 5528 824 5573 ut
838 5519 940 5574 salvari
981 5520 1066 5591 coepit
1080 5520 1256 5591 singulorum
1270 5521 1472 5596 discipulorum
1486 5538 1607 5577 suorum
1621 5524 1710 5580 cellas
1722 5524 1779 5597 pul·

145 5599 259 5673 possim.
271 5601 306 5658 Et
323 5600 392 5661 dicit
404 5603 430 5660 ei
444 5615 541 5663 senex:
553 5605 640 5676 Vade,
657 5612 716 5663 toto
733 5624 807 5666 anno
823 5607 876 5667 isto
892 5626 940 5667 vc·
982 5625 1054 5678 sare,
1070 5609 1179 5669 dicens:
1197 5612 1295 5671 Frate
1308 5611 1367 5681 ille,
1384 5610 1455 5681 veui,
1467 5611 1534 5686 quia
1548 5629 1623 5687 opus
1639 5618 1670 5673 te
1683 5612 1777 5673 habeo.
