3818 6120
128 252 196 321 llil
689 263 737 320 ΒΕ
754 262 849 321 VlTlS
867 262 1016 322 PATRUM
1034 265 1144 327 LIBER
1160 262 1236 323 vui.
1704 260 1771 322 lili!

130 403 197 443 nem
210 385 271 444 Dei.
284 386 313 442 Si
327 402 390 442 eam
401 386 436 441 de
449 402 495 441 me
514 385 675 459 opinionem
698 388 874 462 concepistis,
888 388 997 453 aitAin
1011 406 1096 447 suum
1104 387 1272 464 maureium
1290 386 1365 460 quod
1375 386 1435 459 ipse
1447 387 1610 455 aedificarat,
1622 387 1653 444 in
1667 403 1723 460 quo
1735 389 1772 445 si-

130 476 236 533 Ohristi
249 492 356 540 servus,
381 474 451 530 mihi
472 476 507 531 de
529 480 630 532 caetero
652 477 767 533 credite.
787 479 865 544 Ecce,
882 495 928 533 me
969 482 1004 533 tae
1017 483 1084 534 aunt
1097 476 1349 550 reliquimloannis
1364 476 1515 547 Baptistae3
1530 482 1560 532 et
1577 492 1644 533 cum
1662 494 1714 548 pro
1739 495 1771 533 eo

129 570 298 638 proptervos
312 564 384 636 eligo
398 564 539 637 hospitum
552 566 872 639 exceptorem.Cumque
881 583 928 638 pe·
968 565 1216 638 orassetusquead
1225 565 1326 621 horam
1333 561 1556 620 nouamahlrora
1564 563 1659 628 tertia,
1669 581 1771 619 sanum

129 654 242 710 cuniam
258 653 419 724 accepisset,
435 659 464 709 et
474 654 567 710 infixis
585 655 666 712 vallis
681 662 791 728 septum
802 661 928 713 censtru-
967 654 1091 710 reddidit
1105 654 1312 709 adolescentem
1321 652 1416 714 matri,
1424 652 1558 709 eteoclem
1566 651 1612 707 die
1622 658 1651 707 et
1661 652 1772 724 paraly-

120 743 224 810 ·xisset,
240 748 269 798 et
281 743 368 798 lectos
377 742 413 798 ad
428 749 567 799 trecentos
579 744 733 809 statuisset,
751 744 868 800 curabat
880 761 927 799 eos
968 743 1021 799 sim
1041 743 1149 815 expulit
1161 747 1190 797 et
1199 742 1366 798 daemonem.
1381 741 1450 799 Erat
1463 746 1560 797 autem
1569 741 1635 796 talis
1647 742 1710 813 eJ'us
1726 758 1773 814 pa·

129 832 178 903 qui
187 831 357 887 infirmiores
365 837 455 896 erant,
465 833 663 905 suppeditabat
674 833 708 888 iis
717 834 764 905 qui
775 833 853 889 fame·
864 850 928 888 con·
968 832 1118 904 ralysis,ut
1126 848 1230 905 spuens
1240 836 1430 903 puertergum
1439 846 1524 887 suum
1533 835 1706 904 conspueret
1716 849 1722 899 ;
1733 830 1774 885 ita

131 920 298 977 liciebantur
314 935 320 970 :
337 937 385 976 eos
400 921 513 993 quidem
529 922 576 993 qui
587 922 755 977 deficiebant
769 922 925 994 sepeliens;
969 927 1030 976 erat
1044 921 1181 977 inversus.
1196 920 1281 976 Aliud
1294 937 1406 975 rursum
1421 919 1474 975 fuit
1487 921 1550 991 ejus
1558 919 1774 992 signquuae·

100 1010 109 1023 ‘
129 1026 227 1066 eorum
242 1026 307 1065 vero
316 1009 366 1081 qui
379 1026 457 1081 spem
470 1011 534 1065 vitae
548 1009 795 1066 habebantcuram
808 1027 926 1083 gerens;
968 1011 1032 1066 dem
1044 1027 1190 1082 anusque
1205 1027 1269 1065 oves
1279 1008 1412 1082 pascebat
1418 1009 1521 1065 inlecis
1532 1009 1652 1065 Latmia
1661 1009 1772 1077 ricinis,

129 1105 158 1155 et
171 1099 298 1155 utsemel
310 1098 411 1166 dicam,
421 1098 573 1171 hospitium
583 1099 929 1172 etministeriumpropter
969 1105 1090 1156 ctorem
1105 1100 1249 1166 amiserat,
1265 1098 1383 1154 accessit
1394 1099 1428 1153 ad
1443 1115 1509 1153 eum
1525 1099 1611 1167 tlens3
1630 1115 1718 1170 quam
1732 1117 1776 1155 se·

129 1186 654 1260 tamemquotidiecxhibensexiisqua
663 1188 926 1262 suppeditabantur.
968 1195 1051 1245 cutus
1059 1189 1125 1244 dicit
1136 1189 1162 1243 ci
1179 1206 1185 1242 :
1197 1188 1320 1244 Ostende
1335 1187 1405 1242 mihi
1418 1188 1510 1242 locum
1524 1187 1572 1243 uhi
1587 1186 1775 1243 amiseris&

129 1277 248 1349 impleto
269 1293 336 1348 ergo
351 1293 435 1343 anno,
451 1294 515 1333 eum
539 1276 719 1333 successisset
744 1277 883 1345 fertilitas,
900 1282 929 1335 et
968 1295 1034 1334 raro
1049 1277 1127 1333 ducit
1138 1294 1203 1333 eum
1219 1278 1255 1332 ad
1275 1278 1337 1333 loca
1352 1294 1413 1349 quae
1428 1282 1494 1333 sunt
1508 1275 1583 1332 circa
1602 1276 1768 1336 Lazarmm.

130 1366 226 1422 omnia
237 1371 314 1420 recte
323 1366 513 1431 antecederent,
530 1382 594 1420 cum
603 1366 674 1421 nihil
686 1366 929 1439 haberetamplius
970 1367 1054 1422 Stans
1064 1383 1132 1438 crgo
1147 1366 1247 1422 orarit.
1261 1366 1315 1431 Qui
1329 1365 1459 1421 suffurati
1474 1372 1571 1422 autem
1585 1373 1668 1422 erant
1681 1366 1774 1422 adole·

130 1456 205 1527 quod
221 1461 326 1527 ageret,
338 1455 480 1526 ingressus
496 1459 539 1509 est
550 1454 580 1510 in
594 1472 675 1510 suam
691 1456 805 1524 cellam3
824 1461 931 1529 etpost
971 1461 1089 1522 scentes,
1105 1457 1196 1528 ipsam
1212 1456 1291 1528 prius
1305 1454 1558 1511 occiderant.Dum
1569 1456 1774 1529 ergoipseera·

129 1560 255 1599 mensem
267 1548 310 1598 est
319 1548 456 1608 mortuus,
468 1560 532 1598 cum
541 1544 617 1598 Deus
627 1543 653 1598 ei
669 1543 741 1599 hanc
752 1545 928 1600 occasionem
969 1550 1022 1612 ret,
1035 1544 1148 1600 nemine
1159 1546 1321 1611 conetense,
1332 1561 1416 1600 carne
1431 1545 1572 1599 occultate
1584 1545 1616 1600 iu
1626 1545 1719 1613 vinea,
1727 1544 1776 1600 ali·

130 1633 296 1706 praebuisset
312 1633 498 1705 adipiscendae
508 1650 617 1688 coronae
629 1633 658 1687 in
671 1634 804 1689 extremis
818 1634 926 1690 diebus.
970 1634 1060 1690 eunde
1074 1634 1295 1689 venienscorvus
1305 1633 1776 1704 stetitsuprafurtum,etsrustum

130 1722 255 1796 Reliquit
264 1723 590 1795 autemseriptaquoque
599 1722 693 1779 studio
704 1723 790 1796 digna
800 1741 861 1797 quae
873 1743 930 1780 ma·
971 1740 1004 1778 er
1016 1723 1064 1778 illo
1074 1722 1218 1794 rapuit,ae
1232 1738 1331 1777 rursus
1342 1723 1549 1779 evolavitcum
1565 1722 1668 1779 beatus
1678 1729 1776 1779 autem

129 1827 215 1884 guam
231 1811 280 1867 riri
298 1811 429 1867 virtutem
444 1816 594 1868 testantur.
937 1785 1224 1880 Banimadvertisset,
1245 1811 1316 1867 vidit
1329 1816 1482 1867 mactatam
1501 1811 1657 1868 victimam.
1681 1813 1718 1868 Et
1737 1812 1778 1868 sic

438 1900 555 1958 CAPUT
565 1903 626 1960 cll.
968 1901 1086 1972 juvenes
1112 1899 1148 1954 ad
1161 1899 1245 1971 pedes
1261 1900 1322 1970 ejus
1336 1899 1494 1955 accidentes
1515 1899 1638 1956 contessi
1660 1906 1730 1957 sunt
1743 1918 1773 1955 se

376 1991 436 2044 l'itn
448 1991 553 2046 obbatis
567 1995 689 2048 loliani.
971 1988 1147 2055 occidisse,et
1152 1989 1263 2060 justum
1271 1988 1779 2061 pretiumtuitabeisexactum3atque

165 2079 291 2138 Audiria
301 2079 422 2151 quodem
435 2079 465 2134 in
479 2079 536 2134 illis
550 2081 677 2153 pertibus
691 2080 777 2137 tuisse
787 2078 931 2137 lulianum
972 2077 1012 2133 ita
1023 2077 1153 2149 castigati
1168 2082 1244 2146 sunt,
1255 2083 1288 2133 ut
1297 2079 1408 2150 nequid
1418 2079 1475 2133 tale
1488 2078 1612 2150 amplius
1627 2079 1776 2134 auderent.

129 2170 221 2226 airum
230 2167 578 2237 inaximoeexercitationis,
588 2171 636 2241 qui
649 2188 712 2227 cum
724 2187 839 2226 carnem
850 2186 931 2225 suam
1271 2166 1389 2223 CAPUT
1402 2167 1472 2223 CIV.

130 2275 216 2332 supra
230 2257 346 2313 modum
358 2257 513 2324 atllixlsset,
530 2275 594 2314 ossa
614 2261 705 2315 solum
722 2266 751 2314 et
763 2259 863 2331 pellem
875 2258 931 2314 cir·
1222 2258 1282 2311 l'ita
1298 2257 1404 2312 obbatis
1417 2256 1521 2315 Aeolii.

129 2344 310 2401 eumlerebat.
318 2344 383 2401 Isin
392 2345 524 2401 extremis
535 2347 600 2402 linis
614 2347 657 2402 sui
670 2346 769 2403 diebus
780 2347 881 2417 dignus
888 2350 932 2402 est
1008 2346 1115 2401 Rursus
1124 2344 1188 2400 novi
1199 2345 1381 2418 lerosolymis
1393 2346 1557 2416 quemdam,
1571 2348 1689 2403 nomine
1701 2346 1777 2402 Ado·

128 2433 242 2490 habitus
255 2435 349 2506 gratia
362 2435 549 2490 curationum.
972 2434 1052 2502 lium,
1069 2450 1173 2506 genere
1187 2435 1353 2490 Tarsensem
1368 2452 1374 2489 :
1391 2435 1440 2506 qui
1453 2452 1518 2491 cum
1531 2436 1656 2492 venisset
1668 2437 1779 2492 leroso-

428 2524 545 2580 CAPUT
554 2525 628 2580 ClII.
972 2527 1060 2599 lyme,
1073 2526 1217 2597 ingressus
1227 2524 1355 2579 estviam
1370 2525 1486 2580 minime
1503 2525 1601 2581 tritam
1615 2524 1704 2597 (152),
1722 2543 1777 2581 non

373 2614 432 2667 Vita
446 2614 518 2668 beuti
533 2615 699 2668 iunocentii.
972 2632 1058 2688 quam
1071 2613 1153 2669 multi
1171 2612 1291 2685 ingressi
1305 2618 1381 2680 sunt,
1398 2614 1448 2669 sed
1463 2614 1566 2670 selecto
1577 2613 1635 2669 sibi
1653 2615 1776 2687 quodam

168 2702 208 2756 De
221 2699 302 2756 beato
317 2701 480 2756 Innocentio
492 2701 655 2774 presbytero
672 2702 784 2762 Oliveti.
800 2719 818 2757 a
833 2702 929 2759 multis
970 2720 1043 2759 noro
1058 2704 1121 2759 vitae
1131 2703 1272 2758 instituto.
1290 2704 1326 2758 Se
1345 2703 1421 2759 enim
1435 2720 1521 2776 super
1536 2703 1683 2759 bominem
1696 2721 1775 2760 exer·

131 2790 246 2862 quidem
258 2794 287 2845 et
302 2789 412 2860 mugnis
427 2789 541 2846 audiisti
556 2806 562 2848 :
578 2790 667 2846 nihilo
688 2791 779 2848 secius
798 2797 894 2848 autem
913 2809 931 2848 a
970 2794 1044 2860 cuit;
1064 2797 1160 2858 wo
1169 2797 1202 2846 ut
1215 2791 1301 2847 etiam
1312 2792 1366 2863 ipsi
1377 2792 1456 2863 piari
1468 2793 1612 2848 daemones
1626 2794 1775 2849 horrentes

131 2876 212 2933 nobis
220 2877 445 2949 quoqueaudies,
454 2878 502 2949 qui
512 2884 570 2933 tres
582 2895 671 2934 annos
680 2896 745 2934 cum
755 2894 789 2935 ec
799 2880 927 2936 viximus.
970 2883 1032 2953 ejus
1046 2880 1291 2948 austeritatem‚ne
1301 2881 1411 2937 adeum
1421 2881 1536 2954 quidem
1548 2882 1689 2938 auderent
1696 2898 1775 2938 accc-

131 2967 204 3022 Nam
218 2982 279 3039 quae
293 2982 366 3038 saepe
380 2966 443 3021 illos
455 2968 609 3034 latuerunt,
626 2967 706 3023 nobis
729 2968 928 3036 innotuerunt;
971 2972 1047 3030 dere.
1063 2972 1182 3044 Propter
1196 2987 1338 3027 summam
1349 2977 1445 3027 autem
1458 2972 1689 3028 exercitationem
1700 2977 1730 3028 et
1739 2973 1776 3027 η’·

132 3072 222 3126 neque
238 3073 302 3111 vero
312 3072 386 3111 unus
404 3056 446 3110 rel
461 3057 542 3124 alter,
556 3057 604 3112 sed
619 3073 710 3128 neque
724 3057 821 3113 decem
835 3064 932 3130 potue·
971 3060 1079 3133 gillam,
1094 3059 1271 3115 existimatus
1287 3065 1331 3115 cst
1343 3062 1607 3133 essespectrum.ln
1617 3062 1775 3133 quadrage·

130 3150 199 3200 runt
207 3145 292 3217 hujus
307 3145 359 3200 riri
372 3161 488 3200 narrare
497 3146 660 3203 rirtutcsls
674 3141 963 3220 luitlongesimpli·G
974 3150 1047 3205 sima
1062 3148 1136 3204 cuim
1147 3148 1312 3205 comedebat
1321 3154 1385 3221 post
1398 3149 1523 3222 quinque
1532 3150 1669 3217 dies,toto
1680 3155 1775 3205 autem

75 3246 81 3255 ·
129 3233 342 3291 cissimus.0um
352 3239 449 3290 autem
459 3234 718 3290 isfuissetillustris
727 3235 754 3290 in
767 3235 871 3307 palatio
880 3234 932 3291 sub
972 3233 1027 3288 alio
1040 3239 1177 3306 tempore,
1187 3251 1244 3290 uno
1255 3234 1301 3290 die
1313 3235 1538 3306 interjecte.lloc
1547 3242 1644 3291 autem
1654 3236 1775 3306 fuitejus

130 3321 584 3395 imperatoreConstantio(150)in
593 3323 737 3397 principiis
743 3324 930 3397 ejusimperii,
971 3323 1083 3378 virtutis
1098 3340 1233 3395 magnum
1246 3324 1365 3380 facinus.
1380 3325 1405 3381 Α
1419 3341 1536 3398 vespera
1547 3341 1638 3396 usque
1653 3324 1691 3380 ad
1704 3324 1773 3379 illud

128 3413 234 3469 mundo
249 3412 575 3485 renuntiavitprolectus
590 3431 608 3468 a
622 3414 804 3469 matrimonio
817 3433 823 3468 :
837 3414 866 3469 in
877 3432 932 3487 que
973 3416 1083 3484 tempus
1100 3429 1156 3485 quo
1172 3413 1398 3485 congregabatur
1410 3414 1572 3469 fraternitas
1586 3414 1617 3469 in
1632 3414 1773 3477 oratoriis,

130 3497 218 3558 etiam
232 3501 332 3557 habuit
346 3502 446 3569 lilium,
458 3501 577 3558 Paulum
593 3502 716 3570 nomine,
732 3503 780 3574 qui
796 3503 871 3558 inter
885 3504 933 3559 do-
973 3502 1002 3557 in
1020 3501 1140 3573 oliveto,
1152 3501 1182 3556 in
1195 3501 1266 3557 colle
1282 3502 1491 3575 Assumptlonis
1504 3502 1580 3558 unde
1594 3502 1777 3557 ascenditJe-

129 3591 261 3647 mastices
276 3588 506 3662 militabattlbl).
527 3592 555 3647 ls
567 3607 632 3647 eum
643 3597 786 3664 peccasset
801 3592 829 3647 in
845 3591 932 3647 srliam
973 3607 1031 3658 sus,
1040 3594 1176 3663 perpetuo
1188 3590 1280 3645 stabat
1293 3591 1428 3663 psallens,
1438 3596 1467 3646 et
1477 3608 1570 3658 orans,
1580 3597 1610 3647 et
1615 3590 1774 3662 jejunahat;

130 3679 296 3753 presbyteri,
312 3680 482 3752 imprecatus
493 3685 535 3734 est
546 3680 659 3752 proprio
672 3679 730 3735 silio
742 3681 931 3748 Innocentius,
974 3685 1003 3734 et
1016 3679 1073 3734 sive
1088 3677 1212 3751 pluebat,
1226 3679 1285 3734 sire
1293 3679 1490 3751 grandinabat,
1501 3680 1636 3736 rnanebat
1644 3681 1776 3738 immobi-

130 3768 220 3823 Deum
237 3784 349 3839 rogans,
361 3773 390 3823 et
404 3768 500 3823 dicens
512 3787 518 3822 :
532 3769 660 3836 Domine,
669 3770 706 3824 da
714 3769 739 3824 ei
749 3769 888 3841 spiritum,
896 3786 932 3824 ne
973 3769 1018 3824 lis.
1035 3769 1154 3839 Impleto
1178 3772 1274 3823 autem
1299 3774 1427 3840 tempore
1447 3773 1590 3834 consueto,
1612 3769 1776 3825 excitatorio

130 3855 252 3926 amplius
266 3856 391 3910 inveniat
408 3857 469 3926 ejus
482 3872 547 3911 caro
559 3861 671 3928 tempus
682 3857 933 3929 peccandi,melius
974 3857 1075 3911 malleo
1090 3855 1219 3928 pulsabat
1232 3855 1317 3911 cellas
1331 3855 1468 3923 omnium,
1483 3872 1532 3912 eos
1547 3874 1725 3930 congregans
1739 3857 1776 3913 ad

131 3944 285 4000 arbitratus
295 3960 359 3999 eum
367 3960 493 4015 pugnare
501 3961 565 4000 cum
577 3946 704 4001 daemone
712 3962 797 4018 quam
810 3963 875 4002 cum
889 3948 933 4004 in·
974 3946 1106 4012 oratoria,
1135 3951 1164 4000 et
1185 3945 1216 4000 in
1241 3961 1410 4018 unoquoque
1429 3945 1553 4002 oratorio
1575 3962 1635 4001 una
1655 3947 1776 4003 cumeis

131 4031 328 4104 temperantia.
349 4033 428 4098 Quod
447 4032 534 4088 etiam
552 4033 657 4090 factum
677 4040 742 4090 est:
768 4052 834 4091 nam
857 4052 932 4093 nunc
972 4036 1095 4108 psallens
1108 4050 1194 4089 unam
1208 4039 1258 4089 aut
1271 4034 1341 4089 duas
1353 4034 1532 4107 antiphonas,
1545 4040 1574 4090 et
1586 4052 1646 4090 una
1660 4052 1726 4092 cum
1736 4037 1776 4091 eis

132 4138 244 4195 quoque
266 4121 358 4177 adhue
388 4121 475 4177 estin
489 4128 585 4179 monte
600 4123 754 4191 Olivarum,
769 4124 875 4181 ferrum
889 4144 937 4198 ge·
976 4141 1077 4192 orans;
1093 4130 1122 4180 et
1132 4123 1172 4178 sic
1183 4123 1229 4179 die
1237 4123 1584 4196 appropinquanteibatin
1594 4123 1736 4190 cellulam,
1747 4131 1776 4179 et

131 4217 220 4279 stans,
238 4215 267 4266 et
278 4210 459 4282 castlgatusa
472 4210 588 4283 spiritu;
607 4217 636 4267 et
650 4213 725 4284 quod
739 4212 868 4269 mirabile
878 4222 929 4284 est,
973 4210 1465 4279 rererafratribuseumexuentibus,
1481 4215 1510 4267 et
1519 4213 1774 4284 restesexprimen·

131 4297 216 4373 liujus
228 4305 309 4372 pater
320 4299 367 4372 qui
383 4293 453 4355 alios
467 4306 558 4366 sanat,
567 4301 653 4371 hujus
663 4300 796 4356 misertus
806 4319 862 4358 non
878 4311 930 4374 est,
972 4302 1048 4357 tibus
1058 4300 1260 4373 perindequasi
1271 4300 1335 4356 lctae
1347 4299 1513 4356 luissentita
1525 4300 1773 4369 distillantes,eum

132 4390 180 4463 qui
187 4395 266 4445 tanto
273 4396 401 4462 tempore
412 4389 566 4445 adaemonc
574 4389 932 4462 torquetur.lliclnnocen-
972 4391 1035 4446 aliis
1049 4388 1210 4446 induebant
1226 4390 1262 4445 Et
1274 4406 1339 4446 cum
1353 4390 1507 4461 quievisset
1516 4405 1608 4461 usque
1623 4389 1659 4444 ad
1675 4390 1774 4445 boram

130 4479 188 4535 tius
209 4478 278 4555 adeo
298 4477 353 4533 fuit
366 4477 526 4534 misericors
546 4478 675 4548 {sortasse
697 4483 794 4534 autem
817 4458 1258 4551 videborDtertiem,psalmoe'1a
1272 4478 1416 4546 excitatus,
1426 4483 1488 4533 erat
1501 4477 1527 4532 ei
1541 4477 1671 4533 intentus
1685 4494 1772 4550 usque

131 4568 217 4624 etiam
223 4566 324 4639 nugari
334 4567 403 4622 dum
412 4584 479 4623 vera
489 4570 630 4639 narro),ut
637 4584 710 4640 saepe
719 4568 933 4627 sullumretura
973 4568 1009 4623 ad
1022 4583 1176 4639 vesperam.
1192 4567 1258 4622 llaee
1267 4572 1310 4622 est
1324 4583 1390 4639 ergo
1404 4567 1494 4623 virtus
1507 4565 1601 4622 adolii
1616 4567 1770 4635 Tarsensis,

130 4655 275 4722 iratribus,
293 4659 322 4709 et
342 4654 424 4710 daret
445 4654 601 4726 egentibus.
623 4654 688 4710 Fuit
707 4659 803 4709 autem
823 4671 932 4713 summe
974 4655 1021 4729 qui
1033 4662 1244 4712 consummatus
1253 4655 1445 4729 ierosolymis,
1461 4660 1490 4711 et
1499 4654 1539 4710 ibi
1551 4659 1691 4711 aeternum
1703 4672 1773 4712 som·

132 4742 250 4816 simplex
264 4749 293 4799 et
303 4742 445 4799 innocens.
458 4744 486 4799 Is
498 4743 600 4815 dignus
612 4748 656 4798 est
665 4741 778 4798 habitus
788 4743 862 4801 dono
876 4746 931 4801 ad·
972 4761 1042 4802 num
1052 4745 1177 4811 dormiit,
1190 4750 1220 4800 et
1232 4744 1358 4817 sepultus
1372 4749 1425 4800 est.

131 4847 228 4887 versus
241 4832 398 4887 daemones:
416 4833 490 4887 etad
503 4848 569 4887 eum
579 4832 730 4904 aliquando
741 4832 879 4889 adductus
888 4839 932 4890 est
1278 4833 1396 4890 CAPUT
1412 4833 1468 4890 GV.

131 4918 212 4975 nobis
223 4919 380 4977 videntibus
393 4920 556 4976 adolescens
566 4937 651 4994 quem
662 4921 805 4976 invaserat
814 4923 931 4994 spiritus
1218 4925 1255 4979 De
1263 4923 1395 4978 ltromio
1412 4920 1496 4995 (153).

131 5010 161 5063 et
174 5007 320 5079 paralysis,
336 5015 370 5065 ut
383 5026 436 5081 ogo
451 5026 515 5066 cum
532 5009 674 5078 vidissem,
683 5010 819 5065 voluerim
833 5018 931 5084 aperte
1007 5011 1072 5068 Fuit
1087 5011 1200 5084 quidam
1212 5011 1372 5080 abramius,
1386 5027 1490 5082 genere
1502 5011 1663 5090 AEgyptius,
1674 5017 1723 5088 qui
1735 5014 1771 5070 vl·

131 5101 253 5151 matrem
263 5097 400 5167 expellere
409 5115 472 5154 cum
483 5099 545 5155 lisa
560 5098 661 5170 quibus
676 5098 769 5154 fuerat
783 5099 929 5171 adductus,
970 5102 1029 5153 tam
1037 5099 1222 5171 asperrimam
1236 5104 1265 5154 et
1279 5098 1400 5154 maxime
1407 5105 1547 5171 agrestem
1555 5104 1614 5175 egit
1626 5104 1657 5158 in
1671 5104 1770 5160 solitu·

132 5185 286 5257 desperans
300 5201 364 5240 eum
376 5202 456 5257 posse
470 5186 690 5244 curari.Acoidit
703 5195 798 5244 autem
813 5196 846 5244 ut
859 5190 930 5245 inte-
971 5188 1076 5244 diocle
1082 5188 1324 5245 animosauciatus
1330 5187 1365 5243 ab
1371 5188 1570 5263 intempestiva
1575 5193 1768 5264 persuasione,

130 5271 185 5327 rim
198 5269 314 5327 reniens
331 5285 415 5325 senex
435 5272 506 5328 hanc
524 5273 633 5328 rideret
652 5278 803 5341 astantem,
826 5275 931 5332 dellen-
970 5277 1085 5333 veniens
1098 5277 1127 5332 in
1138 5277 1295 5344 eeclesiam,
1303 5277 1447 5334 contendit
1460 5295 1524 5336 oum
1535 5280 1719 5354 presbyteris,
1727 5280 1769 5343 di-

129 5366 253 5433 temque,
260 5365 290 5416 et
303 5358 457 5430 ejulantem
467 5366 581 5433 propter
588 5361 808 5418 inenarrabilem
816 5364 930 5419 calami·
970 5382 1035 5422 cene
1050 5384 1057 5421 :
1073 5367 1165 5423 Noetu
1187 5383 1205 5421 a
1231 5365 1343 5423 Christe
1361 5365 1507 5424 ordinatus
1529 5386 1593 5426 sum
1613 5369 1767 5442 preshpter,

130 5449 284 5505 tatemblli.
299 5448 840 5521 Laerymatuaergopraeclarussenexet
851 5468 928 5508 com·
970 5453 1103 5528 suscipite
1120 5458 1206 5511 meut
1220 5455 1505 5512 sacerdotem.Patres
1514 5473 1579 5513 cum
1589 5457 1770 5515 abduxissent

131 5541 224 5600 notua
237 5536 399 5610 visceribus,
415 5539 529 5612 aocepte
539 5536 715 5596 adolescente
731 5537 876 5612 ingressus
886 5546 930 5599 est
969 5543 1229 5615 euniasolitudine,
1238 5544 1404 5603 etadritam
1411 5544 1593 5606 deduxissent
1601 5549 1768 5609 crassiorem
