3832 6120
89 307 144 365 249
472 312 557 368 VITA
575 312 705 370 saner}
724 314 901 372 Pacflonn
921 313 1072 370 asseris
1090 310 1350 369 TARENNENSIS.
1681 309 1734 367 250

90 434 131 486 tia
146 437 176 488 et
184 434 306 490 aliarum
317 439 467 506 quaerant
475 437 762 508 provectiorisvetatis,
770 439 923 498 sororemA
934 443 988 506 ret,
992 435 1141 507 jejunabat
1150 449 1238 505 usque
1247 433 1282 486 ad
1292 447 1447 504 vesperam.
1455 433 1627 504 Frequenter
1636 437 1731 485 autem

88 538 172 577 suam
182 525 229 578 vel
236 526 394 596 proximam
403 530 491 581 trater
504 527 655 581 cumomni
669 527 777 596 pudore
792 531 821 579 et
828 543 892 596 gra·
933 531 960 580 et
971 525 1090 579 biduana
1095 524 1205 594 jejunia
1213 522 1395 592 transigebat,
1404 539 1454 593 per
1463 523 1533 576 duos
1544 537 1633 575 annos
1642 520 1731 576 omni·

89 612 129 664 tia
139 615 300 668 sanctitatis
307 614 449 680 cernebat,
458 616 529 671 nihil
537 617 561 669 ei
570 615 707 680 deserens,
717 632 767 669 nec
777 632 892 687 prorsus
932 613 983 668 bus
994 614 1124 684 pretiosis
1138 619 1166 666 et
1176 611 1384 665 delicatioribus
1395 611 1463 665 cibis
1476 610 1628 675 abstinens
1641 625 1727 679 seque

87 699 123 753 ab
132 718 168 754 ea
176 703 333 774 quidquam
345 704 493 775 accipiere.
507 706 569 759 Non
581 704 656 758 enirn
667 705 811 775 proprium
825 707 891 777 quid
933 704 968 758 ad
978 704 1129 775 perfectam
1140 701 1350 765 continentiam,
1360 706 1496 771 quantum
1507 707 1574 754 retas
1585 700 1632 753 illa
1642 699 1730 770 patie-

87 789 234 847 babebant
246 793 321 863 quod
330 791 382 847 sibi
393 798 491 848 mutuo
501 793 686 863 largirentur,
700 798 815 865 cratque
824 796 892 849 satis
933 793 1018 848 batur
1033 791 1193 847 extendens.
1205 791 1294 861 Coepit
1306 789 1401 859 itaque
1415 806 1509 843 seeum
1518 795 1652 853 tractare,
1664 805 1731 859 qua-

86 880 227 950 utrisque,
244 881 335 936 solum
363 882 529 936 visitationis
553 882 685 946 othcium,
701 883 891 954 memoriaque
934 887 1016 936 tenus
1031 880 1231 935 monasterium
1243 884 1394 950 expeteret,
1411 883 1568 948 sanctaeque
1583 895 1612 931 se
1628 878 1732 947 regulae

85 968 251 1024 futurorum
257 987 320 1024 curn
326 987 375 1042 spe
386 971 528 1026 felicitatis
536 976 656 1025 aeternae.
666 971 694 1024 Si
707 972 818 1041 quando
827 989 892 1027 vero
934 972 1116 1046 manciparet.
1129 971 1163 1024 Et
1177 970 1309 1023 deserens
1324 968 1419 1022 onmia
1433 984 1494 1039 quae
1504 965 1634 1032 habebat,
1650 983 1732 1038 quos·

87 1058 131 1111 vel
147 1058 184 1112 ad
199 1062 380 1123 structuram,
394 1060 435 1113 vel
451 1059 487 1114 ad
502 1059 586 1114 aliam
601 1059 782 1114 remseminae
794 1077 892 1115 mona·
934 1061 1001 1114 dam
1026 1060 1171 1129 religiosos
1189 1059 1264 1112 viros
1283 1057 1397 1128 reperit,
1424 1057 1530 1127 optima
1553 1055 1731 1110 institutione

87 1146 149 1200 eliis
163 1147 335 1217 indigerent,
351 1148 527 1218 eligebantur
542 1165 650 1219 magnae
674 1151 893 1206 conversationis
932 1150 1056 1203 viventes
1071 1167 1077 1216 3
1095 1147 1284 1219 habitavitque
1307 1146 1437 1212 cumeis,
1453 1146 1482 1199 in
1504 1144 1616 1200 Domini
1629 1144 1730 1201 timore

86 1234 151 1301 viri,
168 1237 219 1306 qui
232 1235 367 1291 iratribus
386 1237 421 1291 ad
441 1237 558 1308 quesita
572 1243 723 1308 praeessent
738 1238 848 1304 officia,
865 1244 894 1294 et
934 1237 1093 1310 proficiens.

86 1340 154 1378 cum
178 1325 282 1378 timore
308 1325 419 1380 Domini
445 1324 615 1390 laborantes
638 1326 797 1381 refectionis
823 1328 893 1381 hera
969 1328 1034 1381 Car.
1051 1326 1135 1379 XXX.
1151 1353 1178 1365 -
1195 1324 1321 1389 Quodam
1336 1340 1401 1377 vero
1415 1329 1552 1393 tempore,
1566 1322 1685 1391 contigit
1701 1326 1734 1376 ut

84 1413 306 1468 revertebantur
323 1415 359 1468 ad
375 1415 586 1479 monasterium,
604 1422 734 1471 caventes
754 1417 829 1487 apud
845 1433 893 1471 eas
933 1422 996 1486 post
1010 1414 1167 1468 orationem
1181 1413 1379 1483 vespertinam,
1392 1428 1456 1466 cum
1472 1411 1602 1465 monaehi
1618 1410 1735 1465 resedis-

87 1502 247 1574 quidquam
260 1502 314 1556 cibi
327 1508 464 1574 potusque
479 1503 632 1574 percipere.
934 1510 1006 1568 sent,
1017 1509 1046 1557 et
1059 1503 1152 1556 divina
1167 1507 1297 1555 consuete
1312 1502 1516 1555 meditarentur
1527 1500 1646 1571 eloquia,
1660 1516 1733 1554 unus

124 1590 190 1644 Una
203 1607 271 1644 vero
286 1592 383 1661 regula
398 1598 455 1645 tam
475 1591 598 1645 virorum
616 1608 702 1662 quam
725 1592 893 1647 feminarum
936 1609 967 1646 ex
983 1593 1022 1646 eis
1033 1591 1189 1662 disputans,
1203 1590 1335 1644 audiente
1350 1606 1460 1660 quoquc
1472 1589 1628 1652 Theodoro,
1643 1588 1734 1642 tuber·

88 1677 234 1748 hodieque
256 1680 398 1750 perdurat,
416 1679 469 1734 nisi
494 1679 569 1750 quod
588 1680 699 1734 sentinae
723 1682 833 1735 melotis
854 1686 895 1748 (ut
937 1682 1067 1735 naculum
1083 1681 1184 1734 veteris
1193 1679 1366 1733 Testamenti
1381 1684 1409 1732 et
1421 1683 1517 1732 sancta
1527 1683 1686 1731 sanctorum
1698 1677 1733 1732 ad

87 1767 225 1837 diximus)
241 1767 359 1822 minime
382 1773 500 1823 utuntur
516 1770 631 1836 (Pallad.
648 1786 670 1823 c.
689 1768 743 1836 39).
761 1771 839 1834 Quod
868 1772 891 1825 si
902 1748 1018 1825 Bnovos
1044 1770 1161 1824 referret
1175 1769 1300 1839 populos,
1319 1767 1354 1821 ad
1369 1767 1608 1821 circumcisionem
1629 1765 1734 1819 scilicet

87 1851 226 1906 defuncta
248 1860 324 1907 esset
343 1853 430 1923 virgo.
447 1861 577 1910 curantes
592 1854 676 1909 sunus
691 1857 752 1926 ejus
768 1850 891 1927 reliquae,
934 1855 1732 1930 atquepraeputiurn,dieensquodexteriustabernaeulum

87 1948 249 2012 cunctaque
259 1943 366 2013 quread
376 1944 697 2015 sepulturampertinent
709 1944 894 2016 adimplentes
934 1950 1054 2018 figuram
1072 1952 1184 2017 gereret
1198 1945 1300 2017 prioris
1315 1944 1410 2017 populi
1422 1944 1593 2006 ludaeorum,
1610 1944 1728 1997 interius

87 2030 258 2086 delerebant
271 2049 360 2103 usque
374 2034 409 2087 ad
425 2033 516 2103 ripam
536 2033 669 2099 ssuniinis,
686 2034 759 2103 quod
775 2039 894 2104 utraque
934 2035 1121 2106 autem,quod
1135 2041 1177 2088 est
1187 2040 1284 2088 sancta
1296 2039 1467 2097 sanctorum,
1478 2032 1651 2087 vocationem
1666 2048 1735 2103 prar-

87 2120 268 2176 monasteria
279 2121 386 2187 dividit,
395 2122 519 2192 psalmos
529 2138 562 2176 ex
575 2138 653 2176 more
664 2127 806 2176 canentes.
817 2124 894 2177 Tunc
935 2127 1059 2196 signaret
1069 2124 1194 2178 omnium
1203 2124 1342 2193 gentium,
1354 2140 1415 2192 quae
1429 2127 1458 2176 et
1470 2121 1630 2176 sacratioris
1640 2120 1734 2175 aditus

87 2214 274 2263 transeuntes
282 2211 411 2264 monachi
422 2227 486 2264 curn
499 2211 585 2266 rantis
598 2211 757 2282 palmarum
770 2217 798 2265 et
812 2212 896 2265 oliva·
936 2213 1085 2268 meruisset
1095 2229 1246 2277 accessum,
1256 2216 1284 2264 et
1294 2213 1432 2281 majorum
1443 2209 1640 2282 mysteriorum
1649 2208 1734 2280 parti·

88 2314 158 2351 rum
186 2297 342 2363 frondibus,
360 2300 511 2370 psallentes
540 2299 759 2354 transvehebant
778 2317 849 2367 earn,
867 2305 896 2355 et
936 2323 1001 2378 ceps
1015 2306 1176 2360 exstitisset.
1188 2306 1242 2358 Pro
1256 2303 1353 2357 hostiis
1364 2304 1438 2357 enim
1454 2302 1627 2366 animalium,
1643 2306 1672 2356 et
1683 2318 1734 2372 pro

92 2387 126 2441 in
142 2386 281 2458 sepulcris
293 2387 352 2442 suis
365 2405 428 2442 cum
442 2389 584 2444 hilaritate
600 2388 765 2444 condebant.
937 2410 999 2448 arco
1008 2395 1037 2447 in
1047 2411 1102 2464 qua
1115 2399 1176 2446 erat
1184 2397 1417 2461 manna,etvrrga
1426 2393 1519 2445 Aaron
1530 2407 1591 2461 qure
1605 2389 1735 2444 frondue-

130 2476 199 2531 Cnr.
210 2477 310 2534 XXIX,
335 2508 337 2512 -
355 2477 490 2532 Hactalis
500 2483 621 2532 actanta
630 2477 804 2532 conversatio
814 2478 896 2549 longe
937 2489 990 2548 rat,
1004 2490 1032 2537 et
1046 2481 1148 2536 tabulae
1161 2481 1332 2542 testamenti,
1350 2497 1400 2550 pro
1421 2480 1564 2534 thuribulo
1580 2495 1690 2549 quoque
1706 2482 1735 2531 et

89 2564 209 2635 lateque
236 2564 422 2632 crebrescens,
451 2567 596 2638 sanctique
622 2566 766 2621 Pachomii
793 2584 895 2621 nomen
937 2588 1036 2626 mensa
1047 2577 1075 2625 et
1088 2569 1255 2625 candelabro
1275 2586 1306 2623 ac
1324 2569 1529 2640 propitiatorio,
1545 2569 1621 2622 Deus
1641 2567 1734 2621 Verbo

89 2652 201 2723 ubique
217 2654 393 2724 Perlessissssssr
410 2671 553 2709 unllersos
568 2656 603 2709 ad
622 2655 745 2725 agendas
760 2656 817 2710 Deo
829 2673 895 2726 gra-
937 2661 1016 2716 nobis
1032 2661 1060 2714 in
1075 2677 1126 2714 sua
1140 2659 1333 2713 incarnatione
1346 2659 1500 2711 clementer
1513 2656 1653 2728 apparuit,
1666 2656 1735 2710 etil-

88 2742 150 2798 rias
160 2742 463 2815 excitabatNonpauci
473 2761 583 2815 quoque
592 2749 802 2800 contemnentes
811 2745 896 2815 hujus
937 2749 1141 2804 luminavitnos
1151 2749 1258 2802 lumine
1268 2765 1325 2802 suae
1336 2747 1504 2817 praesentiae;
1517 2752 1735 2815 nostrorumque

89 2831 499 2903 mundinegotia,singularem
505 2834 896 2890 monachorumconversntie-
936 2838 1076 2893 tactusest
1085 2837 1246 2909 propitiatio
1259 2840 1447 2908 peccatorum,
1460 2840 1489 2888 et
1499 2852 1549 2905 pro
1562 2851 1665 2888 manna
1676 2851 1736 2888 cor-

88 2920 610 2992 nemetspiritaliastudiadiligebant:
620 2923 895 2996 interquosetTheo·
936 2944 988 2998 pus
998 2926 1142 2998 proprium
1150 2926 1268 2996 largitus
1276 2930 1318 2979 est
1328 2924 1364 2978 ad
1374 2924 1523 2978 edendum.
1533 2924 1667 2977 Haeecum
1678 2939 1735 2976 mo-

89 3006 894 3079 domsl3l),adolescensannorumfermexiv,Christianis
936 3016 1033 3070 nachis
1049 3014 1095 3086 qni
1111 3021 1262 3086 praesentes
1277 3014 1403 3078 aderant,
1418 3012 1492 3067 idem
1504 3012 1591 3065 irater
1605 3011 1735 3081 religiose

90 3106 177 3152 onus
186 3098 361 3169 parentibus
370 3104 399 3153 et
407 3101 560 3156 secundum
570 3102 702 3156 saeculum
714 3103 893 3168 valdeelaris‚
904 3135 925 3194 C
937 3105 1095 3168 dissereret,
1110 3103 1219 3156 addidit
1229 3103 1325 3155 dicens
1338 3119 1343 3153 :
1355 3102 1434 3155 Hane
1445 3100 1707 3171 interpretationem
1718 3115 1735 3153 a

88 3187 149 3242 hoc
163 3187 248 3242 modo
260 3204 410 3243 conversus
423 3195 474 3243 est.
486 3189 638 3244 Undecimo
650 3191 695 3245 die
706 3191 810 3245 mensis
823 3191 893 3258 Tibi,
937 3199 1032 3248 sancto
1047 3197 1127 3264 patre
1141 3197 1238 3245 nestro
1254 3190 1405 3244 Pachomio
1417 3189 1511 3254 didici,
1526 3188 1574 3260 qui
1588 3188 1616 3241 in
1629 3187 1736 3243 Taben-

88 3277 187 3342 idest,
204 3280 303 3331 octavo
316 3278 357 3331 ld.
373 3279 435 3332 lan.
449 3277 504 3345 (35)
518 3280 646 3349 quadarn
659 3280 733 3351 apud
744 3281 895 3351 AEgyptum
936 3282 1016 3339 nensi
1031 3280 1201 3335 monasterio
1224 3278 1378 3333 monachos
1393 3278 1524 3348 primitus
1544 3277 1734 3346 congregavit,

88 3364 256 3420 celebratur
266 3382 299 3418 ex
307 3366 536 3421 moreiestiritas.
549 3369 895 3438 Cernensitaquedomum
936 3389 1000 3425 curn
1015 3370 1117 3441 quibus
1129 3370 1159 3423 in
1171 3369 1241 3434 dies,
1258 3368 1379 3423 Domino
1395 3366 1556 3427 auxiliante.
1573 3365 1685 3436 proieci.
1703 3365 1737 3419 Et

87 3470 177 3508 suam
192 3454 277 3507 nimis
290 3454 411 3528 amplam
426 3472 458 3509 ac
472 3456 657 3526 splendidam,
670 3473 701 3511 ac
716 3457 797 3512 honis
808 3458 896 3511 omni·
937 3460 1030 3523 credo,
1047 3460 1114 3530 quia
1128 3458 1199 3512 hvnti
1216 3457 1267 3510 viri
1283 3456 1445 3509 reeordatus
1459 3471 1521 3509 sum
1539 3454 1604 3522 (dli),
1622 3457 1736 3525 peecata

89 3541 357 3609 busabundautem,
368 3545 690 3615 perDeigratiamcorde
699 3552 892 3616 compunctus,
938 3565 1002 3602 mea
1016 3547 1195 3602 remittentur
1210 3546 1349 3599 universa.
1364 3543 1488 3598 hudiens
1499 3544 1553 3597 ista
1561 3543 1734 3609 Theodorus,

89 3631 373 3703 taliasecumcoepit
387 3633 520 3688 volvere:
547 3633 619 3697 Quid
634 3634 685 3688 tibi
700 3635 835 3705 proderit,
855 3635 896 3689 in·
938 3654 1070 3693 accensus
1086 3642 1128 3690 est
1142 3635 1245 3699 animo,
1264 3640 1293 3688 et
1307 3633 1382 3687 intra
1401 3633 1583 3704 semetipsum
1607 3637 1736 3701 precatus

89 3720 161 3774 felix
183 3720 339 3787 Theodora,
354 3721 379 3775 si
394 3725 486 3776 totum
502 3723 639 3776 mundum
663 3723 787 3778 lucratus
810 3724 897 3778 fueris
938 3733 990 3793 est,
1006 3727 1101 3781 dicens
1117 3743 1123 3777 ι
1141 3723 1260 3778 Domine
1269 3723 1354 3788 Deua,
1368 3722 1391 3775 si
1405 3721 1470 3775 talis
1489 3726 1532 3775 est
1545 3721 1586 3774 vir
1597 3722 1692 3792 justus
1707 3721 1736 3774 in

93 3810 209 3878 (Mettis.
234 3814 304 3878 xvi),
323 3815 352 3864 et
376 3809 577 3881 temporalibus
599 3816 681 3865 utens
697 3828 898 3883 usquequaque
937 3816 1029 3879 terris,
1045 3814 1160 3884 dignum
1176 3829 1221 3867 me
1237 3813 1288 3877 fac,
1303 3817 1334 3866 ut
1352 3827 1418 3865 eum
1432 3811 1551 3876 videam,
1565 3815 1594 3864 et
1617 3826 1737 3880 sequens

93 3897 216 3963 deliciis,
228 3897 265 3951 ab
277 3897 332 3952 illis
341 3899 452 3953 aeternis
464 3899 543 3954 bonis
552 3906 580 3954 et
591 3900 797 3955 immortalibus
808 3902 898 3956 exclu·
938 3904 1055 3974 vestigia
1070 3905 1140 3973 ejus,
1164 3901 1293 3955 universa
1308 3901 1442 3954 mandata
1462 3899 1603 3971 perficiam
1616 3918 1622 3966 3
1644 3899 1737 3952 salvus

95 3986 194 4040 daris?
217 3986 318 4040 Nullus
336 3987 412 4040 enirn
426 3992 518 4058 potest
540 3993 569 4041 et
587 3989 770 4059 praesentibus
791 3990 898 4044 deliciis
939 4009 1049 4064 quoque
1071 3992 1169 4057 taetus,
1186 3989 1259 4044 bona
1279 3995 1337 4055 tua,
1354 4006 1414 4060 qnae
1429 3988 1611 4058 diligentibus
1626 3994 1654 4042 te
1676 4003 1738 4058 pro-

96 4075 218 4147 perfrui,
227 4081 257 4128 et
266 4076 397 4145 perennis
404 4076 500 4145 glorie
508 4077 625 4148 praemia
633 4078 794 4149 promereri
808 4079 898 4150 Super
941 4081 1051 4145 misisti,
1068 4096 1238 4151 promerear.
1256 4080 1321 4132 Haec
1331 4078 1426 4132 dicens
1440 4094 1504 4131 cum
1519 4076 1659 4148 lacrymis,
1675 4077 1736 4130 vin·

96 4164 144 4218 his
157 4181 226 4234 ergo
238 4164 349 4218 fortiter
358 4164 553 4234 ingemiscens,
563 4167 718 4237 penetralia
730 4184 788 4221 suae
798 4168 898 4222 domus
940 4169 1158 4223 cebaturamore
1168 4168 1261 4221 divino
1271 4167 1537 4221 fortitersauciatus.
1551 4166 1619 4218 Post
1629 4166 1737 4234 aliquot

97 4254 244 4322 ingressus
252 4257 309 4318 est;
321 4259 348 4306 et
362 4253 508 4323 procidens
523 4254 551 4308 in
565 4254 663 4308 taciem
678 4272 768 4321 suam,
782 4272 844 4309 curn
860 4256 899 4309 la·
939 4264 1033 4313 autem
1056 4257 1115 4311 dies
1141 4257 1217 4310 venit
1241 4255 1276 4309 ad
1296 4271 1343 4308 eos
1366 4255 1479 4324 quidam
1499 4253 1664 4307 venerabilis
1684 4252 1732 4316 vir,

96 4341 205 4412 crymis
227 4341 267 4395 ait
283 4357 291 4392 .·
307 4340 491 4413 Omnipotens
505 4343 588 4408 Deus,
606 4343 653 4413 qui
677 4343 851 4397 occultorum
869 4361 898 4398 es
939 4347 1072 4401 Pecusius
1086 4344 1208 4411 nomine,
1225 4345 1350 4414 longaeva
1368 4346 1511 4397 senectute
1526 4342 1684 4404 decoratus,
1704 4345 1735 4394 ut

97 4430 238 4499 cognitor,
254 4434 285 4484 tu
300 4429 354 4508 scis
369 4430 435 4500 quia
453 4430 520 4485 nihil
536 4432 636 4485 horum
648 4448 709 4503 quae
722 4437 789 4487 sunt
802 4432 831 4486 in
846 4432 1179 4517 hochisitaretlratres,
1189 4432 1328 4503 simulque
1339 4428 1736 4503 qualiteragerentsciredesi·

97 4519 212 4584 saeculo,
227 4519 317 4572 arnori
333 4524 383 4573 tuo
396 4536 537 4591 praepono.
555 4520 674 4591 Propter
693 4522 767 4591 quod
783 4521 898 4576 obsecro
939 4525 1051 4578 derans
1073 4524 1162 4587 Quem
1177 4522 1257 4576 valde
1271 4522 1433 4576 Theodorus
1452 4519 1630 4591 precabatur,
1650 4523 1682 4571 ut
1705 4534 1735 4571 se

96 4615 128 4662 te
141 4606 310 4673 misericors,
319 4616 353 4662 ut
360 4607 389 4662 in
399 4608 543 4662 voluntate
555 4613 604 4663 tua
615 4626 661 4663 me
670 4609 784 4679 dirigas,
796 4609 899 4664 illumi·
940 4613 1071 4667 comitem
1081 4611 1244 4683 susciperet,
1258 4611 1331 4664 etad
1342 4615 1469 4664 sanetum
1481 4607 1663 4662 Pachomium
1674 4622 1736 4677 per-

98 4711 171 4750 nans
186 4697 311 4751 animam
322 4713 415 4750 meam
430 4697 620 4763 miserrimae
635 4697 664 4751 in
678 4704 789 4753 aeterne
800 4699 899 4754 mortis
940 4703 1041 4757 ducere
1054 4701 1227 4772 dignaretur.
1245 4699 1298 4763 Qui
1314 4699 1384 4753 nihil
1403 4698 1543 4760 differens
1561 4713 1625 4751 eurn
1640 4712 1735 4750 secum

98 4784 304 4839 contenebrata
316 4786 437 4857 peccatis
452 4785 619 4852 obdormiat,
630 4786 677 4840 sed
693 4787 838 4858 redempta
849 4792 898 4842 tuo
938 4797 1084 4863 gratanter
1091 4789 1382 4859 assumpsitcumque
1392 4786 1622 4857 pervenissentad
1631 4787 1733 4853 locum,

97 4875 382 4946 munere,peromnia
389 4881 417 4928 te
429 4874 569 4929 collaudet
579 4880 663 4946 atque
675 4877 822 4946 glorificet.
835 4878 900 4931 Haee
939 4881 1101 4935 Theodorus
1117 4878 1243 4933 adoravit
1256 4876 1417 4939 Dominum,
1432 4876 1527 4929 dicens
1544 4894 1549 4928 :
1568 4875 1735 4930 Benedictus

98 4979 134 5017 eo
147 4970 256 5028 orante,
273 4963 350 5017 venit
364 4969 456 5017 mater
468 4963 553 5029 illius,
568 4969 596 5017 et
610 4964 715 5019 invenit
730 4966 824 5019 oculos
839 4966 899 5034 ejus
940 4987 979 5035 es,
994 4969 1121 5033 Domine,
1139 4967 1186 5037 qui
1205 4982 1245 5020 sic
1266 4964 1394 5018 celeriter
1407 4966 1563 5019 orationem
1583 4963 1736 5035 peccatoris

99 5051 197 5122 plenos
208 5053 351 5123 lacrymis,
369 5058 398 5106 et
410 5053 467 5106 ait:
480 5053 548 5116 Quis
559 5058 587 5107 te
600 5052 785 5119 contristavit,
796 5054 900 5108 charis·
939 5057 1057 5124 audisti,
1067 5054 1261 5110 etsieutabste
1268 5043 1634 5124 poposceram,desiderium
1641 5070 1735 5108 meum

98 5140 171 5194 sime
186 5140 235 5206 tili,
252 5146 285 5195 ut
298 5141 484 5212 sequestreris
501 5158 518 5195 a
536 5140 634 5195 nobis?
645 5143 718 5195 Nam
732 5142 844 5196 solliciti
868 5159 900 5197 ac
940 5142 1079 5212 complere
1092 5141 1224 5209 dignatus
1236 5156 1277 5192 es.
1288 5138 1429 5192 decedens
1439 5155 1504 5209 ergo
1515 5139 1550 5192 ad
1560 5138 1664 5192 ostium
1679 5154 1737 5192 rno-

98 5228 226 5283 dolentes
234 5230 339 5301 ubique
349 5235 378 5284 tc
389 5229 591 5301 quaerebamus
600 5236 633 5284 ut
641 5230 785 5284 nobiscum
794 5231 900 5301 pariter
939 5230 1066 5295 nasterii,
1091 5245 1154 5283 mox
1168 5233 1200 5282 ut
1214 5228 1282 5281 vidit
1295 5227 1486 5294 pachomium,
1501 5216 1583 5298 erepit
1596 5230 1664 5285 llere
1679 5244 1736 5298 prae

98 5318 264 5388 epulareris.
278 5319 332 5383 Qui
347 5319 509 5389 respondit:
527 5320 624 5388 Perge,
641 5336 744 5389 quaeso,
755 5324 855 5384 mater,
872 5324 900 5373 et
939 5319 1053 5391 gaudio.
1067 5318 1108 5372 ad
1118 5334 1201 5388 (quem
1212 5316 1377 5370 venerabilis
1387 5324 1467 5387 pater
1478 5318 1518 5371 ait
1531 5336 1536 5369 :
1549 5317 1622 5376 Noli.
1635 5316 1734 5382 lll'rmi,

99 5405 193 5460 cibum
205 5424 295 5475 sume,
304 5408 373 5479 quia
381 5424 433 5478 ego
443 5424 518 5462 nunc
527 5409 696 5462 manducare
707 5424 762 5462 non
773 5425 897 5479 possum.
940 5410 1083 5480 plangere,
1094 5407 1160 5479 quia
1175 5412 1204 5461 et
1216 5423 1266 5476 ego
1281 5406 1365 5460 horno
1377 5413 1505 5476 peccator
1516 5423 1590 5471 sum,
1607 5405 1672 5458 lieet
1684 5403 1736 5479 Dei

100 5495 158 5549 Nec
171 5496 316 5566 acquievit
327 5495 456 5568 precibus
471 5498 541 5567 ejuS,
558 5502 590 5552 ut
603 5513 667 5551 curn
681 5514 715 5551 ea
729 5497 896 5551 comederet.
940 5514 1010 5568 opus
1021 5497 1228 5567 aggressussim
1239 5516 1244 5549 :
1257 5501 1286 5550 et
1294 5497 1353 5550 hac
1362 5496 1467 5561 dicem,
1476 5493 1698 5549 introduxiteum
1706 5493 1735 5544 in

105 5585 305 5651 julittam
314 5585 480 5641 adscholam
489 5585 648 5644 ambularet
657 5591 690 5641 ut
696 5586 901 5641 litteresdisce·
940 5585 1154 5642 monasterium.
1166 5585 1293 5649 Quicum
1306 5585 1427 5639 fratrum
1437 5580 1735 5639 multitudinemvidis·
