3818 6120
150 289 203 349 795
708 290 754 347 DE
772 291 867 351 VITIS
886 287 1035 351 Parnon
1052 287 1160 345 LIBER
1178 289 1229 346 111.
1294 316 1296 327 ι
1732 284 1785 348 Μ

144 421 187 476 los
203 434 299 475 comm
314 415 450 486 sanguim
463 414 584 487 repletos
596 434 603 482 ;
620 415 689 470 alios
704 433 770 471 vero
785 417 854 472 vidit
868 418 944 473 clara
953 417 978 476 A
987 422 1070 470 suum
1082 414 1178 470 tandei
1186 432 1210 472 e.
1223 413 1323 469 sedens
1337 413 1403 468 ante
1418 410 1574 481 ecclesiam,
1588 416 1705 486 propter
1719 430 1785 470 eum

146 509 226 574 facie,
243 515 272 561 ct
285 506 408 561 vestibus
423 504 494 559 albis
509 505 633 560 indutor.
652 507 722 561 Cum
734 512 829 562 autem
845 519 946 581 corpus
988 504 1497 576 quamtalemviderat.0mnesautem
1509 504 1558 558 alii
1568 521 1651 558 senes
1662 505 1785 560 videntes

147 596 462 668 Dominisuscepissent,
471 597 500 650 in
509 598 696 667 quorumdam
707 597 828 652 voltibus
839 599 944 665 lumen,
987 612 1052 649 eum
1066 595 1106 649 sic
1121 596 1234 649 ssontem
1245 599 1390 665 ‹toeperunt
1402 598 1543 664 rogarent
1556 594 1581 648 si
1594 593 1662 665 quid
1674 595 1703 649 in
1719 596 1783 666 ipsis

144 687 173 741 in
180 687 488 758 quorumdamllamma
496 686 695 745 videbatur.Ut
705 694 801 742 autem
816 704 947 759 agnosce-
987 683 1102 738 vidisset
1116 684 1317 744 manifestaret.
1332 688 1382 736 aut
1402 699 1465 737 cum
1480 683 1521 737 eis
1544 683 1744 754 ingrederetur
1758 686 1783 739 in

143 777 229 829 ratde
242 776 298 830 illis
310 777 708 847 quorumcriminaaudiorat,
721 779 947 833 communionem
987 775 1232 845 congregationem
1246 791 1253 840 ;
1279 774 1325 827 illc
1342 778 1437 827 autem
1451 772 1566 827 nolebat
1585 773 1707 844 ingredi,
1737 774 1782 829 sed

142 864 199 919 illis
213 865 352 936 porrexit;
369 871 396 921 et
410 865 480 920 vidit
495 881 581 920 unum
592 883 624 921 ex
638 866 677 920 eis
688 868 764 923 clara
773 866 842 921 facie
855 873 884 922 et
895 869 946 923 ho·
986 880 1098 936 semper
1114 864 1201 919 llebat
1214 869 1329 934 propter
1339 879 1403 917 eum
1423 879 1506 934 quem
1521 863 1562 918 sic
1574 862 1698 921 viderat.
1720 864 1782 918 Post

142 954 270 1020 norabili,
292 954 419 1026 albisque
441 955 566 1009 vestibus
587 956 808 1023 circumdatum,
824 958 943 1012 alterum
986 955 1132 1025 paululum
1144 959 1239 1008 autem
1251 969 1313 1007 cum
1329 952 1457 1007 absoluta
1465 952 1686 1022 congregatione
1700 953 1782 1008 disce-

141 1060 207 1098 vero
224 1044 346 1114 nigrum,
363 1051 391 1099 et
406 1044 533 1099 horribili
548 1046 626 1099 vultu
653 1047 844 1118 Etpastquam
859 1047 944 1102 divini
984 1043 1093 1104 dcrcnt,
1110 1043 1212 1098 iterum
1231 1042 1357 1096 omnium
1372 1042 1464 1095 vultus
1489 1041 1742 1113 circumspiciebat,
1759 1043 1780 1098 si

142 1133 264 1203 gratiam
278 1133 406 1205 mysterii
418 1140 612 1206 perceperunt,
621 1134 700 1189 illum
715 1135 756 1189 vis
769 1137 945 1206 quaedamlu·
984 1133 1055 1186 tales
1070 1133 1279 1203 egrederentur,
1296 1133 1393 1203 quales
1405 1130 1523 1212 ingressi
1539 1136 1617 1196 sunt,
1631 1132 1741 1186 etridit
1753 1133 1780 1187 il·

144 1221 228 1276 minis
242 1222 411 1289 illustrabat,
433 1223 519 1277 istum
537 1240 602 1278 vero
624 1223 711 1278 alium
732 1226 811 1295 quasi
830 1226 944 1280 ilamma
985 1222 1132 1293 lumquem
1145 1228 1210 1277 ante
1221 1221 1446 1291 videratnigrum
1456 1226 1485 1274 et
1494 1219 1673 1288 nebulosum,
1687 1237 1779 1291 egres·

144 1310 337 1366 succendebat.
349 1311 547 1367 Oravitautem
556 1313 703 1383 episcopus
714 1314 748 1367 de
758 1315 943 1387 singulisque
985 1327 1047 1365 sum
1061 1311 1095 1365 de
1109 1311 1226 1366 ecclesia
1239 1311 1315 1364 clara
1329 1310 1409 1375 facie,
1424 1315 1453 1363 et
1471 1308 1590 1364 candido
1610 1326 1738 1382 corpore,
1755 1317 1780 1366 et

145 1401 171 1454 ei
187 1406 299 1454 ostensa
311 1401 424 1455 fuerant
439 1418 468 1455 se
488 1401 591 1457 doceri.
609 1402 705 1456 nstitit
720 1408 813 1457 autem
825 1405 942 1474 angelus
984 1401 1396 1471 demonesalongesequentos
1407 1415 1482 1464 eum,
1495 1405 1780 1455 sanctumauteman·

145 1488 265 1556 Domini,
280 1490 375 1543 dicens
389 1490 429 1544 ri:
446 1489 548 1546 Omnia
562 1507 623 1562 quoe
633 1491 667 1544 de
679 1492 746 1562 ipsis
759 1491 862 1547 audisti
878 1508 944 1547 vera
984 1489 1079 1560 gelum
1094 1491 1248 1561 ejusprope
1258 1506 1333 1554 eum,
1344 1488 1462 1542 hilarem
1473 1488 1683 1558 etgaudenbem
1698 1505 1777 1560 super

144 1582 225 1644 sunt;
244 1579 291 1632 sed
307 1579 354 1634 ille
370 1595 441 1633 unus
455 1579 484 1634 ln
497 1580 555 1634 suis
565 1580 858 1651 sordibuspermanet‚
872 1588 900 1636 ct
914 1582 941 1636 in
985 1594 1048 1632 eum
1063 1578 1157 1632 nimia.
1172 1579 1250 1633 Tunc
1262 1578 1366 1632 Paulus
1377 1593 1531 1648 exsurgens
1545 1593 1610 1631 cum
1624 1578 1730 1648 gaudio
1740 1595 1780 1632 vo·

145 1667 289 1721 voluntate
295 1668 437 1739 peccandi,
452 1668 515 1722 ideo
530 1669 608 1723 illum
624 1669 704 1740 nigra
715 1670 783 1724 lacie
793 1673 943 1726 otflamma
983 1666 1160 1732 ciforabatur,
1178 1667 1346 1722 benedicens
1361 1667 1461 1733 Deum,
1488 1683 1520 1720 ac
1535 1665 1633 1720 dicens
1651 1685 1657 1720 :
1675 1667 1780 1731 Quanta

142 1757 437 1813 succendividisti.llle
447 1759 593 1812 vercaiter
602 1758 735 1814 similisei
745 1761 859 1830 quidem
870 1768 940 1828 erat,
951 1778 974 1838 Β
984 1757 1177 1811 misericordia
1186 1765 1214 1811 et
1224 1756 1440 1827 benignitasDei
1454 1760 1497 1810 est
1508 1773 1515 1808 ε
1525 1755 1779 1827 quantamiseratio

139 1845 212 1900 sicut
224 1846 371 1913 audieras;
386 1847 434 1900 sed
450 1847 512 1900 ideo
530 1847 608 1901 illum
620 1848 696 1902 clara
716 1848 786 1903 facie
805 1849 941 1904 illustrari
983 1847 1044 1915 ejus
1058 1852 1109 1900 cst.
1128 1847 1162 1900 Et
1176 1846 1329 1900 ascendens
1347 1844 1377 1899 in
1396 1846 1524 1899 altiorem
1546 1845 1650 1911 locum,
1679 1862 1777 1916 magna

144 1934 248 1998 vidisti,
266 1935 332 2005 quia
341 1935 503 1989 reeordatus
514 1936 794 2008 dehisquaeprimum
805 1937 879 2005 fecii,
890 1940 941 1994 ab.
981 1950 1045 1989 voce
1059 1935 1177 1990 dicebat:
1193 1935 1336 1999 Venite,et
1345 1935 1436 1989 videte
1444 1950 1530 2005 opera
1541 1934 1593 1988 Dei
1606 1936 1689 2004 (Psoi.
1707 1936 1777 2005 xtr);

141 2024 307 2078 renuntians
322 2023 377 2077 illis
392 2024 473 2078 malls
488 2024 627 2095 operibus,
643 2043 708 2080 oum
722 2027 940 2100 lacrymisetge-
979 2024 1072 2078 venite
1087 2030 1115 2078 et
1129 2024 1219 2078 videte
1229 2024 1465 2103 quemadmodum
1478 2023 1537 2077 vult
1546 2039 1646 2077 omnes
1656 2024 1778 2079 homines

140 2112 257 2166 mitibus
268 2112 318 2166 Dci
328 2112 548 2167 misericordiam
560 2115 900 2188 postulabat,promitte11s
909 2123 941 2174 ut
980 2113 1070 2166 SalVOS
1080 2113 1149 2178 fieri,
1165 2112 1555 2184 atadstgni210ss0mlffillalis
1567 2112 1667 2167 venire
1677 2115 1703 2179 ll
1714 2115 1776 2169 Tim·

140 2201 164 2255 si
175 2202 318 2272 preterita
332 2201 358 2255 ei
372 2202 489 2257 fuissent
504 2203 620 2257 remissa
636 2207 940 2276 percellentissimae
981 2208 1021 2268 nl-
1039 2203 1137 2257 Venite
1151 2202 1300 2257 adoremus
1317 2219 1392 2266 eum,
1410 2201 1553 2255 dicentes:
1570 2201 1645 2266 Quia
1661 2206 1696 2256 tu
1709 2203 1776 2256 solos

142 2290 239 2344 eadem
254 2307 310 2344 non
326 2290 440 2345 rediret.
455 2292 489 2345 Et
502 2293 565 2346 ideo
581 2294 720 2364 prioribus
730 2295 829 2350 deletis
844 2296 939 2351 crimi·
980 2297 1059 2363 potes
1070 2299 1184 2363 peccata
1196 2292 1303 2347 tollere.
1319 2292 1390 2346 Cum
1409 2295 1504 2345 autem
1520 2307 1619 2345 omnes
1633 2292 1776 2346 convenis-

140 2378 232 2446 nibus,
249 2380 284 2433 ad
299 2379 587 2452 hanogratiamquam
599 2382 701 2448 vidisti,
718 2385 852 2454 pervenit.
867 2385 938 2440 Cam
979 2384 1050 2446 sent,
1067 2380 1194 2451 exposuit
1218 2379 1258 2434 eis
1273 2379 1377 2434 Paulus
1392 2396 1476 2451 quem
1498 2379 1615 2434 vidisset
1627 2385 1775 2452 antequam

138 2475 235 2524 autem
251 2469 397 2541 episcopus
412 2470 446 2523 de
459 2470 553 2540 gratia
563 2471 613 2525 Dei
621 2475 717 2538 525
729 2471 890 2541 miraretur,
905 2493 938 2530 eo
978 2468 1194 2539 ingrederentur
1206 2469 1235 2522 in
1248 2467 1403 2535 ecclesiam,
1419 2474 1448 2523 et
1463 2484 1546 2540 quem
1561 2475 1661 2540 postea
1674 2489 1681 2536 ;
1695 2476 1723 2523 et
1734 2487 1775 2541 pe-

139 2557 214 2629 quod
229 2574 285 2611 non
297 2558 388 2612 solum
403 2558 592 2614 detormentis
604 2565 664 2615 tam
674 2561 765 2632 turpis
776 2562 838 2617 vitae
848 2563 937 2618 homi·
978 2557 1056 2612 tebat
1069 2558 1148 2613 illum
1163 2559 1279 2613 tratrem
1294 2574 1378 2629 quem
1393 2557 1433 2612 sic
1449 2555 1566 2624 viderat,
1588 2563 1621 2612 ut
1636 2557 1664 2611 ei
1691 2555 1774 2611 mani-

138 2663 204 2701 nem
219 2646 335 2713 eruerit,
361 2646 408 2701 sed
428 2647 514 2701 etiam
524 2652 603 2702 tanto
620 2649 726 2703 honore
749 2651 932 2718 decoraverit,
975 2646 1091 2702 scateret
1104 2647 1286 2720 cogitationes
1302 2663 1368 2702 suas
1387 2652 1416 2700 et
1429 2651 1517 2712 actuS,
1534 2647 1579 2700 vel
1590 2647 1772 2717 quemadmo-

136 2735 320 2806 respondens,
340 2735 466 2805 angelus,
496 2736 566 2791 dixit
584 2756 589 2790 :
609 2738 684 2792 Bene
702 2738 829 2805 miraris;
851 2740 934 2796 homo
975 2737 1043 2791 dum
1056 2742 1165 2792 mutam
1175 2732 1425 2791 commutationem
1437 2735 1478 2790 illi
1488 2736 1564 2790 Deus
1571 2735 1717 2803 donasset.
1729 2736 1773 2792 Ille

137 2824 214 2878 enim
229 2840 268 2882 es.
286 2840 351 2878 nam
364 2824 502 2879 Dominus
512 2831 607 2881 noster
621 2843 653 2881 ac
663 2822 936 2884 vester'naturaliter
976 2831 1071 2880 autem
1085 2831 1150 2881 ante
1161 2843 1258 2880 omnes
1272 2826 1356 2898 ooepit
1370 2825 1483 2891 referre,
1499 2824 1614 2879 dicens:
1634 2826 1694 2896 Ego
1715 2841 1770 2880 sum

135 2911 226 2968 bonus
242 2917 270 2967 et
284 2913 426 2968 humanus
440 2919 492 2980 est,
510 2915 689 2972 'cessantibus
704 2935 721 2971 a
735 2918 870 2989 peccatis3
887 2936 935 2990 pe·
975 2914 1058 2969 homo
1069 2921 1206 2986 peccator,
1220 2915 1286 2970 etin
1300 2915 1396 2970 mullis
1407 2913 1581 2986 temporibus
1591 2913 1656 2968 istis
1667 2929 1771 2986 semper

134 3003 259 3060 tentibus
268 3003 378 3059 enimse
389 3005 648 3077 perconfessionem
659 3009 813 3062 nonsolum
822 3015 934 3080 peccata
974 3002 1186 3059 fornicationem
1200 3004 1283 3075 gessi.
1299 3005 1549 3075 Ingressusautem
1563 3003 1680 3059 nuncin
1693 3005 1771 3058 ecole-

135 3090 262 3156 dimittit,
279 3092 329 3146 sed
344 3093 429 3147 etiam
445 3094 552 3149 honore
571 3095 657 3150 efficit
671 3096 780 3168 dignos.
798 3098 843 3152 Sic
856 3099 960 3159 enimc
971 3093 1042 3147 siam
1050 3080 1211 3155 Deimudivi
1221 3092 1306 3148 rerba
1317 3093 1396 3149 lsalae
1407 3093 1561 3164 propheta,
1574 3093 1669 3163 magis
1682 3098 1771 3149 autem

135 3179 233 3236 dilexit
247 3182 321 3236 Deus
336 3182 489 3248 hominem,
502 3188 534 3238 ut
549 3185 726 3256 unigenitum
740 3202 821 3240 suum
830 3186 932 3241 Filium
973 3181 1024 3236 Dei
1041 3199 1091 3254 per
1103 3182 1195 3253 ipsum
1205 3182 1361 3254 loquentis:
1378 3182 1531 3248 Laramini‚
1548 3182 1651 3236 mundi
1673 3187 1767 3250 estote,

134 3286 185 3343 pro
197 3270 390 3341 peccatoribus
405 3272 568 3339 destinaret,
586 3278 614 3328 et
638 3291 688 3345 pro
710 3273 777 3346 ipsis
796 3275 877 3330 daret
896 3277 931 3331 ad
973 3272 1104 3326 attollite
1119 3271 1241 3326 malitias
1255 3272 1290 3325 de
1305 3270 1452 3325 animabus
1467 3270 1567 3325 vestris
1578 3276 1647 3326 ante
1658 3288 1770 3344 conspe·

132 3365 254 3415 mortem
262 3361 354 3427 (Jocn.
366 3362 417 3424 111).
430 3361 483 3425 Qui
494 3362 747 3433 ergoduminimici
758 3365 818 3435 ejus
826 3371 929 3430 essent,
973 3366 1049 3415 ctum
1064 3362 1207 3416 oculorum
1230 3377 1366 3416 meorum.
1384 3359 1488 3415 Discite
1504 3359 1685 3427 benelacere;
1703 3377 1771 3432 qua·

131 3447 202 3502 mori
210 3464 259 3519 pro
270 3447 338 3519 ipsis
351 3449 436 3520 elegit
448 3452 534 3518 (dom.
546 3455 584 3519 v),
597 3456 703 3521 quanto
717 3453 806 3522 magis
820 3454 931 3523 quando
973 3450 1026 3505 ritc
1038 3450 1185 3522 judicium.
1197 3451 1231 3506 Et
1245 3449 1382 3504 siluerint
1396 3454 1511 3520 peecata
1525 3455 1619 3503 vestra
1634 3455 1767 3522 tanquam

130 3536 171 3591 illi
185 3537 290 3609 proprii
304 3537 383 3592 fiant.
400 3538 458 3592 Hoc
473 3555 540 3609 ergo
557 3539 628 3593 scias
642 3541 931 3613 quianullumpecca-
972 3539 1125 3605 coccinum,
1142 3540 1217 3594 velut
1231 3538 1278 3593 nix
1298 3538 1517 3609 dealbabublum
1533 3543 1563 3593 et
1578 3539 1603 3592 si
1628 3537 1770 3594 volueritis

130 3631 192 3680 tum
204 3625 522 3681 humannmbonitatem
531 3627 580 3681 Dei
591 3628 684 3694 vincit,
698 3629 722 3681 si
734 3631 931 3686 tantummodo
973 3637 1001 3684 et
1014 3628 1159 3683 audieritis
1178 3645 1233 3694 me,
1257 3627 1328 3682 bona
1352 3634 1434 3683 terras
1454 3626 1608 3682 comedetis
1634 3630 1725 3695 (isaia
1738 3632 1770 3696 ι).

130 3731 182 3786 per
194 3714 389 3785 penitentiam
400 3715 592 3786 unusquisque
602 3732 634 3769 ea
651 3733 711 3787 quae
723 3719 803 3788 prius
817 3718 929 3787 lecerat,
972 3717 1030 3789 Ego
1043 3724 1137 3773 autem
1154 3718 1279 3772 miseret
1297 3717 1457 3782 fornicator,
1476 3721 1665 3788 compunctus
1678 3718 1707 3772 in
1723 3718 1771 3771 hoc

130 3801 383 3868 aboleveritmala3
395 3803 553 3857 misericors
563 3804 638 3858 enim
649 3806 734 3872 Deua,
747 3811 775 3860 et
785 3807 932 3863 infirmita·
972 3824 1101 3862 sermone
1115 3807 1267 3878 prophetae,
1285 3812 1313 3861 et
1327 3806 1470 3876 ingressus
1478 3805 1554 3860 intra
1564 3812 1665 3877 pectus
1671 3823 1772 3870 meum,

130 3895 190 3945 tem
204 3890 437 3961 humanigeneris
445 3892 539 3954 saltet
549 3893 712 3964 passionum
724 3895 928 3965 fortitudinem,
972 3896 1028 3950 uiri
1043 3896 1077 3950 ad
1087 3896 1176 3951 Deum
1187 3913 1193 3948 :
1205 3895 1332 3960 Domine,
1345 3900 1377 3950 tu
1389 3912 1418 3949 es
1429 3895 1476 3967 qui
1487 3895 1587 3949 venisti
1594 3896 1705 3951 salvare
1714 3912 1772 3968 poe

131 3984 160 4034 et
174 3978 278 4033 diaboli
290 3979 421 4034 virtutem
436 3981 479 4035 vel
495 3981 642 4036 malitiam.
652 3984 686 4038 Et
698 3984 861 4041 cadentibus
872 3987 931 4056 qui·
971 3988 1090 4041 catores.
1110 3985 1174 4038 Hac
1186 3996 1253 4054 ergo
1268 3999 1330 4055 qua
1344 3999 1419 4038 nunc
1434 3999 1484 4055 per
1495 3984 1666 4055 prophetam
1675 3985 1774 4058 promi·

130 4067 195 4123 dem
208 4067 369 4124 hominibus
383 4069 412 4124 in
426 4074 583 4141 peccatum,
599 4076 735 4144 tanquam
755 4073 821 4128 filiis
836 4075 930 4130 indul·
973 4072 1045 4138 sisti,
1062 4088 1147 4144 opere
1163 4072 1271 4143 comple
1290 4073 1320 4127 ia
1335 4089 1381 4127 me
1396 4073 1512 4144 indigno
1528 4079 1688 4145 peccatore.
1708 4069 1775 4130 Erae

128 4175 199 4230 gens
227 4157 350 4212 sustinet
374 4159 622 4228 emendationem
642 4162 844 4233 paenitentibus
867 4178 932 4219 voro
973 4161 1047 4216 enim
1062 4160 1368 4233 amodoproliteortibi,
1385 4167 1414 4216 et
1423 4178 1456 4216 ex
1465 4167 1524 4216 toto
1535 4160 1620 4218 corde
1629 4165 1773 4230 conlioeor,

131 4252 267 4319 tanquam
282 4246 423 4318 languidis
434 4249 616 4320 compatitur,
630 4255 730 4305 etmox
745 4253 853 4306 solvens
867 4270 931 4324 pec·
973 4251 1039 4322 quia
1058 4251 1110 4306 hoc
1124 4251 1243 4305 ulterius
1254 4267 1311 4306 non
1323 4250 1423 4305 faciam
1438 4252 1553 4316 malum,
1573 4253 1625 4308 sed
1641 4256 1773 4312 renuntio

128 4343 313 4401 criticorum,
331 4337 474 4406 justorum
498 4338 584 4393 etiam
608 4339 663 4394 illis
681 4341 797 4411 praemia
816 4341 928 4397 tribuit.
972 4338 1214 4410 omniinjustitiae,
1231 4345 1259 4395 et
1271 4341 1373 4395 amodo
1387 4341 1477 4396 servio
1492 4339 1544 4398 tibi
1559 4343 1587 4397 in
1599 4344 1772 4401 conscientia

130 4425 256 4480 Audiens
267 4441 331 4479 vero
347 4424 405 4480 haec
419 4425 575 4498 opiscopus,
597 4428 718 4483 miratus
732 4435 775 4484 est
786 4429 879 4498 nimis,
901 4434 930 4485 et
972 4430 1087 4484 munda.
1103 4428 1146 4484 Ab
1156 4429 1238 4484 hodie
1250 4446 1326 4501 ergo,
1340 4430 1469 4497 Domine,
1482 4430 1555 4487 etab
1565 4433 1622 4487 hac
1633 4433 1705 4489 hora
1716 4431 1774 4490 sus-

128 4513 305 4584 glorificabat
319 4513 418 4568 Deum.
971 4517 1032 4590 cipe
1048 4535 1092 4573 me
1114 4519 1305 4590 paenitentem,
1333 4524 1360 4574 et
1384 4520 1549 4575 adorantem
1562 4527 1602 4588 tet
1619 4528 1649 4578 et
1666 4514 1771 4580 readu-

167 4602 327 4659 tornatas
338 4602 443 4657 Paulus
452 4602 786 4675 Simplexhabebathanc
795 4609 927 4678 gratiam,
971 4607 1091 4662 tiantcm
1107 4607 1237 4662 omnibus
1251 4608 1382 4678 pcccatis.
1392 4609 1488 4664 iuravi
1498 4612 1626 4667 etstatui
1637 4596 1713 4686 apud
1728 4629 1771 4668 me

130 4697 161 4746 ut
172 4692 363 4762 ingredientes
369 4692 398 4746 in
407 4692 551 4747 eeclesiam
562 4695 709 4765 aspiceret,
716 4702 744 4751 et
753 4714 786 4751 ex
794 4697 855 4768 ipsa
861 4697 930 4753 facie
972 4711 1082 4751 servare
1097 4713 1194 4750 omnes
1208 4706 1271 4750 tuas
1278 4696 1495 4768 justificationes
1506 4702 1589 4767 (Psoi.
1599 4702 1706 4772 mur).
1717 4698 1772 4758 snb

129 4797 227 4836 eorum
240 4782 464 4854 uniuscujusque
475 4782 668 4854 cogitationes
683 4801 732 4839 seu
746 4787 827 4840 maloe
837 4791 931 4842 essent
970 4783 1024 4839 hac
1045 4801 1112 4856 ergo
1127 4785 1276 4857 sponsione
1292 4802 1421 4856 egressus
1436 4802 1497 4842 sum
1518 4787 1697 4858 deecclesia,
1720 4780 1774 4846 slei·

129 4885 180 4924 seu
194 4869 281 4938 bone,
302 4872 421 4927 sentiret
438 4874 553 4940 (Peion,
575 4875 658 4929 libell.
675 4889 753 4940 xvrn,
769 4882 848 4931 naim
866 4875 902 4934 20
921 4895 927 4945 ;
971 4877 1054 4929 luens
1067 4874 1143 4946 apud
1155 4890 1209 4940 me,
1222 4874 1293 4928 nihil
1312 4875 1347 4930 de
1362 4875 1505 4947 prioribus
1518 4870 1772 4949 peccatisalten'us

129 4960 225 5013 Poscit.
241 4977 263 5013 c.
274 4959 320 5028 23,
338 4978 416 5015 nam.
434 4960 547 5030 licum
563 4978 630 5034 ergo
644 4963 785 5020 venissent
800 4965 835 5021 ad
846 4966 931 5021 eccle·
970 4966 1072 5021 facere.
1094 4967 1171 5021 Tunc
1184 4966 1282 5021 omnes
1303 4982 1384 5022 senes
1406 4968 1635 5024 exclamaverunt
1647 4961 1772 5026 diceri&

131 5045 211 5113 siam,
228 5052 256 5101 et
271 5049 497 5119 ingrederentur,
508 5051 808 5109 senexviditeosclara
822 5054 891 5110 facie
901 5060 931 5110 et
970 5055 1006 5111 ad
1021 5055 1172 5111 Dominum
1187 5071 1252 5109 voce
1267 5072 1388 5127 magna:
1405 5057 1496 5122 Quam
1505 5057 1692 5129 magnificata
1706 5063 1772 5116 sunt

131 5135 195 5191 laeto
209 5135 303 5192 animo
315 5137 434 5209 ingredi,
451 5146 479 5195 et
494 5141 610 5213 angelos
631 5159 728 5197 eorum
747 5144 853 5216 pariter
865 5160 929 5200 cum
970 5157 1056 5218 opera
1069 5150 1119 5200 tua
1133 5144 1266 5200 Domine!
1284 5145 1379 5201 omnia
1390 5146 1420 5201 in
1430 5139 1571 5219 sapientia
1582 5130 1770 5224 le‘ci'sli(l’'lcl.

130 5224 235 5297 gaudio
250 5242 314 5279 curn
328 5225 406 5297 ipsis.
418 5228 511 5283 Unum
527 5234 622 5284 autem
632 5232 746 5302 nigrum
755 5233 832 5301 vidit,
843 5238 929 5289 etne‘-
970 5235 1038 5306 clu).

131 5313 263 5370 bulosum
278 5311 428 5370 habentem
443 5333 552 5390 corpus,
568 5324 597 5375 et
607 5320 748 5377 demones
766 5321 832 5378 hinc
845 5328 929 5396 atque
1005 5318 1069 5379 168.
1088 5321 1182 5378 abbas
1193 5323 1296 5396 loseph
1306 5323 1362 5396 (19)
1380 5325 1447 5381 dum
1457 5334 1521 5381 cnm
1528 5323 1593 5381 aliis
1607 5318 1770 5385 sanitati

132 5404 196 5460 inde
212 5402 358 5460 trahentes
366 5419 431 5460 eum
444 5405 516 5462 adse
527 5407 612 5464 misso
625 5406 704 5466 freno
716 5411 745 5468 in
760 5411 885 5483 naribus,
902 5417 931 5469 et
971 5405 1269 5469 abbatemPoemenem
1281 5414 1403 5471 venisset
1415 5414 1514 5490 (loca,
1530 5417 1618 5490 libell.
1629 5428 1660 5485 n,
1672 5434 1703 5474 a.
1717 5418 1770 5487 ibi,

133 5495 266 5566 angelum
280 5497 409 5549 sanctum
424 5495 486 5566 ejus
500 5513 517 5551 a
531 5497 613 5569 longe
628 5507 792 5572 sequentem
805 5503 927 5559 tristem.
971 5502 1085 5575 quidam
1094 5519 1126 5555 ex
1135 5502 1299 5574 parentibus
1303 5503 1510 5576 praedictionis
1516 5491 1614 5562 arant
1620 5497 1769 5573 infantem,

133 5585 237 5642 Beatus
243 5601 310 5658 ergo
318 5584 423 5643 Paulus
432 5586 590 5660 coepittlere
599 5590 782 5664 amarissime,
794 5599 824 5651 et
832 5598 930 5668 poem
970 5594 1051 5667 cujus
1061 5591 1212 5668 leolmpar
1225 5594 1434 5670 mmmbonom
1444 5593 1539 5655 tuerat
1555 5595 1724 5674 (lapmian,
1743 5603 1772 5658 et
