3832 6120
98 263 149 321 137
641 267 726 322 VITA
745 267 849 323 ΒΕΑΤΙ
869 269 1021 325 ΑΝΤΟΝΙΙ
1039 268 1200 324 ABBATIS.
1686 267 1739 327 ¹³8

96 387 252 453 ambimur,
268 388 417 443 audiamus
430 391 526 443 lesum
543 389 632 443 filium
646 391 722 444 Nave
738 393 840 463 populo
856 392 900 447 di·
910 399 933 454 Α
945 410 1008 447 vero
1021 398 1119 447 contra
1134 392 1284 446 monachos
1293 397 1321 444 et
1330 391 1451 460 virgines
1462 392 1674 460 Christi,odium
1683 399 1736 450 est.

96 484 210 532 centem
228 495 233 529 :
251 477 369 532 Rectum
384 478 467 532 facite
485 495 533 532 cor
552 485 675 534 restrum
697 481 734 534 ad
749 482 901 536 Dominum
943 484 1045 537 Eorum
1056 481 1164 535 semitis
1178 481 1293 550 laqueos
1311 480 1497 551 praetendunt,
1513 498 1610 537 eorum
1629 489 1738 539 mentes

96 568 191 621 Deum
205 564 292 620 lsrael
310 569 397 632 (fosite
408 568 559 630 aurillac
572 569 696 623 loannes
707 570 848 624 dissonam
858 575 902 624 tu·
942 570 1036 640 impiis
1049 576 1134 639 atque
1148 568 1285 623 obscenis
1298 569 1512 638 cogitationibus
1526 571 1657 626 nituntur
1663 589 1739 627 ever·

96 656 131 710 lit
142 656 179 710 de
192 656 295 709 virtute
310 656 490 719 sententiam,
508 657 662 727 praedicans
677 677 682 710 :
706 659 806 712 Rectas
820 659 901 714 facite
943 663 1016 725 tere;
1028 658 1077 712 sed
1092 658 1161 711 nihil
1172 656 1248 711 vobis
1263 657 1292 710 in
1305 657 1482 713 hocterroris
1498 658 1643 715 incutiant.
1661 662 1740 718 fide·

96 745 217 800 semitas
231 747 292 815 ejus
304 747 390 811 (tarra
401 745 448 815 1111.
462 745 606 816 Siquidem
619 748 720 800 bocest
730 754 901 801 reetamesse
943 746 1012 799 lium
1028 747 1103 800 enim
1118 746 1291 801 orationibus
1310 753 1394 817 atque
1406 748 1522 817 jejuniis
1536 750 1571 803 ad
1586 751 1740 806 Dominum

97 835 236 900 animam,
246 835 380 904 cumejus
394 833 557 905 principalis
570 835 717 905 integritas
729 836 806 889 nulla
819 836 901 890 ritio-
943 836 1039 889 statim
1049 842 1199 902 corruunt3
1210 852 1261 889 uec
1270 835 1396 889 tamensi
1405 837 1549 906 paululum
1558 840 1737 907 cessaverint,

96 941 162 978 rum
173 923 238 978 labe
250 924 416 991 maculatur:
426 923 449 976 si
459 930 590 977 naturam
599 924 757 985 mutaverit,
771 941 903 995 perversa
944 941 1057 994 prorsus
1071 925 1182 995 plenam
1198 925 1302 995 putetis
1312 942 1373 978 esse
1384 926 1538 981 arietariam.
1547 928 1643 982 Solent
1653 929 1739 983 etiam

97 1019 168 1068 tunc
187 1013 291 1067 dicitur
301 1031 307 1080 3
319 1012 343 1066 si
353 1012 426 1066 bona
435 1012 556 1067 conditio
567 1018 702 1076 serretur,
716 1019 744 1066 et
753 1014 899 1068 virtusest.
942 1014 1029 1067 saucii
1043 1013 1156 1084 gravius
1168 1030 1324 1083 assurgere,
1341 1020 1370 1067 et
1382 1020 1490 1067 mutata
1504 1021 1565 1069 arte
1583 1018 1737 1087 pugnandi,

97 1103 234 1158 Animam
249 1106 375 1156 nostram
390 1102 685 1156 commendaritnobis
696 1102 901 1167 Dominus,ser-
942 1118 1005 1156 cunr
1022 1102 1050 1156 in
1065 1103 1234 1172 cogitatione
1247 1103 1317 1155 nibil
1333 1103 1450 1172 egerint,
1466 1104 1613 1174 pavoribus
1621 1111 1738 1173 terrent,

97 1208 200 1246 semus
213 1191 374 1262 depositum
389 1191 473 1262 quale
492 1190 660 1261 accepimus.
678 1191 767 1244 Nemo
790 1190 902 1245 causari
943 1197 1118 1245 assumentes
1133 1208 1207 1245 nunc
1219 1191 1380 1257 mulierum,
1397 1208 1472 1245 nunc
1484 1191 1648 1260 bestiarum,
1666 1212 1741 1250 nunc

98 1285 196 1352 potest
203 1280 376 1334 extrinsecus
391 1280 488 1346 situm,
504 1279 579 1351 quod
598 1279 628 1334 in
651 1296 681 1333 se
705 1279 843 1334 nascitur:
863 1280 903 1333 fa-
943 1280 1117 1350 serpentium
1129 1281 1354 1344 formas,necu0n
1366 1286 1394 1334 et
1404 1280 1529 1352 iugentia
1542 1283 1670 1352 quaedam
1682 1300 1741 1342 cor-

98 1375 212 1424 cturam
236 1385 317 1423 suam
332 1368 380 1439 qui
398 1368 464 1422 fecit
480 1374 624 1438 agnoscat,
639 1384 710 1439 opus
723 1385 805 1423 suum
825 1369 903 1422 inve·
944 1384 1021 1439 pom,
1038 1377 1067 1422 et
1081 1369 1217 1439 usquead
1232 1373 1337 1422 tectum
1353 1369 1454 1423 domus
1473 1376 1633 1440 porrectum
1646 1377 1739 1443 caput,

98 1459 162 1512 uiat
176 1465 210 1512 ut
223 1458 339 1514 creavit.
353 1456 461 1511 Sufficit
471 1456 553 1511 nobis
568 1457 706 1511 naturalis
720 1463 854 1527 omatus3
868 1473 905 1512 ne
944 1457 1069 1511 infinitas
1083 1457 1189 1528 species
1203 1463 1233 1511 et
1246 1457 1366 1511 militum
1382 1464 1516 1511 cateruas.
1525 1459 1593 1523 Quae
1602 1461 1743 1516 omuiaad

99 1549 248 1618 deturpes,
261 1549 356 1612 homo,
367 1547 441 1617 quod
457 1545 508 1599 tibi
524 1546 635 1616 largitio
646 1547 741 1600 divina
756 1547 901 1601 concessit.
944 1547 1067 1617 primum
1081 1546 1212 1617 quodque
1222 1546 1311 1599 crucis
1319 1546 1398 1616 signu
1404 1564 1429 1599 m
1437 1553 1607 1601 evanescunt
1615 1547 1679 1617 (39).
1692 1550 1742 1605 His

100 1637 198 1707 Opera
213 1636 265 1690 Dei
279 1636 429 1689 immutare
441 1635 519 1699 velle,
536 1634 661 1705 polluere
671 1640 723 1689 est.
945 1651 1055 1705 quoque
1067 1635 1170 1704 agnitis
1180 1634 1352 1688 fallaciarum
1370 1635 1468 1701 modis,
1489 1635 1628 1706 incipiunt
1641 1655 1743 1709 praesa-

137 1724 214 1780 lllud
228 1725 315 1778 etiam
328 1725 446 1779 sollicite
461 1723 757 1795 provideredebemus,
769 1730 800 1777 ut
809 1729 904 1795 tyran·
915 1711 938 1770 Β
950 1721 1020 1790 gire,
1040 1727 1066 1775 et
1080 1722 1238 1777 futurorum
1253 1722 1363 1777 dierum
1374 1730 1489 1779 creatus
1501 1726 1572 1780 velle
1581 1728 1742 1798 predicere.

107 1814 204 1869 nicam
220 1814 270 1868 irae
281 1830 445 1885 superemus
460 1812 609 1878 insaniam,
620 1813 688 1883 quia
701 1813 837 1885 scriptum
848 1818 905 1868 est:
951 1811 1077 1882 Cumque
1092 1819 1121 1866 et
1134 1812 1213 1866 inhis
1228 1812 1379 1883 contempti
1394 1813 1508 1880 fuerint,
1519 1814 1609 1885 ipsum
1617 1816 1677 1884 jam
1685 1832 1743 1871 suae

102 1903 257 1958 Iracundia
270 1902 467 1972 ririjustitiam
478 1901 528 1955 Dei
540 1918 594 1955 non
605 1908 737 1972 operatur
748 1905 815 1965 (luc.
828 1909 860 1966 rt.
875 1903 909 1956 Et
949 1902 1081 1972 nequitiae
1095 1902 1248 1973 principem
1262 1918 1294 1955 ac
1306 1903 1392 1956 totius
1408 1903 1474 1956 mali
1489 1905 1690 1971 summitatem,
1707 1905 1744 1960 ad

54 2021 57 2024 ·
104 1994 211 2046 iterum
228 2010 234 2044 :
257 1991 430 2046 Desiderium
445 1991 645 2061 concupiscens
657 1992 731 2062 parit
750 1998 905 2062 peccatum,
948 1989 1103 2044 subsidium
1118 1991 1163 2045 sui
1179 1991 1340 2045 certaminis
1354 1998 1462 2047 vocant.

104 2098 161 2152 quo
174 2080 311 2152 perfecto,
328 2096 403 2134 mors
422 2079 547 2150 gignitur
572 2081 674 2147 (loidi.
702 2079 806 2134 Dirinae
832 2080 906 2134 vocis
983 2079 1048 2133 Car.
1064 2079 1136 2134 XVI.
1152 2079 1300 2134 -Crebro
1311 2080 1432 2151 denique
1443 2083 1582 2137 Antonius
1594 2083 1745 2140 talemase

103 2176 279 2242 preceptum
293 2175 337 2223 est
353 2172 441 2234 (Proo.
458 2170 507 2239 rr),
524 2174 556 2222 ut
563 2168 625 2238 jugi
632 2169 760 2222 custodia
773 2174 907 2223 tueamur
945 2169 1036 2222 risum
1051 2168 1193 2224 diabolum
1213 2169 1364 2235 asserebat,
1387 2171 1497 2241 qualem
1515 2178 1544 2226 et
1560 2173 1659 2227 beatus
1679 2174 1741 2242 lob,

103 2261 231 2314 animam
247 2264 383 2322 nostram,
393 2263 455 2323 ιη
470 2257 537 2328 quia
546 2257 712 2312 exercitatos
724 2257 759 2311 ad
775 2257 906 2329 supplan·
946 2258 1065 2311 Domino
1081 2259 1231 2321 revelante,
1248 2266 1415 2329 cognoverat
1434 2262 1490 2327 [lob
1501 2265 1569 2322 xm).
1589 2262 1668 2317 Oculi
1682 2265 1744 2333 ejus

60 2375 67 2380 ·
101 2348 225 2403 tandum
240 2347 376 2402 habemus
390 2345 528 2410 inimicos,
538 2346 907 2413 daenrouesscilicet,contra
947 2363 979 2399 ac
994 2347 1018 2399 si
1028 2347 1133 2417 species
1148 2347 1277 2412 Luciferi,
1290 2365 1322 2402 es
1336 2365 1383 2402 ore
1398 2350 1459 2420 ejus
1470 2350 1625 2419 procedunt
1638 2352 1744 2423 lampa·

103 2455 175 2510 quos
185 2437 278 2502 nobis,
292 2435 447 2490 secuudum
466 2435 650 2507 apostolicam
661 2435 904 2500 contestationem,
947 2435 995 2488 des
1012 2436 1139 2490 incensa.
1150 2437 1247 2491 Crines
1260 2438 1513 2507 quoqueincendiis
1522 2445 1702 2510 sparguntur,
1715 2446 1745 2496 et

101 2544 201 2599 pugna
214 2526 276 2580 sine
291 2523 498 2579 intermissione
508 2527 559 2578 est.
576 2526 613 2578 nt
623 2524 716 2578 enim:
734 2525 796 2578 Non
807 2530 850 2578 est
860 2541 908 2578 no-
947 2540 980 2578 ex
1002 2525 1117 2579 naribus
1140 2526 1202 2594 ejus
1225 2524 1319 2579 fumus
1340 2527 1494 2596 egreditur,
1517 2529 1596 2598 quasi
1623 2528 1744 2584 fornacis

102 2615 146 2670 bis
160 2613 325 2670 colluctatio
339 2613 471 2668 adversus
488 2629 601 2667 carnem
620 2618 647 2667 et
666 2614 843 2683 sanguinem,
858 2613 907 2668 sed
947 2614 1092 2667 aestuantis
1112 2615 1212 2668 ardore
1227 2614 1389 2670 carbonum.
1405 2615 1507 2669 Anima
1520 2617 1581 2686 ejus
1596 2623 1628 2671 ut
1641 2634 1742 2688 pruna,

104 2705 243 2760 adversus
257 2703 431 2775 principatus
446 2708 474 2756 et
481 2706 634 2773 potestates
644 2702 728 2771 hujus
739 2701 846 2766 mundi,
859 2702 907 2756 ad·
948 2702 1063 2755 flamma
1076 2719 1140 2755 vero
1156 2718 1188 2755 ex
1213 2720 1260 2756 ore
1281 2704 1342 2772 ejus
1356 2704 1542 2773 glomeratur.
1559 2705 1629 2759 Cum
1644 2705 1744 2775 hujus-

105 2812 205 2850 sersus
220 2792 361 2866 spiritalia
375 2792 507 2862 nequitiae
518 2792 547 2845 in
562 2791 721 2846 coelestibus
736 2793 839 2863 [Epiros.
855 2792 905 2862 vr).
948 2790 1023 2844 modi
1033 2791 1187 2845 terroribus
1202 2791 1277 2844 visus
1284 2796 1327 2844 est
1337 2792 1466 2863 princeps
1475 2794 1644 2862 daemonum,
1652 2794 1745 2866 inquit

104 2884 211 2954 Ingens
223 2898 322 2936 eorum
332 2879 416 2935 turba
429 2880 515 2934 istum
528 2880 654 2952 pervolat
668 2897 836 2944 aerem,uon
845 2897 907 2952 pro·
947 2880 1096 2943 Antonius,
1124 2886 1152 2933 et
1177 2879 1302 2949 ingentia
1321 2898 1402 2951 saepe,
1429 2888 1461 2936 ut
1480 2882 1546 2944 dixi,
1562 2884 1743 2954 promittam,

104 2974 150 3027 cul
163 2989 182 3026 a
195 2971 276 3027 nobis
292 2971 416 3025 hostiurn
431 2974 542 3023 caterva
556 2969 695 3023 discurrit.
714 2971 748 3024 Et
759 2969 906 3024 diversita-
947 2967 1100 3039 impietatis
1114 2985 1172 3022 sure
1192 2969 1295 3023 defurit
1313 2969 1409 3039 lingua
1428 2971 1617 3042 magniloqua.
1632 2973 1671 3028 De
1688 2989 1745 3044 qua

104 3068 163 3115 tem
175 3062 292 3132 quidem
303 3076 402 3115 eorum
416 3063 520 3113 nonest
531 3075 598 3112 meae
609 3058 753 3129 parcitatis
760 3075 907 3129 exponere,
918 3057 1083 3119 CDominus
1097 3057 1290 3127 triurrrpharit,
1306 3058 1341 3111 ad
1356 3058 1407 3112 lob
1421 3058 1516 3113 dicens
1532 3062 1623 3129 (ibid.)
1641 3079 1647 3114 :
1663 3060 1744 3116 mbi-

104 3152 154 3204 sed
171 3152 246 3205 hanc
257 3148 412 3219 majoribus
425 3147 546 3201 concedo
561 3147 708 3200 rationem.
722 3146 801 3210 Quod
812 3151 907 3202 autem
948 3145 1120 3199 traturenim
1129 3145 1234 3201 ferrum
1248 3152 1279 3200 ut
1288 3148 1583 3217 paleas,zeramentum
1595 3154 1626 3203 ut
1636 3150 1744 3220 lignum

104 3239 135 3293 iu
150 3244 347 3311 promptuest‚
364 3241 392 3289 ct
406 3236 537 3306 ignorare
552 3251 607 3290 non
618 3236 738 3306 expedit,
751 3236 907 3291 dolosseili-
948 3234 1101 3305 putridum,
1118 3235 1208 3288 maria
1223 3240 1254 3288 ut
1268 3240 1383 3301 terram,
1392 3241 1530 3291 tartarum
1541 3238 1671 3309 profundi
1679 3244 1744 3293 tan·

105 3334 150 3383 cet
160 3345 262 3382 eorum
277 3327 424 3382 aduersum
444 3341 495 3377 nos
512 3323 680 3396 compositos
695 3323 818 3379 breviter
831 3325 906 3379 indi·
948 3339 1032 3394 quam
1046 3323 1186 3394 captivum
1201 3324 1357 3387 aestimarit,
1365 3324 1496 3394 abyssum
1511 3329 1543 3378 ut
1554 3326 1744 3382 deambulato-

104 3417 185 3472 ρει»,
947 3413 1031 3465 rium.
1048 3413 1102 3466 Per
1117 3413 1281 3484 prophetam
1295 3430 1405 3484 quoque
1415 3413 1648 3485 increpat,dicens
1660 3434 1666 3469 :
1680 3418 1745 3470 Per·

141 3507 202 3562 iloc
217 3505 342 3578 primum
370 3504 504 3559 debemus
528 3501 669 3556 mentibus
693 3502 817 3572 affigere,
839 3502 909 3556 nibil

104 3597 198 3651 Deum
212 3595 311 3649 fecisse
338 3593 412 3665 quod
435 3593 541 3647 malum
564 3596 608 3648 est
624 3590 690 3658 (δῖ),
714 3607 764 3644 nec
791 3590 826 3644 ab
847 3592 907 3660 eius

105 3679 908 3752 institutionedaemonumcoepisseprineipia:perversitas

106 3776 172 3835 ista,
189 3790 248 3827 non
261 3778 379 3835 naturae,
403 3771 453 3834 sed
478 3769 628 3823 voluntatis
650 3774 693 3822 est
715 3768 823 3822 vitium.
840 3768 908 3823 Boni

106 3863 224 3926 etenim,
241 3865 338 3931 utpote
348 3860 432 3913 olleo
442 3858 556 3921 conditi,
573 3873 606 3910 ex
616 3857 728 3928 proprio
744 3856 846 3910 mentis
861 3872 908 3910 ar·

105 3952 193 4005 bitrio
208 3950 243 4003 ad
259 3956 349 4002 terras
363 3964 445 4001 ruere
460 3946 596 4012 decretis,
620 3945 714 4015 ibique
728 3945 758 3999 in
772 3944 909 3999 coenisor·

107 4041 191 4095 dibus
205 4038 334 4102 volutati,
347 4035 514 4107 gentilitatis
524 4034 625 4105 impias
637 4034 807 4088 constituere
816 4034 907 4089 cultu·

107 4147 169 4196 ras;
183 4134 212 4182 et
225 4144 302 4181 nuuc
316 4127 351 4180 de
361 4125 617 4195 nobistorquentur
627 4123 740 4189 invidia,
749 4129 834 4193 atque
844 4122 907 4177 uni-

106 4234 190 4271 versa
204 4216 281 4270 mala
291 4229 530 4269 commorerenon
539 4217 657 4279 cessant,
675 4227 710 4266 ne
717 4211 845 4283 pristinis
859 4227 907 4265 eo·

949 3517 1069 3571 sequens
1085 3502 1320 3571 comprehendam
1341 3503 1438 3570 (lirurlr'
1452 3501 1507 3568 xvi,
1526 3509 1554 3557 et
1567 3520 1679 3559 omnem
1696 3521 1742 3560 or·

948 3588 1011 3643 bem
1025 3595 1166 3644 terrarum
1180 3607 1267 3644 manu
1282 3607 1344 3644 mea
1356 3597 1389 3644 ut
1399 3591 1496 3645 nidum
1511 3591 1651 3658 obtinebo,
1669 3600 1697 3650 et
1713 3599 1746 3650 ut

949 3694 1000 3732 ova
1014 3679 1147 3732 derelicta
1161 3679 1285 3733 auferam
1304 3680 1393 3749 (lror'a
1406 3684 1447 3748 x).
1476 3681 1521 3735 Sic
1536 3681 1649 3752 iniquus
1663 3683 1745 3739 fune·

950 3784 1012 3821 reas
1022 3784 1152 3821 evomens
1160 3784 1251 3832 rocos,
1263 3768 1334 3822 bene
1345 3768 1745 3842 virentiumaliquosfrequen-

949 3863 992 3910 ter
999 3856 1140 3926 illaqueat,
1157 3857 1205 3909 serl
1220 3872 1271 3911 uos
1287 3874 1337 3910 uec
1351 3858 1412 3927 ejus
1427 3858 1674 3928 pollicitationibus
1684 3879 1745 3919 cre·

949 3946 1025 4010 dere,
1046 3962 1097 3999 nec
1112 3945 1203 3999 minas
1222 3945 1372 3999 formidare
1394 3946 1546 4015 debemus;
1575 3949 1646 4004 fallit
1669 3951 1745 4006 enim

949 4034 1119 4103 frequenter,
1139 4033 1265 4104 nihilque
1280 4051 1375 4088 rerum
1391 4036 1540 4106 promittit.
1559 4038 1631 4092 Nam
1648 4040 1672 4093 si
1688 4057 1744 4095 non

950 4122 1095 4176 mendacia
1108 4128 1207 4176 cuncta
1217 4123 1387 4194 loqueretur,
1409 4126 1548 4194 quomodo
1562 4127 1630 4181 talia
1648 4134 1744 4184 ettam

949 4212 1059 4266 infinita
1071 4211 1246 4282 promittens,
1262 4211 1441 4267 hamocrucis
1456 4219 1487 4267 ut
1499 4213 1745 4275 dracoaduncatus

107 4324 172 4361 rum
187 4305 301 4360 sedibus
315 4304 505 4358 succedamus.
949 4299 1098 4354 aDomino
1113 4305 1156 4353 est
1171 4298 1238 4365 (till,
1250 4305 1278 4353 et
1288 4300 1408 4371 capistro
1422 4301 1525 4370 ligatus
1534 4309 1566 4356 ut
1570 4304 1742 4372 jumentum,

141 4395 262 4450 Diversa
274 4399 370 4448 autem
385 4408 483 4447 eorum
497 4396 526 4445 et
535 4390 640 4463 partita
654 4390 780 4460 nequitia
789 4394 832 4443 est
842 4385 906 4460 (38).
917 4381 978 4444 Det
990 4388 1070 4459 quasi
1084 4387 1254 4458 mancipium
1264 4389 1411 4459 fugitivum
1424 4389 1652 4457 vinetuscirculo‚
1661 4399 1690 4447 et
1701 4410 1744 4447 ar-

108 4484 230 4548 Quidam
243 4483 319 4537 enim
329 4482 365 4535 ad
380 4497 522 4535 summum
537 4479 655 4534 nocendi
669 4479 800 4533 verticem
815 4494 909 4549 perre-
949 4478 1028 4531 milla
1040 4477 1114 4532 labia
1128 4478 1285 4548 perforatus
1301 4480 1356 4544 tJoo
1367 4479 1421 4549 xi),
1435 4479 1542 4533 nullum
1553 4481 1743 4536 omninofrdc·

107 4590 187 4637 nere,
197 4573 246 4626 alii
261 4589 293 4626 ex
308 4568 857 4641 comparationepejorumvidenturesse
871 4567 909 4621 le·
949 4567 1018 4622 lium
1032 4567 1167 4621 devorare
1181 4566 1372 4637 permittitur?
1382 4568 1634 4623 Nuncmiserabilis
1644 4575 1745 4641 utpas-

107 4663 217 4727 riores3
233 4665 320 4732 atque
342 4675 439 4715 omnes
463 4676 514 4730 pro
539 4657 724 4729 possibilitate
743 4657 853 4722 virium,
868 4656 909 4710 di·
950 4673 1004 4717 ser,
1020 4657 1055 4710 ad
1077 4656 1175 4710 ludum
1198 4655 1324 4709 irretitus
1343 4673 1360 4710 a
1379 4657 1490 4710 Christo
1518 4663 1561 4711 est
1578 4657 1646 4729 (tl),
1670 4676 1745 4716 nunc

108 4767 190 4805 versa
203 4755 304 4804 eontra
318 4748 444 4819 singulas
460 4763 605 4818 sumpsere
619 4746 783 4801 certamina.
801 4744 907 4800 idcirco
948 4744 1064 4798 comites
1077 4761 1142 4799 suos
1153 4744 1233 4815 quasi
1245 4744 1405 4815 scorpiones
1415 4752 1443 4798 et
1454 4752 1607 4816 serpentes,
1615 4748 1744 4805 calcaneo

107 4838 300 4895 necessarium
308 4844 352 4894 est
360 4838 466 4893 donum
475 4836 625 4908 spirituum
635 4835 908 4889 discernendoruma
949 4832 1173 4887 Christianorum
1189 4832 1345 4888 substratos
1367 4833 1465 4902 gemit.
1488 4834 1539 4889 lile
1552 4836 1601 4906 qui
1616 4837 1746 4893 universa

108 4929 230 4985 Domino
245 4933 342 4999 petere
351 4928 377 4992 fl
389 4927 450 4981 Gor.
467 4929 522 4995 ru),
540 4932 572 4979 ut
581 4925 720 4995 possimus
730 4923 907 4977 tamiraudes
948 4922 1038 4976 maria
1052 4921 1430 4993 asedeletaplaudebat,ille
1440 4922 1487 4994 qui
1497 4922 1592 4979 orbem
1603 4931 1744 4981 terrarum

109 5034 209 5073 eorum
222 5033 309 5088 quarn
319 5015 413 5070 studia
423 5014 608 5086 perridentes,
624 5014 756 5067 adversus
768 5012 908 5082 disparem
949 5027 1034 5064 manu
1049 5028 1100 5064 sua
1114 5011 1203 5064 terreri
1218 5010 1410 5081 pollicebatur,
1418 5028 1480 5066 ecee
1495 5013 1597 5068 arobis
1612 5016 1743 5083 vincitur,

109 5123 235 5179 pugnam
250 5122 340 5161 unum
357 5104 509 5160 Dominicae
528 5102 618 5157 crucis
641 5102 749 5156 elevare
767 5101 906 5154 vexillum.
950 5115 1012 5153 ecce
1026 5100 1222 5154 meadrersum
1238 5116 1267 5153 se
1282 5099 1745 5175 prohiberenonpotestdisputan·

111 5198 170 5251 Hoc
188 5211 305 5250 munere
319 5193 424 5249 Paulus
438 5197 561 5263 accepto,
578 5190 695 5245 docebat
710 5189 805 5244 dicens
823 5209 828 5242 :
846 5190 908 5243 Non
949 5194 1017 5242 tem.
1035 5187 1246 5241 Contemnenda
1257 5193 1308 5254 est,
1323 5189 1603 5261 filioli,penituseum
1614 5194 1744 5249 inanibus

111 5286 187 5340 euim
202 5286 265 5355 cJ'us
274 5285 438 5355 ignoramus
452 5281 570 5336 astutias
584 5280 624 5348 (ll
636 5281 697 5336 dor.
715 5280 756 5348 ιι).
771 5279 813 5333 Ad
829 5279 909 5348 cujus
942 5276 1040 5331 -verbis
1054 5276 1174 5347 superba
1187 5278 1341 5349 jactantia3
1357 5278 1666 5352 fulgorille,quilucere
1676 5284 1746 5337 sesi·

111 5374 270 5446 exemplum
289 5373 375 5428 etiam
393 5387 444 5426 nos
458 5374 569 5441 oportet
583 5385 617 5423 ex
630 5368 674 5422 his
688 5385 749 5439 quae
771 5367 846 5439 passi
861 5384 909 5421 su·
951 5367 1048 5430 mulat,
1065 5382 1120 5419 non
1135 5366 1193 5420 veri
1206 5367 1520 5437 splendorestluminis‚
1532 5371 1580 5423 sed
1590 5371 1691 5440 quibus
1701 5389 1746 5426 ar·

110 5481 185 5527 raus,
201 5462 307 5517 mutuis
322 5478 374 5517 nos
386 5460 504 5515 invicem
516 5459 656 5513 instruere
668 5456 853 5510 sermonibus.
950 5454 1193 5509 surusestindieat
1202 5455 1339 5510 flammas.
1348 5458 1499 5512 Namdicto
1508 5459 1590 5513 citius
1600 5460 1741 5523 recedens,

144 5552 254 5607 Hostile
268 5551 324 5624 illis
337 5554 437 5604 contra
455 5565 553 5605 omnes
577 5545 762 5613 Christianos,
790 5545 909 5600 maxime
951 5560 1065 5599 suarum
1077 5560 1173 5599 seeum
1189 5545 1274 5600 refert
1282 5545 1431 5600 simulacra
1443 5562 1601 5618 poenarum.

232 5651 369 5714 Parnon
391 5648 531 5711 txxlll.
1607 5649 1625 5706 5
