3818 6120
120 291 155 349 av
640 297 643 300 ⁷
744 282 936 343 aosvvnvnr
955 284 1126 344 norxrro.
1724 292 1758 355 93

121 415 167 486 tia)
182 434 212 472 se
227 432 298 488 pene
313 415 468 470 triennium
483 416 577 470 Roma
595 413 740 481 mansisse,
758 413 948 486 pariterqueA
960 414 1053 469 chium
1068 413 1192 469 scribens
1206 415 1249 468 his
1263 415 1371 469 verbis:
1384 432 1397 469 c
1413 416 1558 473 Jamcanis
1572 420 1759 490 spargebatur

123 512 187 577 post
202 505 308 560 obitum
331 503 447 559 Damasi
470 505 626 571 recessisse,
651 508 814 573 constetque
830 521 862 557 ex
875 503 919 557 his
960 509 1053 576 caput,
1070 508 1099 558 ct
1111 505 1278 574 magistrum
1289 505 1381 577 potius
1399 523 1483 577 quam
1496 507 1664 580 discipulum
1680 509 1759 565 dece-

121 611 186 666 quae
201 595 330 666 superius
343 595 496 648 dictasunt
507 594 613 648 venisse
628 594 747 647 Romam
756 592 808 647 sub
818 609 919 647 consu·
960 593 1022 660 bat3
1037 594 1144 663 perrexi
1155 601 1251 647 tamen
1264 594 1461 648 Alexandriam
1473 614 1480 662 ;
1490 597 1583 650 audivi
1593 598 1757 670 Didymum,

120 685 181 739 latu
200 684 314 739 Antonii
329 688 357 737 et
370 683 491 755 Syagrii,
508 699 582 737 anno
597 681 709 736 Domini
723 682 920 736 trecentesimo
961 688 990 736 et
998 681 1027 735 in
1042 683 1138 736 multis
1161 682 1187 736 ei
1204 682 1311 752 gratias
1330 700 1382 753 ago
1399 701 1405 735 :
1422 685 1493 754 quod
1515 686 1627 752 nescivi,
1650 688 1734 742 didici
1749 706 1756 754 3

120 774 293 844 octogesimo
307 774 439 835 secundo,
452 773 544 843 ipsum
560 772 612 826 hoc
625 789 698 826 anno
712 771 747 825 ab
756 771 825 827 urbe
840 787 920 843 opor·
962 771 1035 842 quod
1051 770 1239 837 sciebam,illo
1255 773 1372 826 docente
1386 789 1441 827 non
1458 774 1566 844 perdidi
1582 777 1666 845 (Hier.
1679 781 1758 847 epist.

120 862 341 916 tuitrecessisse.
353 861 487 916 Praesenti
496 861 582 932 igitur
589 877 672 927 anno,
683 860 803 930 Augusti
812 877 917 925 mense,
962 859 1015 927 05).
1031 879 1043 913 r
1058 862 1149 930 Atque
1165 860 1231 914 alibi
1244 861 1280 914 ad
1299 861 1447 915 cumdem:
1468 881 1480 913 v
1497 863 1566 917 Cum
1587 880 1676 919 essem
1691 867 1758 921 Ale-

121 951 157 1004 nd
173 951 331 1005 Romanum
345 958 457 1022 portum
472 967 502 1003 se
517 949 671 1014 censerem,
680 966 779 1004 navem
790 964 920 1003 conscen-
960 949 1094 1014 xandrirc,
1116 949 1172 1002 vidi
1195 949 1358 1020 Didymum,
1379 955 1407 1004 ct
1421 967 1486 1004 euin
1501 951 1662 1023 frequenter
1674 956 1757 1022 adivi,

121 1038 173 1103 dit,
191 1046 275 1110 prout
287 1039 345 1110 ipse
360 1040 430 1093 satis
444 1044 540 1110 aperte
555 1039 731 1093 demonstrat
747 1038 775 1092 in
790 1037 920 1109 apologia
960 1037 1050 1090 virum
1061 1037 1103 1091 sui
1117 1038 1252 1109 temporis
1267 1039 1492 1094 eruditissimum
1506 1059 1512 1108 ;
1526 1043 1676 1114 rogavique
1693 1061 1759 1100 eum

121 1128 256 1183 adversus
266 1128 408 1183 Rufiinum
424 1130 520 1199 tilica,
539 1130 586 1182 tib.
598 1145 616 1182 u
625 1129 731 1182 odorra.
751 1129 916 1196 ltusfinum).
960 1132 992 1179 ut
1015 1128 1089 1197 qnod
1108 1126 1243 1196 Origenes
1266 1145 1322 1182 non
1347 1128 1452 1183 fecerat
1475 1129 1534 1200 ipse
1553 1133 1715 1204 compleret,
1730 1137 1760 1188 et

156 1218 246 1272 Porro
258 1218 305 1288 qui
317 1218 422 1273 fuerint
432 1219 519 1290 ipsius
528 1217 693 1289 Hieronymi
701 1217 730 1271 in
742 1217 919 1286 navigatione
960 1214 1093 1268 scriberet
1107 1215 1138 1268 in
1152 1215 1231 1270 Oseae
1245 1217 1462 1272 commentarios
1472 1236 1479 1285 3
1489 1218 1536 1289 qui
1551 1224 1608 1274 tres
1619 1200 1703 1275 libros
1713 1237 1758 1277 me

120 1307 547 1378 comites,etquandosolrerite
562 1311 654 1378 portu,
666 1306 781 1360 idemin
791 1305 920 1376 apologia
960 1310 1072 1373 petente
1082 1304 1205 1370 dictavit,
1215 1304 1338 1376 quinque
1348 1323 1459 1377 quoquc
1474 1307 1543 1362 alios
1559 1308 1587 1362 in
1597 1310 1760 1365 Zachariam

121 1397 257 1451 adversus
268 1397 411 1452 Bullinum
423 1396 565 1450 hisverbis
579 1394 712 1449 describit
728 1414 734 1449 :
749 1413 762 1446 <r
778 1395 826 1448 Vis
837 1411 919 1448 nosse
960 1393 1096 1460 (Hieron,
1109 1411 1222 1463 proma.
1246 1399 1279 1448 in
1298 1396 1439 1466 orcamp»
1468 1398 1609 1452 Hactenus
1625 1400 1660 1453 ad
1676 1401 1759 1454 Pam·

121 1486 377 1556 profectionismeae
386 1486 421 1539 dc
430 1485 498 1539 urbe
507 1483 780 1539 ordinemlnarrabo
787 1483 916 1537 breviter.
960 1482 1111 1536 machium.
1128 1484 1162 1536 Et
1174 1483 1342 1538 adstructam
1353 1485 1469 1540 Paulam
1486 1505 1492 1540 t
1506 1506 1518 1538 n
1531 1488 1658 1560 Denique
1670 1504 1760 1561 nuper

119 1575 216 1628 Hense
233 1576 370 1645 Angusto,
391 1574 522 1629 flantibus
536 1574 645 1640 Etesiis,
662 1591 725 1628 curn
739 1579 835 1627 sancto
849 1572 919 1626 Vin·
960 1570 996 1623 ob
1011 1572 1082 1625 hanc
1098 1572 1139 1625 vel
1155 1572 1276 1627 inanime
1291 1590 1405 1628 causam
1425 1575 1622 1631 Alexandriam
1639 1577 1758 1649 perrexi,

119 1664 212 1718 centio
228 1663 400 1735 presbytero,
418 1668 446 1717 et
460 1663 636 1716 adolescente
659 1663 745 1716 fratre
769 1660 918 1727 (Paulinia
960 1664 992 1713 ut
1000 1660 1324 1732 vidercmDidymnm,et
1332 1661 1366 1715 ab
1377 1663 1443 1716 eoin
1452 1664 1605 1735 Scripturis
1614 1666 1756 1736 omnibus,

119 1769 174 1806 nus
184 1753 231 1807 hic
244 1758 313 1817 erat,
326 1768 409 1823 quem
424 1752 522 1806 ultimo
538 1752 597 1806 loco
612 1757 719 1817 natum,
744 1751 839 1805 Romae
854 1739 950 1804 dumB
962 1765 1025 1819 quae
1036 1749 1172 1804 habebam
1180 1750 1440 1816 dubia,sciscitarer
1452 1755 1568 1824 (Hieron
1584 1758 1632 1821 ,in
1645 1771 1758 1824 proma.

120 1847 204 1908 esset,
222 1841 257 1896 ad
276 1858 305 1896 se
320 1848 352 1896 ut
366 1841 473 1896 veniret
485 1841 639 1910 accersivit)
656 1847 684 1895 et
705 1839 921 1905 aliisomona-
962 1844 1031 1894 t.1v
1055 1842 1204 1895 Coronant.
1228 1843 1258 1893 in
1281 1841 1366 1908 Epist.
1393 1843 1429 1894 nd
1454 1843 1570 1911 Hyries).
1596 1863 1608 1895 ι
1630 1844 1696 1899 Haec
1724 1845 1761 1901 ad

118 1931 189 1997 ehis,
205 1931 252 2001 qui
268 1948 342 1985 nunc
351 1931 532 2003 ierosolymis
547 1936 767 1996 commorantur,
786 1929 878 1982 navim
891 1928 919 1983 in
961 1928 1100 1982 Paulam:
1122 1928 1222 1999 quibus
1243 1945 1307 1982 cum
1332 1929 1440 1982 nullam
1462 1930 1635 1986 mentionem
1659 1933 1762 1988 habeat

118 2020 247 2074 Romano
262 2027 345 2092 portu
359 2037 475 2074 securus
487 2019 609 2085 ascendi,
623 2018 748 2072 maxima
757 2023 919 2072 mesancto-
961 2017 1034 2087 quod
1048 2033 1111 2071 earn
1126 2016 1276 2072 comitatus
1295 2017 1380 2072 suerit
1394 2020 1621 2090 peregrinantem
1635 2023 1665 2076 in
1677 2023 1761 2095 AEgy·

118 2126 182 2163 rum
204 2109 364 2180 frequentia
383 2115 578 2181 prosequente.
596 2109 674 2184 'Veni
700 2107 837 2178 Rhegium
855 2147 862 2173 ,
890 2107 919 2160 in
961 2110 1050 2176 ptum,
1065 2122 1116 2159 nec
1132 2105 1207 2171 alibi,
1224 2123 1287 2160 cum
1298 2107 1332 2160 de
1348 2108 1473 2177 ejusdem
1484 2110 1577 2164 Paulae
1589 2111 1761 2181 profectione

118 2197 236 2268 Scyllaeo
249 2198 343 2253 littore
357 2199 503 2269 paululum
518 2198 593 2263 steti,
606 2196 654 2252 ubi
669 2204 777 2251 veteres
788 2195 872 2249 didici
881 2195 920 2249 ta·
960 2194 1123 2248 incamdem
1135 2193 1304 2264 provinciam
1312 2194 1379 2265 agit,
1391 2213 1420 2249 se
1430 2196 1470 2249 illi
1480 2197 1762 2255 comiteminhaesisse

119 2286 211 2353 bulas,
229 2292 256 2341 et
266 2288 436 2359 praecipitem
447 2288 552 2342 fallacis
562 2287 800 2358 Ulyssiscursum,
813 2284 920 2338 etSire·
961 2283 1035 2337 dicat
1050 2286 1137 2347 (Hier.
1157 2285 1242 2352 Epist.
1258 2282 1317 2354 27),
1339 2283 1421 2354 plane
1437 2287 1599 2356 conjectura
1619 2288 1759 2358 ducimur,

117 2394 221 2430 narum
231 2376 381 2443 cantica,et
391 2377 578 2432 insatiabilem
585 2374 917 2447 Obarybdisvoraginem.
962 2373 1163 2443 Hieronymum
1178 2388 1357 2445 nequaquam
1372 2391 1435 2427 cum
1451 2391 1485 2428 ea
1505 2376 1760 2446 peregrinationem

118 2467 248 2536 Cumque
255 2467 325 2520 mihi
335 2466 433 2520 accolas
444 2466 518 2521 illius
527 2465 580 2519 loci
594 2466 684 2519 multa
698 2468 856 2529 narrarent,
872 2462 920 2516 da·
960 2462 1037 2515 illam
1054 2462 1220 2533 suscepisse.
1243 2463 1382 2516 Caeterum
1400 2463 1435 2516 ad
1464 2464 1605 2518 modicum
1626 2468 1760 2538 temporis

118 2562 240 2626 rentque
252 2556 401 2610 consilinm
412 2560 505 2609 utnon
515 2554 550 2608 ad
561 2553 655 2609 Protei
661 2554 815 2618 columnas,
824 2538 873 2606 sed
884 2553 919 2606 ad
960 2551 1322 2622 spatiummempetriginta
1330 2557 1440 2605 tantum
1450 2551 1548 2607 diebus
1555 2562 1761 2612 commoratum

118 2644 197 2698 Jenae
211 2649 326 2715 portum
340 2644 501 2714 navigarem
514 2662 520 2710 3
533 2643 611 2697 illum
627 2643 702 2696 enim
713 2641 880 2712 fugientium
891 2646 919 2694 ct
960 2657 1020 2694 csse
1037 2641 1241 2711 Hieronymum
1260 2641 1445 2706 Alexandriae,
1462 2641 1592 2697 Rulirnus
1607 2645 1758 2715 exprobrat

118 2731 388 2800 turbatorum,Hunc
396 2731 488 2786 securi
497 2732 618 2786 hominis
627 2749 687 2785 esse
696 2747 820 2796 cursum,
832 2728 919 2783 malui
961 2730 990 2783 in
1005 2729 1154 2797 invectiva;
1173 2730 1222 2783 sed
1237 2746 1273 2783 an
1284 2746 1358 2797 vere,
1376 2730 1435 2801 ipse
1447 2730 1508 2785 scit.

117 2838 168 2891 per
178 2822 292 2877 Malaeas
303 2828 332 2876 et
341 2820 476 2892 Cycladas
486 2822 609 2893 Cyprum
617 2835 741 2891 pcrgcrc;
754 2818 801 2873 ubi
809 2835 920 2888 suscep-
997 2819 1136 2873 Caeterum
1152 2818 1200 2889 qui
1220 2818 1423 2889 aliquantipser
1438 2819 1589 2891 Didymum
1610 2823 1759 2879 auditurus

116 2916 162 2964 tus
176 2928 193 2964 a
206 2910 359 2964 venerabili
373 2911 502 2982 episcopo
517 2910 682 2981 Epiphanio,
703 2909 783 2979 eujus
796 2912 827 2961 tu
840 2907 920 2962 testi·
960 2906 1135 2961 Alexandriae
1150 2907 1284 2972 consedit,
1299 2913 1450 2978 antequam
1468 2909 1574 2962 rediret
1590 2909 1619 2963 in
1634 2911 1760 2965 Palesti-

116 2999 212 3053 monio
226 3000 366 3070 gloriaris,
389 3000 450 3054 reni
463 2999 653 3065 Antiochiam,
670 2998 718 3053 ubi
740 2997 841 3052 fruitus
857 3012 919 3050 sum
961 3012 1036 3061 nam,
1044 2996 1156 3067 AEgypti
1165 2997 1336 3050 monasteria
1344 2997 1565 3067 peragravit3de
1575 2998 1757 3071 quibusipse:

116 3087 318 3143 communione
327 3089 466 3160 pontilicis
473 3088 694 3158 confessorisque
702 3086 812 3142 Paulini
823 3104 829 3151 ;
839 3091 868 3139 et
874 3085 921 3139 de·
931 3056 953 3115 G
965 3105 975 3134 r
988 3085 1293 3156 ContendiAEgyptnm,
1305 3086 1423 3139 lustravi
1438 3087 1723 3155 monasteriaNitriae,
1732 3093 1761 3142 et

116 3177 270 3232 dnctusab
291 3195 334 3243 eo,
352 3178 550 3233 mediahieme
570 3183 598 3232 et
620 3177 724 3247 frigore
743 3174 918 3247 gravissimo,
961 3174 1035 3229 inter
1059 3180 1220 3228 sanctorum
1247 3175 1346 3228 choros
1374 3175 1485 3245 aspides
1509 3176 1597 3231 latere
1632 3177 1759 3249 perspexi

116 3265 222 3320 intravi
234 3266 447 3338 ierosolymam.
466 3266 529 3320 Vidi
544 3266 633 3320 multa
646 3264 796 3331 miracula,
813 3258 842 3317 et
858 3280 920 3334 quse
963 3265 1059 3331 (Hicin,
1083 3265 1193 3333 Apoiop.
1214 3265 1320 3317 adiero.
1344 3265 1510 3335 hassinone).
1538 3285 1549 3316 ι
1575 3267 1629 3320 Per
1650 3267 1761 3338 aspides

117 3355 197 3426 prins
214 3355 249 3409 ad
266 3373 311 3410 me
321 3355 398 3409 sama
404 3356 567 3427 pertulerat,
578 3353 830 3424 oculorumjudicio
843 3369 920 3407 com·
962 3353 1035 3406 enim
1051 3369 1080 3406 se
1092 3351 1262 3422 significasse
1277 3350 1590 3421 OrigenistnS,ipsemet
1606 3354 1760 3426 aliassaepe

117 3444 244 3514 probavi.
263 3462 276 3497 a
297 3445 439 3499 Hactenus
454 3445 642 3516 Hieronymus
664 3443 698 3497 de
720 3458 771 3496 suo
799 3442 920 3495 adventu
961 3443 1096 3508 declarat,
1112 3440 1225 3494 aeduos
1240 3439 1328 3493 dehis
1342 3455 1393 3493 sno
1409 3440 1469 3494 loco
1480 3440 1618 3511 pluribus.

117 3533 336 3605 ierosolymam.
609 3581 612 3588 .
796 3592 801 3601 ,
996 3533 1033 3585 At
1047 3530 1114 3601 quid
1129 3535 1227 3601 postea
1251 3527 1349 3598 egerit,
1372 3545 1437 3583 mox
1459 3529 1574 3585 subdit:
1592 3549 1605 3584 c
1628 3531 1760 3587 Protinus

333 3626 523 3692 Peregrinatio
537 3625 708 3691 AEpyptiaca.
962 3621 1069 3676 concito
1083 3619 1173 3690 gradu
1193 3618 1338 3673 Bethleem
1361 3635 1453 3672 meam
1476 3636 1604 3676 reversus
1623 3637 1696 3686 sum,
1711 3620 1760 3677 ubi

153 3712 238 3768 Anno
249 3713 356 3767 Christi
366 3710 427 3767 386.
443 3714 555 3778 Ilaron,
567 3713 603 3764 ad
613 3712 736 3765 curnrtcm
747 3725 794 3762 an:
806 3737 835 3747 -
849 3707 920 3760 Cum
961 3710 1075 3764 adoravi
1090 3725 1213 3781 praesepe
1228 3715 1256 3761 ct
1266 3707 1436 3762 incunabula
1447 3707 1608 3763 Salvatoris.
1618 3710 1681 3764 Vidi
1693 3726 1761 3781 quo·
1775 3698 1779 3705 ’

118 3801 208 3872 igitur
219 3802 423 3873 ierosolymam
434 3807 548 3855 sanctus
561 3800 750 3871 Hieronymus
760 3795 921 3852 advenisset
962 3816 1016 3871 que
1027 3797 1245 3852 famosissimum
1255 3797 1346 3851 lacum
1356 3815 1362 3864 3
1371 3813 1422 3851 nec
1432 3813 1477 3853 me
1485 3797 1568 3852 inerti
1578 3799 1682 3855 tradidi
1692 3799 1759 3868 otio,

118 3891 212 3945 media
229 3891 332 3957 hieme,
344 3891 419 3945 haud
434 3890 550 3944 dubium
564 3889 603 3943 ibi
619 3894 763 3955 moratus;
779 3885 920 3958 profectus
961 3888 1010 3941 sed
1022 3887 1110 3941 multa
1124 3886 1281 3956 didicique
1294 3890 1359 3940 ante
1374 3886 1569 3942 nesciebam.»
1586 3888 1623 3942 At
1632 3904 1761 3960 quamam

117 3997 185 4034 vero
209 3985 253 4034 est
271 3985 370 4052 postea
391 3980 420 4034 in
442 3980 604 4051 AEgyptum,
624 3977 747 4033 discendi
766 3973 919 4046 cupiditate
961 3977 1033 4031 ista?
1048 3976 1114 4031 alibi
1128 3976 1252 4031 declarat
1265 3976 1308 4030 his
1319 3975 1409 4030 verbis
1424 3983 1488 4046 post
1499 3978 1669 4033 recensitum
1684 3979 1760 4033 redi·

118 4070 266 4141 pellectus.
275 4070 347 4124 Nam
358 4069 424 4123 licet
433 4068 509 4123 orbis
518 4084 589 4139 pene
599 4066 685 4122 totius
698 4061 921 4138 magistercxsti-
961 4071 1022 4122 tum
1036 4083 1069 4120 ex
1082 4066 1201 4139 AEgypto
1213 4065 1243 4119 in
1253 4065 1433 4120 Palaestinam
1447 4084 1453 4120 :
1470 4066 1640 4122 «Putabant
1657 4084 1703 4122 me
1712 4067 1763 4123 ho-
1853 4113 1855 4117 .

116 4159 212 4221 iisset,
233 4175 298 4214 cunr
319 4174 384 4213 eum
399 4159 460 4228 jam
475 4157 584 4228 pridem
599 4157 684 4211 etiam
694 4157 832 4210 Damasus
846 4168 921 4225 papa
961 4155 1051 4209 mines
1070 4162 1133 4226 post
1160 4155 1288 4210 auditum
1311 4155 1464 4227 Didymum
1488 4156 1573 4210 finem
1597 4156 1697 4211 fecisse
1721 4156 1764 4212 di-

116 4248 266 4303 consulerc
289 4247 488 4313 consuevisset,
510 4247 590 4316 cuius
611 4246 723 4300 nomine
747 4245 782 4299 ad
811 4241 921 4297 consul-
961 4238 1073 4311 scen‹H;
1097 4243 1161 4298 veni
1176 4260 1289 4298 rursum
1313 4244 1517 4315 ierosolymam
1542 4251 1570 4297 et
1593 4245 1759 4313 Bethleem3

118 4338 243 4392 tationes
266 4336 459 4409 episcoporum
474 4336 639 4402 rescribens,
655 4351 751 4390 omnes
767 4335 855 4388 serme
871 4332 920 4386 Ec·
962 4349 1016 4403 quo
1031 4331 1135 4397 labore,
1153 4349 1208 4403 quo
1223 4332 1312 4403 pretio
1322 4332 1515 4387 Barrabanum
1531 4337 1700 4387 nocturnum
1711 4334 1762 4387 ha·

117 4411 1006 4496 clesiasdocuisset;ibitamenDidymumAlcxandrinumeui
1031 4423 1250 4493 praeceptorem?
1273 4422 1392 4477 timebat
1407 4423 1482 4478 enim
1506 4423 1626 4489 Judaeos,
1644 4423 1757 4479 etmihi

117 4514 299 4581 conveniens,
314 4515 368 4586 ipsi
391 4531 420 4568 se
441 4514 568 4579 tradidit,
587 4518 620 4568 ut
632 4514 809 4585 discipulum,
833 4515 919 4572 sacris
961 4514 1081 4567 alterurn
1104 4509 1254 4566 exhibebat
1268 4512 1451 4569 Nicodemum
1467 4514 1555 4578 tHicr.
1575 4515 1651 4582 epist.
1672 4512 1759 4583 65).»

118 4605 225 4659 litteris
246 4604 438 4660 imbuendum.
462 4604 593 4659 Testatur
613 4602 642 4657 id
656 4603 716 4674 ipse
733 4603 768 4656 ad
788 4604 920 4658 Pamma·
962 4603 1027 4658 Haec
1041 4601 1110 4673 ipse.

725 4746 936 4808 ROSWHYDI
972 4747 1156 4808 NOTA'l'lO.

161 4869 222 4931 10
236 4865 272 4933 (a)
296 4865 453 4933 Aqniiciarn
471 4862 647 4932 pervenisse]
671 4862 787 4917 Summa
806 4859 919 4931 quidem
961 4864 1049 4922 lenti.
1059 4881 1070 4911 v
1081 4862 1135 4915 Per
1150 4878 1220 4931 quos
1231 4879 1313 4917 omne
1330 4882 1341 4913 ι
1355 4861 1452 4916 Ariani
1468 4861 1610 4933 quondam
1620 4862 1761 4932 dogmatis

120 4934 205 4989 laude
216 4935 266 5005 [ait
280 4934 416 4988 Beronins
427 4950 502 4988 anno
521 4933 625 4987 cbristi
638 4932 697 5001 372>
720 4930 839 4985 florebat
853 4936 920 4985 tunc
959 4932 1036 4985 virus
1047 4934 1189 4987 exclusum
1206 4940 1248 4987 est
1265 4936 1361 5003 (ilion,
1377 4936 1454 5001 epist.
1471 4932 1553 5003 43).»
1572 4933 1664 4988 Sedet
1675 4934 1761 5004 quod,

119 5006 310 5088 Aquileiensis
331 5006 462 5067 Ecclesia,
484 5004 533 5058 ubi
557 5004 692 5058 exstincto
717 5003 919 5057 Fortunatiano
961 5002 1007 5073 qui
1028 5003 1065 5056 ibi
1076 5010 1158 5058 crant
1171 5005 1275 5070 clerici,
1287 5010 1381 5058 essent
1395 5010 1424 5058 et
1440 5004 1577 5071 monachi,
1592 5005 1645 5058 hoc
1660 5021 1763 5075 praeco·

120 5094 263 5149 episcopo,
271 5077 382 5131 Arianae
389 5082 471 5131 sectae
480 5076 600 5139 fautore,
612 5092 674 5129 eam
682 5073 920 5129 Arianorumlabe
960 5075 1007 5127 nio
1023 5091 1055 5127 ex
1069 5075 1169 5128 iisdem
1185 5081 1244 5129 tres
1261 5075 1437 5146 potissimum
1453 5076 1604 5130 laudantur
1624 5076 1653 5130 in
1676 5077 1763 5130 Obro-

120 5149 267 5213 foedatam,
295 5149 461 5202 Valerianus
487 5147 530 5200 vir
550 5145 753 5210 sanctissimus,
780 5145 815 5198 ab
842 5144 919 5198 omni
960 5145 1031 5208 nice,
1049 5161 1113 5199 cum
1129 5145 1190 5198 ait:
1211 5147 1396 5201 «Florentius
1411 5148 1622 5217 [Florentinnsl
1636 5149 1764 5202 Bonosus

140 5236 239 5274 rorsus
252 5219 406 5290 impictatis
420 5219 485 5273 faece
500 5217 639 5288 purgavit,
661 5223 692 5270 ut
714 5216 787 5270 idern
807 5220 919 5269 sanctus
960 5222 989 5269 et
1005 5216 1143 5281 Huffinus,
1159 5216 1284 5287 insignes
1301 5218 1430 5273 monachi
1447 5218 1600 5273 habentur:
1613 5235 1646 5272 ex
1661 5217 1764 5289 quibus

121 5237 314 5363 hieronymus
333 5290 420 5344 tradit
434 5291 525 5360 (Hier.
548 5292 626 5357 epist.
639 5287 697 5354 t3);
715 5287 864 5357 ascitisqne
884 5286 920 5340 ad
961 5287 1120 5341 Florentius
1133 5293 1193 5341 tam
1218 5289 1376 5343 misericors
1389 5290 1418 5342 in
1433 5306 1535 5359 egenos
1554 5290 1616 5351 luit,
1635 5295 1667 5343 ut
1681 5290 1764 5359 vulgo

121 5362 216 5415 officia
229 5361 415 5416 ecelesiastica
430 5360 497 5414 viris
508 5358 621 5430 optimis
637 5375 669 5412 ae
685 5358 801 5413 eruditis
816 5358 856 5412 sic
866 5359 920 5411 cla·
962 5365 1041 5428 pater
1051 5375 1207 5429 pauperum
1216 5361 1378 5414 nominatus
1386 5362 1638 5429 esset(Hieron.,ia
1649 5363 1763 5424 tiron,

123 5435 191 5496 ruit,
203 5434 279 5487 utde
289 5433 330 5487 eis
340 5433 398 5505 ipse
409 5432 597 5504 Hieronymus
607 5431 633 5485 in
645 5430 827 5484 Chronicoita
837 5429 920 5499 digne
961 5447 1009 5483 oa.
1037 5428 1066 5484 ta
1093 5431 1218 5497 Valent).
1237 5451 1247 5481 r
1264 5431 1307 5485 Ab
1321 5434 1374 5486 hoc
1393 5432 1522 5501 adjutum
1538 5431 1719 5487 Heliodorum
1735 5430 1765 5484 in

123 5504 313 5559 meminerit:
339 5498 569 5574 «Aquileienses
591 5501 693 5566 clerici,
715 5501 795 5571 quasi
821 5501 921 5554 chorus
963 5500 1108 5554 Orientem
1123 5503 1378 5572 peregrinationem
1400 5501 1561 5566 coniecisse,
1586 5503 1701 5572 ejusque
1720 5516 1767 5554 ex·

123 5575 275 5632 beatorum
289 5575 435 5631 habentur.
450 5576 585 5642 (Hieron,
596 5576 626 5629 in
637 5574 749 5638 Obroa,
760 5572 847 5626 ‹ia-11
873 5573 921 5626 Va·
963 5571 1057 5644 pensis
1072 5573 1276 5646 Hieronymum
1291 5575 1449 5646 complures
1468 5572 1554 5628 libros
1571 5571 1764 5628 exscribendos
