3818 6120
127 247 181 306 755
683 252 730 307 DE
747 252 843 309 VlTlS
861 252 1010 309 PATRUbl
1029 252 1136 308 LIBER
1154 251 1206 307 111.
1715 250 1764 309 let

128 373 561 449 deprecatursauctltatemtuam
568 374 925 451 diceus,utusqueaddiem
935 379 1141 450 Apraeoeptum
1154 375 1272 445 abbatis3
1284 392 1405 449 cumque
1418 381 1559 448 pergeret,
1579 375 1651 431 dixit
1675 375 1767 433 abbati

127 464 301 521 Dominieam
314 468 504 534 exspecteset
513 465 610 520 statim
619 466 787 538 egredietur.
800 468 870 523 Cum
880 485 929 524 au·
969 452 1033 524 suo':
1050 468 1169 523 Domine
1182 472 1271 540 pater,
1288 467 1383 522 audivi
1406 466 1631 539 quamplurimos
1646 466 1768 524 dieentes

128 560 187 609 tem
200 552 359 608 advenisset
371 552 534 609 Dominicus
548 553 617 620 dies,
629 560 658 610 et
670 572 727 611 nou
737 556 926 629 egrederetur,
970 559 1037 630 quia
1049 557 1079 612 in
1088 558 1136 612 illo
1151 557 1212 612 loco
1226 557 1301 611 mala
1312 556 1403 611 bestia
1412 557 1501 611 leaena
1510 556 1556 611 sit.
1572 557 1653 611 Tunc
1665 557 1765 623 senior,

128 641 267 714 accipiens
281 645 387 696 vectem
395 641 499 708 senior,
506 642 699 700 inflammatus
708 645 818 701 invidia
831 652 860 700 et
872 646 929 702 ira·
959 647 1050 721 ‘quasi
1061 646 1226 718 joculariter
1239 645 1307 700 dicit
1321 643 1365 701 ei:
1390 645 1419 700 Si
1434 644 1542 701 venerit
1556 662 1644 717 super
1656 651 1695 714 le,
1707 651 1769 702 tene

127 730 236 787 cundia
250 729 360 803 spiritu,
376 730 510 802 pergebat
519 738 552 786 ut
563 732 694 788 cadendo
708 735 859 806 expelleret
866 752 929 791 eum
970 742 999 791 et
1013 737 1098 807 alliga
1112 752 1185 802 eam,
1202 741 1231 790 et
1247 735 1369 790 adduces
1388 751 1451 789 eam
1470 741 1575 791 tecum.
1587 735 1661 790 Cum
1676 741 1768 791 autem

129 820 164 876 de
177 820 247 876 calla
260 836 322 874 sua.
346 821 489 876 decedens
508 822 765 895 autemdisclpulus
784 826 844 896 ejus
860 824 930 880 dixit
969 826 1093 881 venisset
1106 825 1141 879 ad
1156 824 1247 879 locum
1261 825 1320 896 jam
1331 841 1457 895 vespere,
1469 825 1565 879 statim
1581 824 1769 895 egressaleae-

128 909 168 966 ei:
182 909 212 965 Si
223 907 316 981 jubes,
333 909 426 976 Pater,
442 911 569 981 praecedo
578 916 616 979 te,
628 912 752 981 etvideo,
767 931 801 968 ne
812 913 929 969 forsitan
970 932 1007 970 na
1016 915 1101 971 irruit
1114 931 1200 987 super
1212 929 1287 980 eum,
1303 918 1332 967 et
1345 912 1393 967 ille
1406 913 1650 985 comprehendens
1673 919 1769 969 tenere

129 998 218 1071 aliqui
227 998 329 1054 iratres
338 999 374 1053 ad
386 999 566 1054 salutandum
583 1017 648 1055 eum
662 1003 797 1068 venerint,
811 1007 840 1058 et
854 1003 878 1057 si
891 1004 930 1058 vi·
970 1021 1033 1059 eam
1048 1003 1144 1068 voluit,
1162 1003 1211 1058 illa
1225 1018 1289 1056 vero
1305 1001 1448 1057 excutiens
1462 1019 1502 1068 se,
1518 1003 1554 1057 de
1569 1001 1703 1058 manibus
1712 1004 1770 1073 ejus

128 1087 223 1143 derint
236 1092 274 1154 te,
286 1087 519 1143 scandalizentur.
532 1089 677 1145 Praecessit
701 1108 766 1162 ergo
780 1092 931 1164 discipulus
972 1093 1090 1164 aufugit.
1108 1092 1284 1163 Sequebatur
1298 1096 1393 1145 autem
1404 1091 1451 1146 ille
1469 1092 1565 1147 dicens
1578 1110 1584 1145 ι
1597 1092 1674 1156 Quia
1686 1091 1772 1148 abbas

130 1180 160 1231 et
169 1175 314 1247 ingressus
327 1176 363 1231 ad
378 1193 443 1231 eum
456 1177 546 1232 dixit:
570 1179 638 1234 Ecce
652 1178 739 1235 abbas
762 1198 842 1236 meus
856 1174 933 1237 renit
973 1199 1052 1238 meus
1072 1181 1250 1254 praecepitur
1264 1180 1409 1252 alligatam
1425 1181 1622 1252 leparducam
1644 1181 1771 1236 adeum.

131 1264 356 1321 adsalutandum
373 1271 410 1332 te,
431 1266 566 1337 egredere
593 1284 659 1340 ergo
680 1269 807 1336 celerius,
825 1278 853 1326 et
866 1288 931 1326 cum
972 1271 1112 1327 Continuo
1123 1275 1218 1326 autem
1233 1270 1313 1324 stetit
1324 1268 1423 1332 bestia,
1435 1275 1464 1324 el
1477 1274 1577 1324 lenem
1591 1287 1668 1336 eam,
1684 1287 1774 1326 rerer-

129 1353 287 1426 gratiarum
297 1354 406 1410 actione
414 1371 527 1410 occurre
535 1357 623 1430 ei,qui
634 1374 684 1430 pro
696 1357 784 1414 nimia
795 1359 932 1415 charitate
973 1361 1085 1416 tebatur
1099 1361 1135 1416 ad
1149 1359 1361 1415 monasterium.
1378 1359 1452 1414 Dum
1462 1364 1558 1414 autem
1568 1359 1731 1415 retardaret
1745 1360 1774 1415 in

132 1448 161 1500 et
174 1442 322 1500 dilectione
335 1444 411 1500 venit
430 1445 466 1499 ad
482 1450 520 1500 te.
537 1445 591 1510 Qui
610 1447 707 1502 statim
731 1464 849 1519 surgens
868 1466 932 1505 cum
974 1433 1084 1517 itinere,
1099 1448 1186 1507 abbas
1199 1448 1283 1503 nimis
1306 1447 1443 1503 sollicitus
1457 1465 1508 1519 pro
1532 1465 1576 1516 eo,
1605 1448 1775 1504 tristabatur

131 1531 221 1588 nimia
234 1531 380 1588 alacritate
400 1532 523 1588 occurrit
541 1533 577 1588 ei.
593 1534 720 1607 Cumque
734 1535 849 1592 uidisset
868 1554 934 1593 eum
975 1539 1117 1610 graviter3
1134 1544 1163 1592 el
1177 1554 1239 1593 ecce
1253 1535 1346 1592 subito
1368 1538 1530 1609 supervenit
1543 1537 1700 1611 discipulus
1715 1539 1775 1609 ejus

131 1627 284 1696 autequam
293 1624 504 1696 approximaret
515 1625 552 1679 ed
565 1641 640 1692 eum,
652 1627 806 1698 prostravit
823 1646 853 1683 se
867 1633 1074 1719 pro-Bteuens
1085 1627 1201 1699 ligatam
1217 1627 1346 1682 leaenam.
1363 1626 1443 1690 Quod
1457 1643 1522 1681 cum
1536 1626 1654 1682 vidisset
1670 1627 1773 1695 senior,

130 1728 185 1768 nus
199 1712 229 1768 in
243 1718 358 1779 terram,
372 1712 563 1785 adorabatque
584 1730 681 1770 senem
700 1732 764 1771 cum
778 1718 933 1787 gratiarum
975 1717 1131 1772 admiratus
1138 1716 1342 1788 valde,gratias
1352 1714 1454 1787 agebat
1463 1715 1602 1771 Salvatori
1617 1716 1777 1771 nostroDo·

132 1800 252 1867 actione,
269 1801 384 1857 diceus:
405 1803 553 1858 Retribuat
567 1803 620 1859 tibi
635 1805 781 1874 Dominus,
806 1807 936 1862 charissi-
975 1807 1063 1862 mino.
1078 1805 1151 1861 Dicit
1164 1809 1260 1860 autem
1278 1804 1432 1877 discipulus
1457 1806 1531 1877 ejus:
1555 1805 1636 1872 Ecce,
1652 1805 1776 1872 domine,

132 1906 178 1945 me
194 1890 288 1957 Pater,
304 1889 378 1946 bona
388 1897 493 1947 aterna
507 1909 557 1964 pro
575 1893 676 1949 cellula
688 1900 747 1963 tua,
768 1913 851 1968 quam
866 1897 935 1952 rnrhi
975 1896 1048 1951 sicut
1061 1894 1228 1967 precepisti,
1237 1893 1340 1950 adduxi
1353 1895 1470 1950 leaenam
1479 1895 1608 1965 ligatam.
1618 1895 1725 1949 Dolens
1733 1911 1779 1950 au·

133 1983 248 2051 propter
257 1995 361 2036 nomeu
370 1981 432 2052 ejus
444 1982 610 2053 prestitisti,
625 1989 653 2038 et
667 1984 697 2039 in
711 1984 817 2040 coelesti
826 1987 938 2043 Jerusa-
977 1991 1036 2042 tem
1050 1984 1199 2040 humiliare
1213 2000 1327 2039 sensum
1344 1984 1403 2054 ejus
1418 1984 1520 2050 senior,
1537 2001 1573 2039 ne
1592 1985 1779 2039 extolleretse

132 2068 271 2124 leminter
284 2075 396 2124 sanctos
410 2087 475 2126 suos
488 2072 617 2129 Christus
627 2074 763 2130 Dominus
774 2074 826 2130 tibi
836 2076 939 2147 glorio-
978 2076 1008 2130 in
1022 2072 1238 2146 cogitationibus
1253 2072 1310 2129 suis
1329 2072 1482 2145 discipulus
1492 2089 1570 2139 suus,
1581 2073 1625 2129 ait
1640 2073 1665 2128 ei
1679 2093 1685 2127 :
1705 2073 1780 2129 Sicut

134 2173 194 2212 sam
208 2162 238 2212 et
247 2157 567 2234 splendidampraeparet
576 2163 938 2221 mansionemllaecautem
979 2171 1010 2220 tu
1024 2162 1194 2220 insensibilis
1215 2180 1254 2230 es,
1275 2162 1317 2216 ita
1339 2162 1425 2217 etiam
1449 2168 1478 2218 et
1492 2162 1576 2218 istam
1585 2162 1780 2218 insensibilem

134 2245 252 2303 audieus
266 2247 369 2317 senior,
380 2255 563 2320 compunctus
578 2257 622 2307 est
634 2253 728 2323 corde,
748 2259 777 2309 et
788 2256 939 2327 projiciens
978 2252 1097 2309 bestiam
1112 2251 1253 2308 adduxisti
1268 2270 1275 2319 3
1300 2252 1374 2306 solve
1389 2268 1466 2323 ergo,
1487 2256 1517 2307 et
1534 2252 1647 2307 dimitte
1658 2269 1734 2321 eam,
1750 2256 1781 2307 ut

133 2335 264 2393 baculum
278 2337 400 2393 recurrit
417 2338 447 2394 iu
458 2340 603 2411 amplexus
618 2343 689 2412 ejus,
707 2349 735 2397 et
744 2345 886 2401 osculatus
896 2350 940 2401 est
979 2348 1080 2416 pergat
1093 2342 1129 2396 ad
1143 2342 1236 2396 locum
1250 2356 1342 2395 suum.

135 2442 211 2494 eum,
228 2431 257 2481 et
270 2425 398 2482 invitavit
407 2427 487 2484 illum
498 2429 534 2484 ad
544 2430 673 2486 cellulam
687 2449 777 2500 suam,
789 2438 821 2489 ut
833 2434 939 2506 pariter
1014 2430 1059 2490 28.
1072 2431 1193 2496 Quidam
1205 2431 1239 2485 de
1245 2429 1350 2485 muntia
1360 2430 1516 2486 senioribus
1527 2430 1780 2502 misitdiseipulum

134 2531 200 2573 cum
216 2515 373 2587 gratiarum
398 2517 508 2573 actione
535 2525 680 2577 sumerent
705 2521 808 2578 cibum.
824 2523 940 2580 vocavit
980 2518 1778 2592 suurnadhauriendamaquam(loonnes,libell.11,all).

134 2609 230 2661 autem
243 2605 339 2661 senior
365 2615 639 2679 supramemoratum
660 2609 829 2684 discipulum
844 2630 937 2681 suum,
981 2610 1147 2681 Prolongius
1161 2615 1257 2664 autem
1272 2615 1334 2664 erat
1343 2614 1444 2681 puteus
1457 2625 1474 2663 a
1488 2609 1558 2664 cella
1571 2607 1780 2664 senioriaObli·

136 2697 165 2750 et
174 2694 357 2766 interrogarit
371 2711 446 2762 eum,
462 2696 557 2752 dicens
569 2716 575 2750 :
586 2697 638 2754 Dic
650 2699 730 2766 mihi,
745 2701 796 2770 lili,
807 2701 832 2757 si
844 2702 940 2759 dixisti
981 2705 1027 2754 tus
1042 2705 1086 2754 est
1098 2702 1195 2754 autem
1208 2715 1304 2754 secum
1317 2699 1416 2754 tollere
1428 2698 1524 2754 sunem
1539 2698 1697 2771 discipulus
1710 2700 1778 2770 ejus,

136 2783 222 2840 rerba
235 2784 282 2841 isti
298 2785 389 2852 fratri,
406 2803 467 2858 quae
483 2794 599 2860 propter
616 2790 747 2847 cellulam
761 2793 894 2848 mandavi
909 2799 941 2849 ut
981 2790 1016 2844 de
1028 2806 1083 2861 quo
1094 2788 1221 2844 hauriret
1234 2804 1348 2860 aquam.
1359 2789 1486 2860 Cumque
1493 2789 1670 2861 pervenisset
1683 2789 1720 2844 ad
1735 2806 1778 2861 pu·

138 2874 245 2930 diceres
261 2875 297 2930 ei.
320 2875 398 2932 Tunc
417 2876 571 2949 discipulus
590 2880 651 2951 ejus
672 2880 815 2936 confessus
838 2888 881 2938 est
901 2883 936 2951 ei,
981 2883 1069 2946 mum,
1086 2877 1268 2935 contristatus
1279 2882 1323 2932 est
1332 2877 1422 2945 valde,
1439 2878 1505 2950 quia
1514 2877 1598 2949 longe
1611 2882 1675 2932 erat
1684 2879 1783 2933 cellula

139 2962 250 3020 dicens:
261 2963 344 3034 Vere,
364 2965 487 3033 domine,
510 2967 571 3023 dico
586 2969 652 3040 quia
670 2976 784 3042 propter
798 2971 941 3028 humilita·
981 2985 1089 3036 eorum,
1105 2968 1172 3041 quid
1187 2972 1293 3038 ageret,
1308 2984 1401 3040 quoae
1415 2967 1783 3034 verteretnesciebatdubi·

140 3057 299 3125 tamquam
324 3054 375 3109 tibi
398 3054 531 3111 exhibere
550 3056 637 3113 debeo
660 3063 797 3131 tanquam
820 3061 897 3117 Petri
912 3066 941 3118 et
980 3058 1148 3114 tabalenim
1161 3057 1197 3112 ad
1210 3057 1341 3112 cellulam
1359 3056 1721 3129 siueaquarererti.Tunc
1734 3075 1783 3113 an·

140 3142 266 3214 domino,
279 3142 343 3200 ideo
357 3160 413 3201 non
428 3144 567 3201 audebam
578 3148 748 3220 respondere
764 3149 815 3205 tibi
833 3151 940 3224 aliquid
981 3148 1043 3203 aius
1057 3147 1150 3215 nimis,
1165 3146 1354 3218 prostravitse
1363 3146 1392 3201 in
1398 3147 1554 3202 orationem
1569 3163 1636 3202 cum
1649 3147 1784 3220 lacrymis

141 3232 253 3305 quando
267 3250 312 3291 me
326 3232 501 3291 mittebasad
514 3252 578 3291 eum
591 3255 598 3304 ;
611 3243 804 3295 verumtamen
814 3240 886 3296 nihil
897 3257 943 3297 eo·
982 3237 1092 3293 dioens:
1109 3237 1239 3304 Domine,
1256 3235 1390 3292 miserere
1404 3237 1461 3291 mei
1481 3237 1637 3293 secundum
1651 3254 1783 3308 magnam

141 3339 205 3380 rum
216 3323 274 3381 dixi
292 3324 318 3380 ei
333 3340 395 3397 qua
414 3324 568 3381 mandabas
587 3327 623 3381 ad
646 3344 722 3385 euni.
740 3330 806 3386 Haec
825 3331 943 3386 audiens
983 3326 1294 3382 misericordiamtuam
1307 3328 1390 3395 (Psol.
1410 3327 1434 3397 nl
1451 3345 1457 3393 ;
1473 3326 1521 3397 qui
1532 3326 1623 3381 fecisti
1637 3328 1744 3382 coelum
1758 3331 1784 3381 et

143 3415 246 3483 senior,
258 3413 355 3472 statim
368 3415 518 3488 prostravit
531 3432 561 3471 se
571 3416 606 3471 ad
622 3418 706 3490 pedes
716 3423 813 3489 50oe
827 3423 889 3493 ojus
903 3422 944 3479 di·
984 3421 1099 3483 terram,
1113 3432 1203 3485 mare,
1218 3421 1247 3472 et
1259 3416 1354 3471 omnia
1368 3431 1429 3488 quae
1443 3415 1523 3471 ineis
1536 3421 1614 3485 sunt,
1632 3417 1683 3488 qui
1697 3416 1782 3472 fecisti

145 3520 234 3561 cens:
254 3503 294 3560 Ex
309 3503 446 3560 hodierna
466 3503 510 3559 die
530 3508 562 3559 tu
577 3521 657 3562 meus
671 3513 753 3580 pater
765 3515 835 3576 esto,
852 3514 881 3566 et
891 3526 944 3582 ego
984 3505 1125 3562 mirabilia
1139 3507 1343 3578 magassalus,
1359 3505 1493 3560 miserere
1521 3504 1578 3560 mei
1599 3511 1720 3578 propter
1732 3522 1784 3560 ser·

144 3593 297 3668 discipulus
304 3600 387 3663 tuus;
398 3597 531 3667 quoniam
543 3606 571 3656 te
583 3595 734 3654 festinante
741 3603 771 3654 et
780 3599 944 3656 moderante
984 3612 1050 3651 vum
1064 3599 1145 3651 tuum
1160 3594 1208 3667 qui
1227 3595 1304 3651 misit
1317 3610 1373 3662 me,
1395 3599 1426 3650 et
1447 3611 1512 3649 cum
1531 3595 1739 3650 exsurrexisset
1752 3593 1782 3648 ot

146 3700 179 3740 ac
189 3701 255 3741 cum
268 3686 371 3745 timore
385 3693 415 3744 et
427 3688 564 3745 charitate
579 3689 629 3744 Dei
643 3693 795 3760 agente,et
809 3693 945 3744 meamet
984 3685 1120 3752 oratione,
1136 3683 1423 3740 exclamavitdioeus:
1437 3684 1563 3756 Oputee,
1577 3690 1675 3756 putee,
1692 3700 1783 3740 sersus

146 3773 223 3830 illius
233 3776 330 3832 fratris
342 3775 623 3852 animamdepeceati
635 3778 735 3850 laqueo
751 3776 879 3833 Christus
889 3778 945 3834 Do·
984 3775 1090 3830 Christi
1104 3773 1190 3829 abbas
1203 3790 1284 3830 meus
1301 3773 1380 3829 misit
1392 3789 1447 3841 me,
1471 3779 1503 3828 ut
1519 3773 1653 3828 hauriam
1671 3791 1781 3847 aquam.

147 3861 386 3922 minusliberarit.
403 3866 458 3922 Pro
470 3867 526 3923 lide
539 3867 615 3923 enim
629 3872 658 3924 et
671 3873 768 3924 sancta
782 3866 944 3923 sollieitudi-
985 3864 1088 3920 Statim
1102 3870 1198 3919 autem
1218 3863 1344 3919 ascendit
1365 3879 1439 3936 aqua
1453 3879 1566 3918 sursum
1587 3864 1734 3936 usquead
1755 3879 1783 3918 es

149 3965 185 4007 ne
199 3950 392 4009 etintentione
416 3953 549 4027 discipuli
563 3955 611 4028 qui
625 3955 746 4028 perfecte
764 3956 794 4011 iu
805 3956 944 4014 charitate
984 3954 1072 4025 putei,
1095 3959 1202 4009 etcum
1212 3952 1357 4025 implesset
1368 3953 1498 4025 lagenam
1512 3969 1593 4008 suam
1605 3952 1706 4021 trater,
1724 3953 1783 4008 ahs·

150 4039 255 4099 Christi
266 4039 401 4114 diligebat
410 4041 540 4101 abbatem
551 4061 643 4113 suum,
670 4050 699 4101 et
718 4045 800 4102 anxie
817 4045 945 4115 timebat,
988 4043 1071 4099 cessit
1079 4043 1241 4115 glorificans
1250 4043 1405 4115 potentiam
1415 4043 1527 4098 Domini
1535 4043 1701 4113 salvatoris;
1717 4058 1784 4115 aqua

150 4146 186 4186 ne
194 4147 246 4204 per
253 4130 364 4191 nudie
377 4137 407 4190 et
416 4132 569 4191 iracundia
581 4134 690 4201 vitium,
702 4135 808 4206 aliquid
818 4137 875 4192 tale
884 4152 948 4207 age·
989 4138 1083 4189 autem
1094 4133 1172 4204 putei
1181 4149 1294 4188 reversa
1308 4139 1350 4188 est
1361 4133 1391 4187 in
1405 4133 1497 4189 locum
1511 4149 1606 4188 suurn.

149 4225 195 4277 ret
202 4227 284 4295 pater
295 4237 364 4280 auus
377 4223 543 4296 spiritualis,
567 4229 600 4281 ut
618 4224 749 4297 perderet
761 4230 859 4282 omnes
873 4224 949 4281 labo·
1026 4223 1070 4279 ⁸29.
1080 4223 1146 4278 Fuit
1158 4223 1272 4295 quidam
1282 4222 1406 4279 fruteria
1417 4222 1598 4290 monasterio,
1610 4222 1727 4278 nomine
1739 4223 1787 4278 Du·

149 4327 197 4368 res
204 4318 325 4381 muetos,
339 4329 410 4384 quos
423 4313 459 4370 ab
473 4313 588 4371 ineunte
598 4319 680 4370 atate
694 4314 724 4370 in
743 4315 848 4371 Christi
861 4314 949 4372 servi-
989 4312 1269 4383 lelius,nimlsgratia
1278 4311 1569 4367 humilitatisornatus
1579 4313 1697 4382 (Peleo,
1706 4314 1784 4367 libell.

149 4400 200 4470 tio,
211 4420 262 4475 pro
274 4402 338 4460 rite
347 4407 459 4460 telerna
472 4404 595 4476 premiis
613 4403 798 4460 laboravemt.
823 4403 948 4476 Ideoque
956 4392 981 4452 D
989 4398 1602 4475 xum.86).Siquidigitur,utsolet,culpabile
1611 4402 1789 4458 sumamma

150 4492 288 4551 Dominus
302 4492 417 4549 donavit
426 4492 549 4564 gratiam
563 4509 654 4562 suam,
674 4492 745 4551 utin
760 4509 828 4566 pace
843 4494 947 4549 Christi
988 4491 1088 4546 iratres
1098 4491 1496 4562 negligentiores‚excusantes
1505 4491 1788 4564 culpassuas‚supm·

151 4582 442 4654 pariterlaetareutur.
988 4579 1386 4636 diclumfratremasserebant
1398 4598 1459 4636 esse
1469 4580 1648 4652 culpabilem.
1665 4582 1788 4654 Cumque

186 4672 231 4729 27.
255 4670 392 4729 Dicebant
408 4671 498 4728 saneti
513 4671 638 4728 seniores
647 4672 682 4728 de
691 4671 829 4745 discipulo
839 4673 948 4729 abbatis
990 4676 1157 4742 urgueretur
1169 4687 1186 4725 a
1199 4670 1357 4726 senioribus
1370 4671 1514 4739 tratribus,
1530 4688 1588 4726 non
1598 4671 1733 4743 negabat,
1743 4670 1788 4726 sed

152 4761 243 4830 Pauli,
254 4761 368 4819 nomine
382 4762 513 4829 loannes,
530 4762 664 4834 quoniam
684 4778 817 4834 magnam
833 4762 951 4820 haberet
989 4760 1185 4834 prosternebat
1191 4777 1221 4815 se
1229 4761 1382 4827 intermm‚
1397 4761 1551 4816 etadorans
1564 4777 1623 4828 eos,
1639 4777 1672 4816 se
1685 4761 1790 4817 dieebat

153 4850 351 4920 humilitatem,
367 4857 396 4908 et
410 4852 543 4909 virtutem
559 4851 861 4919 obedientiae,utetiam
879 4853 951 4910 dilll-
991 4867 1131 4923 peccasse,
1154 4856 1183 4905 et
1205 4849 1379 4922 negligenter
1397 4849 1504 4904 iecisse.
1528 4849 1600 4906 Cum
1622 4855 1721 4906 autem
1740 4850 1790 4906 ite·

154 4938 220 4996 ciles
234 4957 333 5000 causas
353 4943 510 5014 imperante
525 4942 552 4999 ei
576 4941 686 5011 abbate,
700 4941 730 4997 in
744 4943 822 4998 nullo
838 4944 951 5015 penitus
992 4957 1056 4995 rum
1076 4957 1109 4994 ec
1129 4939 1290 5012 frequenter
1308 4944 1473 4994 accusarent
1486 4955 1560 5007 eum,
1587 4944 1616 4994 et
1639 4940 1792 4998 secundum

153 5030 358 5088 contradiceret
378 5031 492 5103 (Pelup,
509 5032 594 5088 libell.
608 5029 651 5098 ll,
668 5030 743 5102 rel),
762 5032 811 5088 sed
826 5034 952 5088 neclevi-
992 5030 1119 5103 regulam
1140 5029 1323 5085 monasticam
1346 5028 1468 5084 biduana
1482 5046 1515 5084 ac
1532 5029 1670 5085 triduana
1687 5029 1793 5102 jejunia

154 5117 235 5175 teria
251 5119 346 5192 aliquo
365 5126 565 5178 murmuraret.
581 5121 653 5176 cum
667 5126 763 5176 autem
775 5123 952 5180 necessarius
993 5119 1019 5173 ei
1027 5119 1228 5185 indicerentur,
1238 5118 1286 5173 ille
1301 5118 1397 5173 omnia
1410 5118 1552 5190 patienter
1560 5117 1793 5190 tolerabatlgno·

155 5207 433 5265 essetinmonasterii
439 5209 606 5267 utensilibus
614 5210 880 5278 fimusboum,misit
887 5228 952 5268 eum
993 5213 1088 5264 rantes
1098 5213 1193 5264 autem
1203 5208 1304 5262 fratres
1317 5207 1450 5278 quiahaec
1459 5208 1613 5279 omniapro
1626 5208 1794 5266 humilimas

154 5296 242 5355 abbas
255 5297 285 5354 in
301 5298 460 5370 proximum
474 5299 575 5368 vicum,
592 5305 625 5356 ut
638 5300 839 5372 requireretibi
854 5303 952 5357 limum
993 5299 1096 5353 virtute
1104 5299 1244 5370 patienter
1253 5297 1414 5364 sustineret,
1426 5297 1624 5352 convenientes
1634 5298 1752 5369 pariter,
1767 5300 1795 5352 et

154 5387 249 5455 boum,
263 5393 293 5443 et
307 5403 372 5445 cum
389 5387 534 5446 celeritate
549 5389 663 5446 allerret
675 5390 712 5445 ad
731 5391 949 5450 monasterium.
993 5389 1113 5444 maxime
1123 5388 1248 5444 seniores
1256 5387 1357 5442 fratres
1368 5387 1403 5442 ad
1411 5387 1525 5442 Patrem
1537 5387 1793 5454 monasteriidixe·

154 5477 222 5535 Erat
237 5481 333 5536 autem
346 5476 377 5534 in
391 5480 452 5534 loco
464 5478 513 5534 illo
525 5479 602 5535 mala
614 5477 714 5549 bestia,
730 5478 828 5536 leaena.
850 5480 953 5536 Statim
993 5484 1067 5534 runt:
1080 5478 1242 5546 Considera,
1250 5479 1343 5545 Pater,
1357 5477 1423 5550 quid
1432 5477 1591 5532 laciendum
1608 5476 1655 5545 sit,
1673 5475 1794 5549 quandiu

154 5567 952 5644 ergoegressusdiacipulusejrrsloannes,ibatseeundum
993 5567 1565 5643 enimpossumussustinerenegligeutias
1574 5571 1604 5624 et
1614 5566 1723 5625 damna
1735 5582 1793 5640 qua
