3818 6120
139 259 193 321 ese
483 222 486 227 ’
561 278 564 283 ·
688 256 737 315 ns
754 256 850 316 vrrrs
868 258 1018 317 rrrnuu
1034 258 1142 317 erem
1160 258 1207 314 ru.
1726 254 1779 317 esc

133 406 207 464 ergo
221 391 257 447 sd
271 407 352 447 eum:
369 386 460 451 Nosti,
473 385 524 453 illi,
541 390 609 457 quot
631 384 731 442 diebus
753 402 805 458 pro
827 386 1058 448 loribusAtuam
1067 402 1124 442 non
1137 385 1173 440 ad
1183 384 1321 457 requiem,
1332 399 1389 438 non
1399 382 1435 438 ad
1444 382 1568 450 delicias,
1578 382 1628 439 sed
1642 383 1679 438 ad
1688 388 1778 439 tenta

138 479 288 545 excubans,
311 477 394 532 hodie
419 475 458 529 eis
482 479 622 546 receptus.
651 476 739 546 Cujus
764 474 937 530 difficultatis
977 477 1069 532 tiones
1081 482 1109 530 et
1124 474 1269 546 angustias
1282 474 1366 541 (licei.
1391 478 1436 539 u);
1452 489 1503 544 per
1517 472 1622 531 multas
1636 473 1777 528 enimtrr·

139 586 252 625 causam
275 567 406 639 primitus
433 564 518 619 debes
539 581 701 635 agnoscere.
726 564 834 619 Poterit
861 564 937 619 enim
978 564 1138 620 bulationes
1151 566 1263 634 oportet
1275 577 1327 616 nos
1345 561 1464 617 introire
1473 562 1503 616 in
1513 578 1635 633 regnum
1644 562 1697 617 Dei
1708 562 1775 631 (Aci.

138 657 191 713 tibi
202 658 231 712 in
245 657 297 711 hac
316 655 373 710 vita
387 670 472 726 quam
492 653 605 724 ingredi
626 653 799 725 concupiscis
816 653 937 708 multum
977 658 1044 716 xrvl.
1060 655 1187 723 Angusta
1199 667 1323 723 namque
1336 657 1382 706 est
1394 657 1486 723 porta,
1504 658 1533 707 et
1546 657 1625 708 arcta
1646 652 1693 706 ria
1717 667 1777 723 qua

138 747 273 813 conferre,
289 745 322 811 si,
339 745 448 799 ratione
463 745 524 813 ejus
538 743 645 813 agnita,
659 743 695 797 ed
705 743 849 798 servitium
859 742 938 797 Chri·
978 742 1055 797 ducit
1068 742 1104 796 ad
1119 741 1215 809 vitam,
1232 746 1259 795 et
1281 740 1363 813 pauci
1384 746 1452 796 sunt
1473 741 1522 813 qui
1546 741 1696 796 inveniunt
1718 756 1776 795 eam

137 836 174 891 sti
187 836 260 890 sicut
269 838 382 907 oportet
395 832 555 888 accesseris.
978 832 1085 899 (Mettis.
1101 832 1159 898 vn).

173 925 255 980 Sicut
265 939 388 996 namque
402 922 540 977 immense
553 921 644 992 gloria
659 921 781 976 fideliter
790 920 937 976 servienti·
1014 920 1186 992 Principium
1201 935 1268 989 ergo
1279 922 1383 974 nostrie
1398 919 1499 974 salutis
1511 919 1599 975 timor
1611 918 1727 974 Domini
1737 925 1777 975 est

138 1013 190 1070 bus
201 1014 260 1070 Deo
273 1030 306 1068 ac
318 1011 472 1068 secundum
481 1010 672 1066 institutiones
689 1010 775 1081 hujus
787 1009 892 1081 regule
911 1008 937 1064 ei
979 1008 1074 1080 (Cosa,
1083 1011 1131 1065 lid.
1142 1022 1172 1064 tr
1185 1012 1288 1075 instit,
1304 1025 1326 1063 c.
1335 1007 1451 1079 39).Per
1458 1009 1533 1064 hunc
1542 1008 1619 1063 enim
1629 1013 1659 1064 et
1665 1008 1775 1064 initium

132 1102 343 1160 coherentibus
352 1100 561 1173 repromittitur
567 1099 596 1154 in
601 1099 728 1154 futurum
742 1100 867 1167 (lhid.,c.
880 1096 935 1168 38),
977 1098 1175 1165 conversionis,
1187 1103 1215 1152 et
1223 1097 1337 1152 virtutis
1342 1097 1639 1169 custodisacquiritur,
1649 1097 1706 1162 Qui
1715 1113 1775 1153 cum

134 1186 764 1264 itapoenoegrarissimaepraeparanturhisqui
773 1186 936 1257 tepideeam
977 1187 1166 1259 penetraverit
1174 1186 1296 1242 hominis
1306 1191 1440 1254 mentem,
1451 1187 1775 1259 contemptumomnium

134 1274 937 1352 negligenterquelueriutexecuti;etsecundumhocquod
976 1292 1072 1332 rerum
1087 1277 1171 1347 parit,
1187 1281 1216 1331 et
1229 1275 1328 1331 mundi
1338 1275 1430 1346 gignit
1438 1276 1594 1331 horrorem.
1606 1277 1775 1348 contemptu

136 1369 255 1442 professi
265 1373 340 1436 sunt,
357 1368 400 1422 vel
410 1367 485 1439 quod
496 1365 532 1421 ab
538 1365 699 1421 hominibus
705 1381 767 1421 esse
772 1364 935 1431 creduntur,
976 1370 1071 1420 autern
1088 1381 1120 1419 ac
1134 1364 1290 1437 privatione
1303 1365 1430 1419 omniurn
1443 1363 1620 1431 facultatum,
1631 1365 1775 1421 humilitas

135 1458 247 1514 tructus
260 1458 346 1513 etiam
360 1472 499 1527 congruos
513 1454 670 1511 sanctitatis
693 1454 784 1509 eidem
806 1452 937 1508 exhibere
977 1453 1213 1525 veruacquiritur.
1222 1452 1474 1508 llumilitassutem
1480 1453 1644 1509 hisindiciis
1653 1470 1776 1526 compre

136 1546 319 1618 neglexerint.
335 1545 435 1601 Melius
447 1549 491 1599 est
500 1545 575 1599 enim
590 1560 647 1599 non
663 1559 772 1610 vovere,
787 1558 873 1615 quam
888 1557 937 1596 vo·
976 1542 1079 1599 hatur:
1095 1542 1197 1614 primo,
1209 1541 1234 1597 si·
1248 1542 1431 1597 mortificatas
1438 1543 1469 1598 in
1479 1559 1509 1598 se
1519 1544 1676 1598 monachus
1682 1559 1776 1598 omnes

132 1652 200 1691 rere
214 1641 307 1691 etnon
317 1635 436 1689 reddere
454 1635 562 1702 (Ecclcr.
576 1630 624 1704 v);
649 1638 679 1687 et
699 1631 865 1686 maledictus
889 1630 937 1702 qui
978 1631 1082 1687 habeat
1095 1631 1270 1699 voluntates3
1287 1632 1419 1698 secundo,
1431 1632 1580 1688 siactuset
1592 1631 1776 1703 cogitationes

134 1726 204 1781 iacit
215 1742 287 1796 opus
299 1723 413 1780 Domini
420 1723 595 1794 negligenter
607 1723 720 1790 (ierem.
736 1702 967 1791 xnrrrrllgiturss
977 1737 1033 1776 non
1048 1720 1180 1776 celaverit
1192 1720 1333 1775 seniorem
1344 1739 1351 1788 ς
1366 1723 1460 1788 tertio,
1478 1722 1503 1776 si
1517 1721 1590 1776 nihil
1603 1737 1662 1777 eure
1674 1721 1775 1777 discre-

134 1811 172 1868 cb
186 1812 248 1867 ida
261 1812 506 1868 nobisdiutissime
514 1810 653 1865 refutatus
661 1826 700 1877 es,
714 1825 771 1865 non
785 1809 936 1881 quiatuam
976 1809 1057 1877 tioni,
1074 1809 1122 1864 sed
1134 1808 1242 1880 J'udicio
1256 1809 1317 1880 ejus
1330 1808 1461 1863 universa
1475 1809 1636 1865 committat
1648 1828 1655 1878 ;
1667 1813 1774 1881 quarto,

136 1902 181 1956 rel
193 1902 320 1957 omnium
334 1902 455 1956 salutem
477 1915 535 1955 non
548 1904 609 1954 toto
630 1898 769 1954 desiderio
790 1898 937 1969 cupiamus
977 1899 1001 1953 si
1016 1899 1046 1953 in
1060 1896 1189 1953 omnihus
1202 1898 1350 1970 preceptis
1365 1903 1456 1953 servet
1467 1897 1633 1954 obedientie
1648 1915 1776 1953 mansue-

134 1991 276 2064 ampleeti,
289 1991 339 2046 sed
348 2006 385 2045 ne
393 1995 501 2045 temere
510 1995 650 2061 receptus,
662 1992 691 2043 et
700 2004 751 2043 nos
761 1987 835 2059 apud
846 1988 936 2042 Deum
976 1987 1113 2055 tudinem,
1124 1993 1153 2041 et
1167 1986 1310 2057 patientie
1319 1987 1505 2042 constantiam
1517 2007 1526 2059 ;
1541 1988 1653 2060 quinto,
1667 1991 1699 2043 ut
1709 1988 1775 2042 nulli

132 2080 267 2148 levitatis,
283 2086 312 2135 et
324 2084 354 2135 te
365 2095 445 2134 reum
458 2077 594 2150 gravioris
601 2076 731 2148 supplicii
741 2076 897 2140 fecerimus,
912 2074 935 2129 si
973 2075 1079 2155 'inierat
1088 2076 1231 2147 injuriam,
1247 2075 1297 2131 sed
1312 2076 1439 2132 stillatas
1449 2075 1501 2132 sihi
1508 2076 1652 2147 patienter
1659 2076 1773 2145 toleret3

136 2168 174 2224 ad
184 2184 308 2241 presens
320 2167 400 2223 facile
412 2173 567 2239 susceptus,
584 2182 636 2221 nec
655 2166 765 2238 pondus
785 2163 936 2237 professio·
976 2171 1064 2232 sexto,
1076 2165 1099 2219 si
1109 2165 1181 2220 nihil
1190 2170 1257 2236 aget
1266 2170 1368 2236 preter
1378 2165 1482 2237 regule
1492 2165 1635 2238 exempla;
1646 2166 1772 2237 septimo,

135 2257 181 2313 riis
194 2257 280 2328 hujus
293 2257 463 2329 intelligens,
479 2256 524 2311 vel
537 2255 687 2311 destitutor
700 2255 832 2327 posthaec,
841 2252 882 2308 rel
895 2258 936 2308 te
976 2255 1011 2322 si,
1026 2254 1061 2309 ad
1076 2255 1170 2309 omnia
1180 2270 1242 2325 quae
1255 2253 1310 2308 sihi
1323 2254 1508 2327 imperentur,
1521 2254 1599 2309 velut
1613 2254 1774 2326 operarium

134 2341 219 2415 pidus
232 2342 396 2398 exstitisses.
976 2344 1082 2398 malum
1092 2360 1123 2398 se
1130 2343 1298 2415 judicaverit
1307 2348 1336 2398 et
1344 2343 1491 2414 indignum
1503 2362 1510 2411 ;
1522 2349 1630 2408 oetam,
1642 2344 1667 2398 si
1677 2348 1774 2399 semet·

170 2430 288 2486 Noveris
297 2446 365 2505 ergo
379 2429 516 2485 hodierna
530 2429 577 2484 die
590 2434 619 2484 te
632 2428 698 2484 huic
711 2427 818 2482 mundo
831 2426 935 2481 stacti-
976 2432 1069 2505 ipsum
1084 2432 1192 2487 cunctis
1206 2431 1370 2487 interiorem
1384 2432 1564 2504 pronuntiet;
1580 2448 1669 2501 nono,
1688 2433 1773 2488 silin-

135 2519 259 2590 btlssejtw
268 2534 331 2575 ⁶⁸⁵⁰
347 2518 512 2575 defunctum
524 2519 618 2584 (0⁰⁸³,
630 2518 678 2572 iii.
690 2517 828 2582 nnete..
838 2531 860 2569 c.
872 2512 932 2583 3413
975 2537 1061 2592 guam
1075 2537 1156 2576 suam
1170 2520 1308 2587 cohibeat,
1326 2526 1356 2575 et
1366 2537 1423 2576 non
1437 2521 1475 2577 sit
1487 2522 1630 2577 clamosus
1643 2522 1674 2576 in
1687 2537 1752 2577 voce
1764 2540 1771 2590 3

133 2614 219 2681 teque
234 2608 389 2685 secundum
403 2606 579 2678 Apostolum,
596 2605 702 2660 mundo
715 2604 782 2659 huic
795 2620 857 2658 esse
870 2618 934 2657 cru·
975 2611 1093 2677 decimo,
1110 2610 1133 2664 si
1148 2625 1205 2665 non
1218 2610 1257 2665 sit
1270 2608 1359 2664 tacilis
1373 2615 1560 2682 acpromptns
1574 2610 1604 2665 in
1619 2610 1689 2666 risu.
1698 2611 1773 2667 'leli-

134 2698 258 2766 eitixum,
273 2696 382 2769 tibique
395 2696 471 2751 hunc
486 2695 622 2751 mundum
637 2694 705 2762 (Gal.
727 2695 775 2765 vr).
793 2692 846 2749 Sed
863 2693 934 2747 torte
975 2697 1027 2754 bus
1041 2713 1164 2769 namque
1178 2697 1289 2754 indiciis
1303 2698 1450 2753 humilitas
1462 2714 1529 2752 vers
1541 2697 1729 2768 dignoscitur.

134 2787 224 2843 dicis:
239 2784 385 2851 Quomodo
398 2784 461 2856 quie
475 2783 569 2839 vivens
582 2788 750 2856 potestesse
768 2781 935 2838 crucifixus?
1011 2787 1066 2842 Sed
1075 2791 1104 2842 et
1118 2787 1176 2841 hrec
1191 2802 1303 2858 quoque
1315 2784 1368 2841 tibi
1382 2787 1412 2841 in
1426 2787 1645 2858 congregatione
1651 2802 1775 2843 necesss-

134 2875 210 2931 Audi
223 2874 345 2930 breviter
359 2874 507 2929 rationem.
974 2876 1016 2931 rio
1028 2875 1211 2931 custodienda
1225 2881 1291 2930 sunt
1305 2876 1400 2948 (Ocea,
1417 2878 1464 2930 lib.
1482 2878 1623 2937 rvlnstit„
1640 2893 1665 2931 c.
1675 2875 1731 2947 ru,
1742 2882 1775 2932 ut

169 2965 349 3021 Oruxnostre
358 2963 443 3018 timor
452 2961 565 3018 Domini
574 2966 618 3017 est
628 2961 778 3032 (Cusadib.
791 2965 932 3029 reinerii,
974 2963 1774 3037 scilicetsecundumPsalmistesententiam,sistanqusm

132 3071 155 3108 c.
169 3052 223 3121 35).
236 3053 315 3108 Sicut
323 3057 420 3118 549
428 3052 504 3106 enim
514 3051 577 3123 quis
587 3050 735 3106 crucifixus
742 3052 802 3122 jem
814 3068 869 3107 non
881 3058 963 3124 proc
974 3054 1076 3109 surdus
1090 3070 1148 3109 non
1161 3053 1289 3116 audiens,
1302 3058 1331 3108 et
1343 3053 1416 3109 sicut
1424 3058 1520 3108 mutus
1532 3070 1589 3108 non
1601 3055 1734 3126 aperiens
1743 3071 1775 3110 os

132 3142 358 3198 enimisuimotu
373 3140 499 3196 membre
510 3157 563 3195 sua
578 3156 721 3211 quoquam
740 3141 869 3196 morendi
890 3142 932 3196 rel
973 3144 1146 3213 suumil’sol.
1158 3142 1350 3212 xxxvrrl,nihil
1356 3142 1527 3210 discernens,
1535 3143 1606 3197 nihil
1614 3142 1775 3215 dijudicans

131 3231 311 3288 convertendi
325 3229 410 3285 habet
421 3234 599 3301 potestatem,
616 3229 657 3284 ita
671 3233 700 3284 et
714 3245 764 3284 nos
775 3230 933 3285 uoluntates
974 3249 1007 3287 ex
1021 3232 1065 3287 his
1079 3248 1141 3304 quae
1154 3230 1207 3286 tibi
1220 3231 1326 3287 fuerint
1342 3231 1489 3304 imperata.

131 3327 244 3377 nostrae
258 3319 448 3380 acdesideris,
466 3335 523 3374 non
537 3319 691 3373 secundum
701 3319 729 3373 id
738 3319 811 3390 quod
822 3336 874 3374 nos
885 3319 932 3374 de-
1009 3322 1082 3391 Ergo
1096 3320 1262 3393 patientiam
1278 3325 1357 3375 tuam
1367 3337 1423 3375 non
1435 3320 1520 3376 debes
1534 3337 1651 3393 sperare
1658 3321 1695 3376 de
1703 3322 1774 3378 alio·

131 3411 218 3467 lectat
232 3411 411 3483 adpraeeens,
423 3407 473 3463 sed
481 3408 634 3463 secundum
644 3413 815 3479 preceptum
834 3408 931 3463 Domi·
971 3409 1150 3465 rumvirtute
1166 3410 1258 3482 (leid,
1275 3425 1299 3464 c.
1318 3409 1373 3478 rs),
1388 3409 1484 3477 idest,
1500 3416 1690 3466 uttunceam
1712 3416 1774 3467 tan·

132 3495 172 3562 ni,
189 3512 243 3568 quo
254 3511 305 3551 nos
316 3493 492 3560 constrinxit,
507 3492 648 3564 applicare
658 3493 801 3548 dehemus.
818 3493 932 3548 Etsicut
972 3499 1116 3554 tummodo
1131 3498 1282 3571 possideas,
1299 3513 1362 3552 cum
1379 3514 1395 3553 a
1411 3499 1522 3554 nemine
1535 3499 1771 3557 suerisirritstus.

130 3584 179 3641 ille
189 3584 238 3656 qui
248 3582 375 3656 patibulo
387 3581 478 3638 crucia
491 3581 628 3653 eilligitur
641 3597 698 3637 non
710 3582 771 3652 jam
781 3582 932 3653 presentis
1007 3587 1180 3658 Principium
1195 3592 1298 3642 nostre
1311 3588 1411 3643 salutis
1426 3588 1508 3659 (sicut
1519 3589 1581 3659 jem
1595 3589 1705 3645 dictum
1719 3592 1772 3659 esti

132 3673 349 3744 contemplatur,
375 3686 428 3726 nec
454 3671 489 3726 de
515 3670 575 3725 suis
599 3669 791 3726 affectionibus
815 3670 929 3742 cogitat,
971 3677 1057 3732 timor
1070 3675 1183 3732 Domini
1197 3681 1239 3731 est
1255 3676 1349 3748 (leid,
1365 3693 1388 3730 c.
1400 3676 1455 3745 43).
1472 3677 1514 3732 De
1533 3678 1639 3733 timore
1660 3678 1771 3735 Domini

132 3758 932 3832 nullajampossidendieoncupiscentiapermoretur,se·
971 3766 1097 3823 nascitur
1107 3765 1285 3838 compunctio
1294 3764 1772 3838 salutaris;deeompunctionscor·

132 3865 264 3922 quocum
275 3849 367 3908 edliuc
379 3848 469 3919 spiret
480 3848 510 3903 in
528 3863 654 3920 corpore,
667 3848 776 3903 cunctis
784 3847 931 3904 elementis
972 3855 1015 3911 dis
1029 3855 1157 3928 procedit
1168 3859 1346 3926 contemptus
1359 3855 1485 3928 omnium
1497 3856 1667 3913 facultatum
1680 3874 1770 3913 acnu-

91 3998 96 4010 ,
132 3937 223 3993 eredit
236 3953 297 3993 esse
313 3935 492 4004 defunctum
508 3936 551 3992 ita
563 3953 616 3991 nos
632 3953 744 4009 quoque
757 3937 860 3994 timore
874 3938 931 3994 Do·
971 3944 1063 4013 ditae3
1079 3945 1114 4000 de
1123 3944 1252 4000 nuditate
1260 3943 1404 3999 humilitas
1414 3945 1554 4016 procedit3
1566 3945 1603 4001 de
1611 3947 1769 4002 humilitate

131 4026 204 4087 mini
218 4031 330 4100 oportet
341 4042 403 4084 esse
412 4025 558 4083 crucifixos
572 4025 702 4082 omnihus
715 4027 875 4083 carnalibus
888 4028 931 4083 ri·
970 4032 1305 4105 genereturmortitieatio
1314 4033 1501 4103 voluntatum,
1509 4033 1770 4092 demortiilcntione

129 4116 188 4184 tiis,
205 4121 234 4172 et
246 4115 313 4172 illuc
326 4131 439 4188 semper
457 4115 562 4172 habere
587 4115 682 4172 oculos
702 4116 805 4172 mentis
826 4122 931 4174 nostre
970 4122 1147 4177 voluntatum
1156 4121 1351 4193 exstirpentur
1359 4121 1489 4178 universa
1503 4122 1590 4191 ritie;
1608 4124 1768 4197 expulsione

129 4205 244 4275 deliros,
262 4222 317 4278 quo
330 4222 382 4261 nos
392 4221 506 4278 sperare
515 4203 651 4261 debemus
658 4206 931 4279 momentissingulis
969 4210 1102 4267 vitiorum
1124 4210 1243 4266 virtutes
1263 4211 1436 4267 fructificant
1454 4217 1545 4284 atque¹
1569 4219 1765 4282 succrescunt3

130 4310 191 4353 esse
204 4296 386 4367 migraturos.
938 4318 940 4324 ’
969 4300 1154 4373 pullulatione
1164 4299 1298 4356 virtutum
1306 4300 1415 4372 puritas
1424 4301 1515 4357 eordis
1526 4303 1705 4374 acquiritur;
1720 4320 1767 4376 pu·

165 4385 328 4441 Cauendum
342 4389 386 4440 est
395 4401 462 4456 ergo
474 4384 583 4456 nequid
594 4385 745 4457 aliquando
753 4401 850 4441 eorum
860 4379 959 4459 prce-D
969 4390 1053 4445 ritate
1067 4389 1160 4445 cordis
1173 4389 1332 4461 apostolice
1346 4389 1491 4446 charitatis
1504 4391 1642 4463 perfectio
1648 4392 1765 4464 posside·

129 4490 275 4531 sumamus
285 4491 347 4547 quae
357 4474 552 4529 renuntiantes
561 4472 714 4545 abjecimus
729 4474 825 4548 (Ocra,
837 4477 885 4530 lib.
901 4490 930 4531 rv
969 4485 1026 4535 tur.

130 4567 236 4633 instit,
253 4581 276 4620 c.
294 4562 349 4633 36).
369 4563 433 4618 Non
448 4563 523 4617 enim
531 4562 579 4634 qui
595 4563 711 4635 coeperit
730 4563 798 4631 haec,
818 4565 867 4619 sed
881 4567 929 4636 qui
1246 4567 1362 4624 CAPUT
1377 4567 1490 4625 XXXII.

130 4653 351 4726 perseveraverit
360 4653 391 4708 in
400 4652 445 4707 his
454 4666 543 4723 usque
552 4651 582 4706 in
595 4651 691 4718 ssnem,
707 4651 752 4706 hio
762 4651 856 4709 salvus
874 4654 928 4710 erit
968 4657 1006 4713 De
1017 4657 1150 4711 inonaelro
1159 4657 1210 4725 qui
1223 4661 1288 4711 onte
1300 4659 1480 4713 constitutam
1494 4658 1594 4715 horam
1606 4662 1763 4730 megrim

131 4743 236 4814 (narro.
251 4761 278 4811 x,
293 4743 379 4810 xxiv).
1262 4747 1370 4813 reticere
1382 4750 1475 4816 coepit.

165 4831 301 4888 Versutus
317 4832 393 4887 enim
408 4846 523 4903 serpens
546 4827 678 4885 calcanea
698 4835 796 4886 nostra
816 4847 927 4904 semper
1002 4835 1074 4891 (ium
1084 4832 1119 4890 de
1129 4834 1217 4907 Syrie
1227 4832 1353 4907 partibus
1362 4833 1477 4908 AEgypti
1488 4835 1664 4908 provinciam
1677 4838 1761 4912 petis-

130 4916 259 4975 obserrat
274 4921 375 4991 (cass,
387 4922 436 4978 lib.
451 4922 596 4986 remitit,
612 4936 634 4975 e.
651 4917 704 4990 37),
728 4919 757 4974 id
780 4925 831 4988 est,
856 4921 927 4978 insi·
967 4938 1063 4978 semus
1079 4920 1601 4996 (cass,uc.v1nosr.,0.tti,·quidam
1612 4926 1762 4982 monachus

130 5004 226 5062 diatur
239 5007 327 5064 exitui
337 5013 444 5076 nosho,
460 5013 490 5064 et
510 5024 599 5080 nsque
623 5008 658 5063 ad
681 5008 766 5063 linem
787 5009 852 5065 ritae
875 5026 927 5066 nos
967 5011 1763 5085 senexprobatissimusgratiflcenossuscipiens,reiectio·

130 5098 567 5168 sempermpplentareconatur3
579 5096 719 5153 etidcirco
731 5096 926 5171 benecoepisse
967 5100 1116 5158 nemnobis
1121 5101 1580 5173 anteconstitutamhcramjejunii
1586 5105 1761 5177 preparavit.

130 5183 202 5241 nihil
221 5184 356 5256 proderit,
379 5185 403 5242 si
427 5185 496 5242 hene
518 5193 743 5242 consummatum
762 5203 819 5243 non
841 5188 927 5245 tuerit
966 5190 1200 5246 percontantibus
1215 5190 1675 5262 ergonobiscurantecanonicam
1692 5193 1763 5249 rete·

132 5273 208 5344 (tien.
224 5272 262 5341 3).
966 5279 1066 5335 ationis
1072 5280 1228 5336 horamnos
1239 5279 1378 5352 prendere
1384 5285 1506 5352 cogeret,
1519 5281 1666 5353 respondit
1674 5283 1760 5339 etait:

167 5365 354 5436 Quapropter,
366 5365 520 5420 secundum
529 5366 680 5438 Scriptura
690 5366 869 5435 sententiam,
884 5367 926 5423 in·
965 5370 1118 5437 ieiunium,
1132 5370 1243 5438 iratres,
1261 5385 1373 5442 semper
1386 5375 1430 5426 est
1442 5386 1573 5439 mecum;
1599 5388 1648 5440 vos
1669 5377 1762 5429 autem

128 5452 286 5526 gresausad
294 5451 472 5509 seruiendum
481 5455 601 5510 Domino
613 5457 709 5526 (dors,
725 5458 772 5512 lib.
785 5459 923 5528 rvlnstit,
965 5459 1098 5515 continuo
1108 5459 1285 5527 dimissurus,
1302 5475 1412 5515 mecum
1419 5459 1527 5532 jugiter
1538 5465 1637 5517 tenere
1651 5478 1763 5535 nonpo-

129 5559 154 5600 c.
171 5542 226 5614 38),
242 5543 443 5601 staintimore
461 5544 584 5617 Domini,
609 5549 638 5601 et
654 5561 781 5617 prepare
801 5547 924 5604 animam
965 5553 1035 5604 tero.
1051 5548 1302 5621 ltaquechristum
1316 5549 1347 5604 in
1362 5548 1439 5605 vohis
1460 5549 1627 5622 suscipiens,
1647 5553 1764 5608 reficere
