3832 6120
196 247 254 307 135
713 235 760 291 DE
776 234 873 291 vlrls
890 233 1040 291 Paruum
1058 236 1166 293 LIBER
1184 235 1329 292 PRIMUS.
1791 235 1844 294 tto

198 374 325 430 exaltans
339 384 444 432 vocem,
457 362 591 420 aiebatad
603 377 715 416 omnem
726 360 840 432 quidem
855 359 1000 414 mandato-
1007 361 1029 419 Α
1041 375 1104 415 rere
1119 361 1193 432 qued
1205 377 1238 416 ex
1245 359 1488 415 laberetransacto
1495 359 1725 434 instantisoperis
1737 360 1844 417 habere

198 481 263 521 rum
273 461 449 532 disciplinam
465 454 624 524 Scripturas
634 468 715 523 posse
729 450 858 505 sufficere
870 450 921 516 (st)
931 468 937 514 ;
948 448 997 503 sed
1038 448 1138 504 debeat
1148 451 1317 508 libertatem.
1334 450 1383 504 sed
1396 449 1459 520 jugi
1476 449 1570 504 studio
1594 453 1635 515 (ut
1650 450 1679 505 in
1694 451 1845 522 Evangelia

200 554 290 608 ethoc
314 549 450 620 optimum
470 544 538 603 fore,
560 542 584 595 si
603 540 709 595 mutuis
724 539 883 593 seinvicem
897 538 998 591 fratres
1040 537 1131 608 [luca
1145 539 1195 608 ιιιι]
1220 539 1356 609 scriptum
1381 544 1432 601 est)
1449 538 1577 592 eamdem
1592 554 1704 610 semper
1729 540 1846 595 exhibet

199 638 375 698 sermonibus
395 634 616 689 consolarentur.
641 622 675 683 Et
689 645 736 682 vos
755 644 831 697 ergo,
848 626 949 697 inquit,
967 630 999 679 ut
1040 626 1673 698 servitutem,utetDominoplacerepossit,et
1686 644 1722 683 ne
1736 635 1844 683 metum

199 730 272 806 patri
284 727 385 781 referte
391 740 452 795 quae
461 721 558 779 nostis.
576 726 662 788 etrgo
674 733 735 788 quar
746 733 795 787 per
810 716 921 784 longam
931 719 1000 768 aeta·
1042 715 1166 770 lucretur
1179 721 1207 769 et
1219 716 1350 783 verbera,
1367 715 1447 769 sicet
1467 732 1518 770 nos
1533 715 1634 771 divinis
1644 718 1774 788 congruit
1793 734 1845 790 pa·

199 827 257 874 tem
272 820 437 871 consecutus
449 827 512 866 sum
527 808 608 880 quasi
617 807 682 861 filiis
694 804 894 859 indicabo.Hoc
902 803 940 857 sit
953 819 1002 857 au·
1042 820 1104 857 rere
1118 805 1273 875 praeceptis,
1290 803 1408 858 seientes
1420 804 1496 873 quod
1511 820 1607 876 aequus
1626 804 1672 858 illa
1691 805 1847 861 retributor

198 913 256 962 tem
272 900 507 978 primumcunetis
518 899 704 952 incommune
714 892 1002 958 mandatum,nullum
1043 892 1071 945 in
1086 908 1141 962 quo
1153 909 1291 963 quemque
1303 892 1449 958 invenerit,
1460 893 1529 948 ineo
1536 893 1573 948 sit
1577 893 1846 966 judicaturus,quod

199 995 229 1049 in
243 993 348 1066 arrepti
361 989 496 1063 propositi
510 988 606 1057 vigore
614 986 775 1049 lassescere,
785 982 833 1036 sed
843 981 923 1052 quasi
933 980 1003 1034 inci·
1044 982 1207 1052 prophetica
1232 999 1283 1054 per
1310 982 1481 1037 Ezechielem
1507 999 1571 1037 voce
1596 989 1717 1038 testatur
1738 985 1844 1054 (Erech,

199 1085 323 1157 piantem
333 1072 743 1151 augeresemperdeberequod
754 1071 878 1143 coeperit,
889 1086 1004 1141 praeser·
1045 1075 1154 1140 ιιιιιιι).
1170 1071 1244 1126 Nam
1261 1077 1290 1126 et
1310 1071 1406 1126 infelix
1426 1071 1513 1127 ludas
1527 1080 1642 1144 propter
1655 1073 1739 1128 unius
1754 1073 1846 1128 noctis

198 1175 251 1229 tim
264 1189 328 1227 cum
338 1167 539 1225 humanavitra
549 1163 649 1236 spatia,
668 1161 819 1217 aeternitati
830 1164 1001 1230 comparata,
1044 1159 1228 1230 impietatem,
1236 1160 1313 1214 omni
1327 1160 1461 1231 preteriti
1471 1161 1605 1233 temporis
1615 1161 1709 1217 labore
1719 1162 1847 1233 privatus

200 1261 364 1317 brevissima
379 1258 437 1313 sint
449 1274 482 1311 ac
496 1271 591 1326 parva.
608 1254 651 1308 lta
667 1267 791 1314 exorsus,
807 1248 953 1320 paululum
964 1246 1003 1301 si·
1045 1254 1096 1303 est.
1121 1249 1227 1303 Idcirco
1242 1250 1380 1304 tenendus
1399 1255 1442 1304 est
1456 1250 1605 1305 continuus
1619 1251 1741 1305 instituti
1756 1251 1845 1322 rigor,

200 1351 271 1420 luit;
289 1354 318 1404 et
340 1347 496 1402 admiratus
511 1343 626 1397 nimiam
640 1340 692 1394 Dei
719 1339 891 1409 largitatem,
906 1352 1004 1391 rursus
1044 1337 1212 1393 habentibus
1225 1339 1314 1394 Deum
1324 1339 1531 1405 auxiliatorem,
1544 1340 1617 1395 sicut
1627 1339 1763 1411 scriptum
1778 1345 1844 1394 cst:

200 1439 312 1510 adjecit,
329 1438 448 1491 dicens:
477 1434 510 1488 ln
523 1429 655 1503 prasenti
671 1429 723 1482 hac
738 1428 795 1481 vita
809 1426 1004 1497 equaliasunt
1045 1426 1200 1490 Quiaomni
1212 1427 1379 1499 proponenti
1390 1427 1747 1500 bonumDeuscooperatur
1758 1430 1844 1498 (Rom.

200 1546 251 1602 pro
262 1544 357 1583 rerum
371 1521 589 1580 commutatione
597 1518 774 1582 commercia,
782 1532 832 1570 nec
843 1516 1004 1585 majorave·
1044 1519 1115 1584 v111).

200 1618 268 1690 cipit
282 1615 317 1670 ab
337 1619 448 1668 emente
472 1610 519 1681 qui
537 1608 641 1663 vendit.
667 1605 819 1661 Promissio
832 1617 928 1659 autem
943 1603 1004 1658 vitae
1080 1603 1123 1657 Ad
1137 1604 1267 1658 inertiam
1280 1611 1375 1659 autem
1384 1605 1691 1679 calcandam,tlposteli
1705 1611 1847 1678 praecepta

200 1706 388 1776 sempiterna·
408 1701 454 1754 vili
479 1697 569 1770 pretio
593 1700 782 1766 comparatur.
804 1693 945 1764 Scriptum
961 1673 1220 1763 estBreplicenus,
1248 1693 1349 1765 quibus
1376 1711 1405 1748 sc
1432 1694 1507 1749 mori
1534 1695 1660 1766 quetidie
1686 1694 1847 1750 testabatur

201 1795 278 1850 enim
295 1793 375 1848 :Dies
391 1790 453 1844 vitae
463 1792 565 1843 nostroe
579 1783 758 1857 septuaginta
771 1781 856 1849 anni;
873 1781 897 1835 si
907 1786 1003 1835 autem
1045 1786 1071 1844 t!
1083 1781 1143 1836 Cor.
1153 1783 1212 1850 xv):
1228 1782 1359 1837 similiter
1373 1787 1401 1837 et
1417 1799 1467 1837 nos
1482 1783 1613 1839 humanae
1626 1784 1793 1839 conditionis
1807 1783 1849 1838 vi-

200 1884 322 1939 multum
336 1877 561 1948 (28),octogiata;
571 1872 706 1945 quidquid
717 1871 858 1942 reliquum
864 1875 917 1936 est,
925 1867 1004 1923 labor
1042 1875 1102 1924 tam
1113 1870 1265 1941 ancipitem
1283 1875 1479 1938 retractantes,
1496 1888 1553 1926 non
1567 1872 1756 1944 peccabimus,
1773 1873 1845 1927 eum

106 1992 116 2000 ·
202 1978 232 2027 et
244 1972 324 2025 dolor
338 1974 382 2023 est
402 1969 488 2033 (Psoi.
500 1968 617 2028 xxxxix).
638 1960 756 2026 Quando
767 1975 834 2030 ergo
849 1959 1001 2029 octoginta,
1044 1958 1119 2013 enim
1134 1959 1246 2014 excitati
1261 1976 1279 2014 a
1296 1977 1407 2030 sonrno,
1418 1960 1454 2015 ad
1472 1976 1617 2032 vesperam
1635 1977 1686 2016 nos
1701 1961 1845 2033 pervenire

203 2066 254 2115 aut
281 2063 404 2120 centum,
419 2060 451 2109 ut
472 2054 603 2118 multum,
627 2051 708 2105 annis
723 2049 891 2114 laborantes,
907 2047 937 2101 in
952 2047 1002 2101 Dei
1044 2047 1213 2114 dubitemus,
1231 2055 1260 2102 et
1273 2048 1360 2119 quieti
1375 2066 1491 2121 corpora
1506 2049 1699 2116 concedentes,
1714 2051 1749 2104 de
1773 2049 1845 2105 lucis

201 2165 286 2221 opere
299 2145 460 2210 vixerimus,
477 2158 533 2197 non
545 2141 739 2212 paritempore
752 2136 897 2209 regnaturi
906 2152 1004 2191 sumus
1044 2152 1101 2191 non
1114 2137 1287 2192 confidamus
1297 2138 1427 2204 adventu,
1445 2143 1474 2192 et
1486 2137 1590 2209 ubique
1607 2143 1714 2194 naturae
1736 2154 1769 2193 ac
1782 2139 1846 2194 vitre

200 2239 230 2293 in
243 2238 357 2303 futuro;
374 2234 423 2288 sed
437 2248 488 2304 pro
503 2230 584 2285 annis
610 2227 758 2300 praedictis,
782 2226 910 2281 omnium
923 2223 1004 2279 nobis
1044 2224 1157 2280 ineerta
1173 2241 1320 2293 memores,
1336 2227 1387 2281 Dei
1400 2243 1451 2281 nos
1461 2227 1651 2298 intelligamus
1670 2227 1848 2299 providentia

202 2326 369 2383 saeculorum
386 2338 473 2392 regne
486 2318 726 2375 tribuentur.Non
741 2319 846 2370 terrem
857 2313 1005 2369 haredita-
1045 2313 1197 2384 gubernari
1210 2332 1216 2381 ς
1228 2315 1279 2369 hoc
1293 2315 1376 2369 modo
1400 2332 1457 2370 non
1471 2315 1677 2386 delinquemus,
1687 2323 1740 2371 aut
1750 2316 1847 2387 aliqua

200 2413 354 2478 bimus,sed
365 2411 485 2478 coelum;
508 2424 609 2478 corpus
619 2420 730 2477 quoque
745 2409 909 2474 corruptum
919 2401 1006 2457 relin-
1046 2402 1138 2474 fragili
1160 2403 1311 2474 cupiditate
1339 2403 1515 2474 raptabimur
1530 2423 1537 2472 ;
1562 2405 1611 2459 sed
1626 2421 1677 2460 nec
1692 2404 1848 2460 irascemur

205 2508 334 2574 quentes,
361 2500 484 2570 idipsum
509 2512 574 2551 cum
594 2493 805 2564 incorruptione
828 2490 1004 2561 recipiemus.
1047 2492 1160 2563 quidem
1171 2492 1303 2547 adversus
1317 2492 1450 2562 aliquem,
1468 2509 1518 2547 nec
1532 2498 1659 2548 terrenos
1674 2509 1847 2564 congregare

204 2593 288 2662 Ergo,
302 2588 392 2654 tilioli,
409 2604 463 2642 non
478 2602 527 2641 vos
537 2589 588 2639 aut
594 2582 706 2638 tedium
715 2580 859 2651 defatiget,
872 2585 923 2633 aut
929 2594 1006 2633 vana
1046 2582 1194 2636 thesauros
1207 2580 1380 2636 ambiemus:
1398 2581 1466 2652 quin
1477 2582 1569 2653 potius
1591 2588 1671 2637 metu
1690 2582 1848 2654 quotidiani

204 2679 301 2750 gloria
317 2678 437 2732 delectet
448 2673 564 2729 ambitio
583 2691 588 2726 :
615 2673 678 2726 Non
691 2674 758 2725 sunt
772 2668 847 2723 enim
861 2668 1006 2738 condignae
1046 2686 1182 2736 recessus,
1198 2676 1228 2725 et
1246 2670 1412 2741 sejungendi
1436 2671 1560 2742 corporis
1571 2671 1634 2741 jugi
1651 2672 1844 2738 meditatione,

206 2768 349 2840 passiones
364 2765 449 2835 huius
465 2761 609 2833 temporis,
631 2760 667 2814 ad
692 2763 924 2831 superventuram
947 2757 1006 2827 glo·
1046 2758 1142 2814 emnia
1152 2759 1257 2813 caduca
1268 2758 1575 2814 calcabimus.Cessabit
1589 2759 1740 2814 mulierum
1755 2776 1845 2824 amor,

205 2857 277 2911 riam
292 2872 353 2927 qum
363 2851 532 2909 revelabitur
546 2851 576 2904 in
590 2848 670 2903 nobis
683 2850 768 2911 (horn.
782 2850 849 2915 ιιιι).

238 2946 338 3011 Nemo,
355 2959 420 2998 cum
434 2939 592 3011 despexerit
606 2938 752 3002 mundum,
767 2935 913 3007 reliquisse
924 2948 1006 2989 sear·
1046 2936 1104 2991 bita
1118 2942 1216 2991 nostra
1229 2935 1477 3003 donabimus,ante
1487 2938 1582 2993 oculos
1594 2954 1705 3008 semper
1711 2937 1848 2993 habentes

202 3035 327 3090 bitretur
340 3031 476 3103 ingentia,
492 3027 558 3100 quia
580 3027 671 3081 omnis
683 3033 768 3092 terra,
784 3024 820 3079 ad
835 3022 1006 3078 infinitatem
1016 3025 1151 3089 Gultimre
1163 3024 1355 3080 retributionis
1370 3026 1530 3080 adventum:
1540 3026 1608 3097 quia
1622 3027 1713 3097 major
1723 3026 1845 3081 formido

203 3127 366 3195 comparata
376 3116 652 3182 coelorum,brcvisac
667 3131 753 3186 parva
766 3119 818 3169 est.
833 3112 862 3169 Si
874 3129 941 3183 ergo
954 3127 1006 3166 nec
1043 3114 1143 3185 judicii
1154 3119 1182 3169 et
1192 3131 1340 3185 poenarum
1350 3115 1436 3168 timor
1449 3114 1676 3179 horridus,simul
1695 3121 1724 3169 ct
1733 3114 1848 3170 lubricae

180 3245 185 3256 ·
202 3213 331 3268 universo
345 3209 405 3265 orbi
416 3207 619 3271 renuntiantes,
628 3200 1005 3274 dignumaliquidhabitacu-
1045 3203 1138 3258 carnis
1157 3202 1297 3257 incentiva
1314 3202 1366 3270 (31)
1390 3203 1525 3269 dissolvit,
1541 3211 1570 3258 et
1583 3209 1712 3258 ruentem
1722 3203 1849 3259 animam

202 3303 237 3357 lis
254 3311 590 3373 possumuscompensare
601 3292 768 3356 coelestibus,
777 3290 1005 3361 seunusquisque
1047 3292 1126 3361 quasi
1142 3308 1175 3345 ex
1187 3291 1281 3361 aliqua
1291 3307 1361 3361 rupe
1374 3297 1515 3346 sustentat
1527 3290 1596 3352 (32).
1614 3292 1738 3364 ideoque
1748 3309 1848 3363 precor

201 3391 368 3454 consideret,
386 3393 415 3442 et
428 3386 524 3441 statim
535 3383 683 3453 intelliget,
700 3380 792 3454 parvis
806 3379 898 3434 aruris
917 3385 946 3433 et
958 3395 1006 3451 pa·
1046 3385 1079 3434 ut
1093 3379 1128 3434 ad
1143 3380 1227 3433 finem
1255 3378 1389 3450 propositi
1408 3380 1484 3434 omni
1500 3378 1595 3435 labore
1608 3380 1758 3434 tendamus
1770 3381 1847 3449 (Phi-

203 3480 331 3546 rietibus,
356 3477 400 3532 vel
416 3475 523 3530 modica
545 3473 607 3527 auri
626 3471 753 3543 portione
768 3473 937 3539 contempta,
954 3483 1006 3521 nec
1047 3469 1258 3537 tip.111).Nemo
1277 3473 1340 3538 post
1358 3473 1469 3538 tergum
1485 3469 1638 3540 respiciens
1653 3469 1706 3523 Lot
1719 3468 1848 3523 imitetur

203 3568 319 3639 gloriari
327 3561 671 3632 sadebere,quasimagna
680 3557 826 3624 dimiserit;
834 3555 1004 3621 nectaedere,
1047 3572 1161 3610 uxorem
1178 3558 1251 3624 (Gen.
1268 3560 1322 3623 xix)
1337 3557 1496 3627 prasertim
1519 3574 1583 3613 cum
1597 3557 1734 3612 Dominus
1746 3556 1849 3612 dixerit

202 3657 284 3728 quasi
302 3657 354 3720 41
372 3669 457 3724 parva
476 3651 513 3704 sit
526 3654 699 3719 recepturus.
712 3646 750 3702 Ut
762 3645 838 3700 enim
852 3643 1007 3699 contemnit
1047 3645 1156 3699 nullum
1167 3651 1318 3717 ponentem
1333 3662 1450 3700 manum
1465 3662 1551 3718 super
1565 3652 1691 3701 aratrum
1712 3651 1741 3701 et
1755 3644 1847 3718 respi-

197 3733 1006 3816 ·aliquisunamaereamd1·achmam.addrachmascentum
1047 3733 1166 3789 cientem
1187 3742 1352 3801 retrorsum,
1382 3734 1501 3805 dignum
1522 3751 1583 3790 esse
1602 3750 1689 3805 regne
1710 3735 1846 3789 caelorum

205 3850 306 3889 aureas
321 3828 526 3900 conquirendas
536 3873 542 3891 ,
553 3823 751 3894 itaetiam,qui
765 3823 851 3878 totius
866 3821 941 3876 orbis
955 3822 1005 3877 do·
1047 3824 1134 3894 (lucc
1148 3827 1194 3891 ιι).
1209 3822 1357 3895 Respicere
1379 3828 1475 3878 autem
1497 3829 1651 3879 retrorsum
1677 3823 1747 3877 nihil
1768 3823 1861 3883 aliud.

206 3916 494 3989 miniumdcreliquit,
504 3910 1006 3985 centuplumdemelioribuspraemiis
1048 3916 1091 3966 est
1101 3911 1222 3983 quamm
1237 3928 1269 3967 eo
1281 3911 1416 3983 poenitere
1431 3912 1506 3983 quod
1521 3912 1648 3984 coeperis,
1657 3917 1686 3967 et
1697 3911 1849 3966 mundanis

204 4011 233 4065 in
249 4008 363 4066 sublimi
378 4006 443 4061 sede
460 4003 585 4075 recipiet.
598 4002 641 4056 Ad
655 4016 807 4065 summum,
823 3999 892 4054 illud
902 3998 1007 4071 perspi·
1046 4016 1145 4067 rursus
1158 3999 1305 4055 desideriis
1318 3999 1446 4072 obligari.

205 4097 422 4160 eeredcbemus,
440 4093 514 4165 quod
534 4091 587 4146 etsi
599 4095 710 4145 nostras
724 4088 842 4143 velimus
863 4092 1005 4143 retentare
1082 4088 1184 4154 Nolite,
1206 4104 1309 4160 quasso,
1321 4089 1433 4144 virtutis
1447 4095 1584 4161 tanquam
1599 4087 1772 4161 impossibile
1799 4104 1849 4143 no-

204 4187 326 4253 divitias,
343 4186 404 4256 lege
420 4182 518 4238 mortis
532 4178 568 4234 ab
582 4177 829 4251 ipsisdevellamur
838 4176 927 4244 inviti,
936 4176 1005 4231 utin
1046 4192 1111 4231 men
1130 4193 1239 4248 parere,
1254 4177 1494 4249 necperegrinum
1504 4177 1581 4233 vobis
1597 4184 1647 4233 aut
1658 4178 1757 4249 procul
1771 4177 1848 4249 posi·

202 4277 273 4332 libro
299 4271 472 4330 Ecclesiastis
500 4270 581 4337 (Eecl.
598 4273 629 4337 ιι)
654 4266 789 4339 scriptum
813 4263 931 4334 esttt9l.
949 4266 1007 4320 Cur
1045 4271 1107 4320 tum
1117 4266 1306 4321 videaturhoc
1327 4267 1461 4333 studium,
1479 4267 1554 4339 quod
1577 4283 1612 4322 ex
1637 4272 1733 4322 nostro
1744 4267 1849 4338 pendet

204 4381 342 4438 ergeuen
357 4359 520 4417 facimusde
542 4355 710 4412 necessitate
724 4336 1163 4423 virtutem(30)icurDarbitrio
1177 4353 1239 4426 (33).
1257 4355 1348 4426 Hujus
1368 4355 1460 4427 operis
1487 4355 1593 4410 homini
1620 4356 1726 4410 inserta
1745 4360 1849 4409 natum

202 4472 260 4510 non
277 4453 312 4508 ad
328 4448 465 4506 lucranda
482 4463 570 4517 regna
587 4443 712 4499 coelestia
725 4444 799 4498 ultro
818 4442 1006 4513 relinquimus
1046 4447 1089 4498 est
1102 4441 1169 4513 (34),
1186 4448 1215 4498 et
1227 4443 1365 4514 ejusmodi
1380 4461 1424 4498 res
1434 4449 1485 4507 est,
1499 4461 1560 4515 quae
1572 4450 1697 4499 nostram
1720 4449 1848 4497 tantum-

205 4543 278 4615 quod
293 4541 364 4595 lucis
378 4537 460 4593 istius
479 4536 534 4590 tine
550 4533 724 4605 perdendum
738 4531 803 4586 esti
819 4531 896 4585 Nihil
908 4547 1005 4586 corum
1046 4531 1129 4586 modo
1144 4538 1286 4604 exspectat
1300 4532 1481 4587 voluntatem.
1499 4533 1586 4587 Greci
1601 4532 1693 4587 studia
1705 4537 1848 4586 transma-

203 4619 1004 4694 cura'esitChristianis,quaesecumauferrenonpossunt;
1048 4620 1111 4675 rina
1133 4626 1276 4675 sectentur
1287 4620 1358 4693 (35),
1382 4627 1411 4676 et
1422 4620 1452 4676 in
1470 4622 1562 4676 alieno
1578 4619 1644 4676 orbe
1669 4620 1847 4682 constitutos,

203 4718 272 4772 illud
284 4716 377 4788 potius
391 4713 527 4769 debemus
543 4715 684 4783 expetere,
701 4708 775 4780 quod
790 4724 840 4764 nos
864 4708 948 4763 ducat
971 4707 1007 4763 ad
1047 4708 1175 4764 inanium
1187 4710 1346 4765 litterarum
1358 4714 1485 4781 quaerant
1503 4709 1653 4780 magistros
1666 4727 1672 4776 ;
1687 4707 1769 4763 nobis
1782 4724 1848 4763 vero

208 4806 321 4869 coelum,
338 4802 507 4875 sapientiam
521 4799 634 4864 scilicet,
660 4796 830 4863 castitatem,
851 4796 1002 4867 justitiam,
1048 4799 1126 4853 nulla
1136 4797 1330 4871 proficiscendi
1346 4797 1412 4867 (36),
1429 4797 1507 4873 nulla
1527 4796 1728 4852 transfretandi
1745 4797 1849 4851 fluctus

202 4895 346 4959 Virtutem,
362 4907 475 4947 sensum
487 4888 660 4963 pervigilem.
687 4901 843 4958 pauperum
857 4886 1005 4952 curam,fi·
1046 4885 1198 4942 necessitas
1213 4885 1352 4952 imminet,
1365 4886 1395 4940 in
1409 4885 1486 4940 omni
1504 4885 1570 4940 sede
1581 4891 1722 4940 terrarum
1742 4883 1848 4939 cenati-

203 4983 312 5039 demin
337 4981 448 5036 Christo
477 4977 632 5041 robustam,
654 4975 780 5029 animum
795 4973 844 5028 irae
858 4975 1002 5041 victorem,
1045 4981 1108 5030 tuta
1134 4981 1201 5030 sunt
1228 4991 1315 5045 regna
1341 4975 1483 5030 coelorum.
1504 4973 1584 5030 Unde
1607 4980 1636 5030 et
1658 4972 1796 5029 Dominus
1819 4972 1848 5026 in

205 5071 437 5144 hospitalitatem.
452 5068 517 5121 llaec
527 5069 675 5129 sectantes,
692 5062 867 5117 mansionem
881 5062 961 5118 nobis
974 5063 1005 5118 in
1046 5063 1195 5135 Evangelio
1211 5063 1259 5118 ait:
1268 5064 1398 5135 Regnum
1405 5063 1455 5119 Dei
1464 5064 1541 5118 intro
1553 5080 1603 5118 vos
1611 5064 1748 5129 esttlncoe
1760 5064 1824 5129 ιιιιι)
1840 5079 1846 5114 :

202 5153 611 5231 terraquietorum,secundum
620 5152 803 5221 Evangelium
815 5152 1002 5222 (foenum),
1046 5152 1207 5224 virtusque
1222 5152 1250 5207 in
1263 5151 1343 5207 nobis
1357 5157 1408 5218 est,
1419 5157 1542 5206 mentem
1551 5149 1786 5222 tantumrequirit
1795 5149 1849 5204 hu·

203 5243 651 5323 praeparabimusconsiderenus
660 5240 772 5295 Domini
779 5256 841 5295 esse
854 5256 905 5296 nos
912 5240 1004 5295 famu·
1046 5242 1225 5296 manam.Cui
1240 5241 1315 5296 enim
1330 5239 1447 5296 dubium
1458 5247 1501 5296 est
1515 5241 1579 5312 quia
1589 5237 1726 5296 naturalis
1748 5238 1849 5293 animae

202 5341 254 5404 los,
271 5343 300 5392 et
309 5335 471 5391 servitutem
482 5330 583 5387 debere
598 5329 625 5385 ei
641 5344 659 5385 a
673 5345 727 5400 quo
748 5327 949 5383 creatisumus.
967 5329 1005 5384 Ut
1046 5330 1164 5402 puritas,
1180 5329 1203 5384 si
1219 5331 1297 5385 nulia
1322 5329 1408 5384 fuerit
1430 5330 1603 5385 extrinsecus
1622 5328 1703 5383 sorde
1729 5326 1847 5398 polluta,

203 5427 280 5484 enim
294 5441 390 5482 servus
395 5419 530 5495 praeteriti
542 5419 634 5491 gratia
649 5417 811 5484 famulatus,
822 5433 943 5487 presens
954 5421 1005 5472 aut
1045 5418 1108 5473 fons
1123 5417 1160 5473 sit
1173 5424 1202 5472 et
1212 5418 1290 5490 origo
1301 5417 1428 5473 omnium
1443 5416 1579 5474 virtutum
1590 5417 1717 5472 filonem
1730 5431 1792 5470 eam
1802 5430 1850 5469 ne·

199 5516 330 5573 futurum
343 5527 400 5570 non
414 5509 568 5567 contemnit
586 5505 746 5579 imperium,
762 5520 814 5562 nee
828 5505 913 5562 audet
926 5521 1004 5561 asse·
1046 5522 1123 5563 cesse
1137 5512 1181 5562 est
1195 5506 1332 5562 creaverit
1345 5506 1434 5562 benus
1446 5506 1571 5563 Creator.
1581 5504 1692 5571 Quodsi
1704 5504 1849 5559 tortecun·

544 5602 560 5629 ἢ
