<?xml version="1.0" encoding="UTF-8"?>
<!DOCTYPE html PUBLIC "-//W3C//DTD XHTML 1.0 Transitional//EN"
    "http://www.w3.org/TR/xhtml1/DTD/xhtml1-transitional.dtd">
<html xmlns="http://www.w3.org/1999/xhtml" xml:lang="en" lang="en">
 <head>
  <title>
</title>
<meta http-equiv="Content-Type" content="text/html;charset=utf-8" />
  <meta name='ocr-system' content='tesseract 3.04.00' />
  <meta name='ocr-capabilities' content='ocr_page ocr_carea ocr_par ocr_line ocrx_word'/>
</head>
<body>
  <div class='ocr_page' id='page_1' title='image "./patrologiaecurs38unkngoog/patrologiaecurs38unkngoog_0229.png"; bbox 0 0 3832 6120; ppageno 0'>
   <div class='ocr_carea' id='block_1_1' title="bbox 133 257 1772 329">
    <p class='ocr_par' dir='ltr' id='par_1_1' title="bbox 133 257 1772 329">
     <span class='ocr_line' id='line_1_1' title="bbox 133 257 1772 329; baseline 0.008 -13"><span class='ocrx_word' id='word_1_1' title='bbox 133 257 186 318; x_wconf 82' lang='grc'>447</span> <span class='ocrx_word' id='word_1_2' title='bbox 635 268 682 325; x_wconf 85' lang='lat' dir='ltr'>DE</span> <span class='ocrx_word' id='word_1_3' title='bbox 700 269 795 326; x_wconf 78' lang='lat' dir='ltr'>Vl&#39;l&#39;lS</span> <span class='ocrx_word' id='word_1_4' title='bbox 814 270 965 326; x_wconf 83' lang='lat' dir='ltr'><strong>PATRUM</strong></span> <span class='ocrx_word' id='word_1_5' title='bbox 984 269 1091 325; x_wconf 84' lang='lat' dir='ltr'>LIBER</span> <span class='ocrx_word' id='word_1_6' title='bbox 1109 269 1253 327; x_wconf 82' lang='lat' dir='ltr'><strong>PRIMUS.</strong></span> <span class='ocrx_word' id='word_1_7' title='bbox 1599 270 1609 283; x_wconf 88' lang='lat'><strong><em>‘</em></strong></span> <span class='ocrx_word' id='word_1_8' title='bbox 1715 272 1772 329; x_wconf 81' lang='grc'>448</span> 
     </span>
    </p>
   </div>
   <div class='ocr_carea' id='block_1_2' title="bbox 131 362 1784 5629">
    <p class='ocr_par' dir='ltr' id='par_1_2' title="bbox 131 362 1784 5629">
     <span class='ocr_line' id='line_1_2' title="bbox 970 362 977 381; baseline 0 0"><span class='ocrx_word' id='word_1_9' title='bbox 970 362 977 381; x_wconf 81' lang='grc'>.</span> 
     </span>
     <span class='ocr_line' id='line_1_3' title="bbox 133 387 1772 466; baseline 0.005 -23"><span class='ocrx_word' id='word_1_10' title='bbox 133 387 186 443; x_wconf 89' lang='lat' dir='ltr'>tim</span> <span class='ocrx_word' id='word_1_11' title='bbox 203 387 292 443; x_wconf 90' lang='lat' dir='ltr'>edicto</span> <span class='ocrx_word' id='word_1_12' title='bbox 302 390 394 444; x_wconf 80' lang='lat' dir='ltr'>sanxit</span> <span class='ocrx_word' id='word_1_13' title='bbox 404 393 436 443; x_wconf 93' lang='lat' dir='ltr'>ut</span> <span class='ocrx_word' id='word_1_14' title='bbox 443 390 597 447; x_wconf 85' lang='lat' dir='ltr'>Christiani</span> <span class='ocrx_word' id='word_1_15' title='bbox 611 409 707 449; x_wconf 91' lang='lat' dir='ltr'>omnes</span> <span class='ocrx_word' id='word_1_16' title='bbox 719 396 854 466; x_wconf 86' lang='lat' dir='ltr'>pietatem</span> <span class='ocrx_word' id='word_1_17' title='bbox 868 396 955 466; x_wconf 74' lang='lat' dir='ltr'>eiu-A</span> <span class='ocrx_word' id='word_1_18' title='bbox 970 393 1070 460; x_wconf 79' lang='lat' dir='ltr'><strong>fecisti,</strong></span> <span class='ocrx_word' id='word_1_19' title='bbox 1086 411 1119 448; x_wconf 92' lang='lat' dir='ltr'>ac</span> <span class='ocrx_word' id='word_1_20' title='bbox 1132 411 1188 449; x_wconf 94' lang='lat' dir='ltr'>non</span> <span class='ocrx_word' id='word_1_21' title='bbox 1204 395 1287 449; x_wconf 92' lang='lat' dir='ltr'>modo</span> <span class='ocrx_word' id='word_1_22' title='bbox 1302 410 1372 448; x_wconf 79' lang='lat' dir='ltr'>mere</span> <span class='ocrx_word' id='word_1_23' title='bbox 1396 395 1526 450; x_wconf 88' lang='lat' dir='ltr'>amicitiae</span> <span class='ocrx_word' id='word_1_24' title='bbox 1549 395 1716 451; x_wconf 77' lang='lat' dir='ltr'>memoriam</span> <span class='ocrx_word' id='word_1_25' title='bbox 1737 413 1772 451; x_wconf 85' lang='lat' dir='ltr'>ex</span> 
     </span>
     <span class='ocr_line' id='line_1_4' title="bbox 133 478 1771 556; baseline 0.007 -26"><span class='ocrx_word' id='word_1_26' title='bbox 133 493 198 531; x_wconf 88' lang='lat' dir='ltr'>rare</span> <span class='ocrx_word' id='word_1_27' title='bbox 212 478 434 548; x_wconf 76' lang='lat' dir='ltr'>cogerenturhc</span> <span class='ocrx_word' id='word_1_28' title='bbox 441 478 572 551; x_wconf 85' lang='lat' dir='ltr'>deinceps</span> <span class='ocrx_word' id='word_1_29' title='bbox 586 495 657 535; x_wconf 86' lang='lat' dir='ltr'>nova</span> <span class='ocrx_word' id='word_1_30' title='bbox 672 482 871 555; x_wconf 82' lang='lat' dir='ltr'>suppliciorum</span> <span class='ocrx_word' id='word_1_31' title='bbox 882 498 930 553; x_wconf 88' lang='lat' dir='ltr'>ge-</span> <span class='ocrx_word' id='word_1_32' title='bbox 970 482 1064 536; x_wconf 90' lang='lat' dir='ltr'>animo</span> <span class='ocrx_word' id='word_1_33' title='bbox 1073 483 1171 554; x_wconf 90' lang='lat' dir='ltr'>procul</span> <span class='ocrx_word' id='word_1_34' title='bbox 1185 483 1303 554; x_wconf 88' lang='lat' dir='ltr'>ejecisti,</span> <span class='ocrx_word' id='word_1_35' title='bbox 1315 500 1412 538; x_wconf 82' lang='lat' dir='ltr'>rerum</span> <span class='ocrx_word' id='word_1_36' title='bbox 1428 485 1513 538; x_wconf 88' lang='lat' dir='ltr'>etiarn</span> <span class='ocrx_word' id='word_1_37' title='bbox 1529 485 1663 539; x_wconf 88' lang='lat' dir='ltr'>adversus</span> <span class='ocrx_word' id='word_1_38' title='bbox 1678 485 1771 556; x_wconf 80' lang='lat' dir='ltr'>ipsam</span> 
     </span>
     <span class='ocr_line' id='line_1_5' title="bbox 132 564 1775 646; baseline 0.007 -28"><span class='ocrx_word' id='word_1_39' title='bbox 132 581 202 619; x_wconf 91' lang='lat' dir='ltr'>nera</span> <span class='ocrx_word' id='word_1_40' title='bbox 208 564 480 634; x_wconf 83' lang='lat' dir='ltr'>comminiscebatur,</span> <span class='ocrx_word' id='word_1_41' title='bbox 490 568 714 638; x_wconf 87' lang='lat' dir='ltr'>atqueinusitata</span> <span class='ocrx_word' id='word_1_42' title='bbox 722 572 819 626; x_wconf 88' lang='lat' dir='ltr'>mortis</span> <span class='ocrx_word' id='word_1_43' title='bbox 825 587 930 641; x_wconf 91' lang='lat' dir='ltr'>genera</span> <span class='ocrx_word' id='word_1_44' title='bbox 970 577 1101 625; x_wconf 88' lang='lat' dir='ltr'>naturam</span> <span class='ocrx_word' id='word_1_45' title='bbox 1110 572 1247 642; x_wconf 87' lang='lat' dir='ltr'>impetum</span> <span class='ocrx_word' id='word_1_46' title='bbox 1259 573 1359 639; x_wconf 82' lang='lat' dir='ltr'>fecisti,</span> <span class='ocrx_word' id='word_1_47' title='bbox 1368 589 1399 627; x_wconf 90' lang='lat' dir='ltr'>ac</span> <span class='ocrx_word' id='word_1_48' title='bbox 1408 589 1442 628; x_wconf 91' lang='lat' dir='ltr'>ne</span> <span class='ocrx_word' id='word_1_49' title='bbox 1452 579 1566 629; x_wconf 85' lang='lat' dir='ltr'>tuorum</span> <span class='ocrx_word' id='word_1_50' title='bbox 1575 575 1689 646; x_wconf 84' lang='lat' dir='ltr'>quidem</span> <span class='ocrx_word' id='word_1_51' title='bbox 1701 575 1775 629; x_wconf 86' lang='lat' dir='ltr'>lilio-</span> 
     </span>
     <span class='ocr_line' id='line_1_6' title="bbox 133 653 1771 733; baseline 0.005 -26"><span class='ocrx_word' id='word_1_52' title='bbox 133 653 304 722; x_wconf 78' lang='lat' dir='ltr'>minabatnr3</span> <span class='ocrx_word' id='word_1_53' title='bbox 312 655 475 727; x_wconf 90' lang='lat' dir='ltr'>litterasque</span> <span class='ocrx_word' id='word_1_54' title='bbox 488 656 521 710; x_wconf 90' lang='lat' dir='ltr'>ad</span> <span class='ocrx_word' id='word_1_55' title='bbox 528 673 625 711; x_wconf 92' lang='lat' dir='ltr'>omnes</span> <span class='ocrx_word' id='word_1_56' title='bbox 633 659 753 729; x_wconf 90' lang='lat' dir='ltr'>regionis</span> <span class='ocrx_word' id='word_1_57' title='bbox 761 660 860 714; x_wconf 93' lang='lat' dir='ltr'>ditioni</span> <span class='ocrx_word' id='word_1_58' title='bbox 872 677 929 715; x_wconf 74' lang='lat' dir='ltr'>suaa</span> <span class='ocrx_word' id='word_1_59' title='bbox 972 676 1035 714; x_wconf 92' lang='lat' dir='ltr'>rum</span> <span class='ocrx_word' id='word_1_60' title='bbox 1045 660 1225 715; x_wconf 87' lang='lat' dir='ltr'>miseratione</span> <span class='ocrx_word' id='word_1_61' title='bbox 1238 661 1364 728; x_wconf 81' lang='lat' dir='ltr'>allectus,</span> <span class='ocrx_word' id='word_1_62' title='bbox 1376 667 1436 716; x_wconf 88' lang='lat' dir='ltr'>tum</span> <span class='ocrx_word' id='word_1_63' title='bbox 1449 679 1525 733; x_wconf 86' lang='lat' dir='ltr'>opes,</span> <span class='ocrx_word' id='word_1_64' title='bbox 1535 669 1594 716; x_wconf 85' lang='lat' dir='ltr'>turn</span> <span class='ocrx_word' id='word_1_65' title='bbox 1606 679 1720 717; x_wconf 89' lang='lat' dir='ltr'>omnem</span> <span class='ocrx_word' id='word_1_66' title='bbox 1735 662 1771 716; x_wconf 85' lang='lat' dir='ltr'>ri·</span> 
     </span>
     <span class='ocr_line' id='line_1_7' title="bbox 132 742 1773 821; baseline 0.005 -25"><span class='ocrx_word' id='word_1_67' title='bbox 132 742 264 813; x_wconf 77' lang='lat' dir='ltr'>subjectas</span> <span class='ocrx_word' id='word_1_68' title='bbox 279 751 373 816; x_wconf 87' lang='lat' dir='ltr'>partes</span> <span class='ocrx_word' id='word_1_69' title='bbox 383 744 523 811; x_wconf 87' lang='lat' dir='ltr'>mittebat,</span> <span class='ocrx_word' id='word_1_70' title='bbox 535 747 634 818; x_wconf 90' lang='lat' dir='ltr'>quibus</span> <span class='ocrx_word' id='word_1_71' title='bbox 650 755 680 802; x_wconf 86' lang='lat' dir='ltr'>et</span> <span class='ocrx_word' id='word_1_72' title='bbox 693 750 829 820; x_wconf 68' lang='lat' dir='ltr'>praelectis</span> <span class='ocrx_word' id='word_1_73' title='bbox 844 751 931 805; x_wconf 89' lang='lat' dir='ltr'>etdu·</span> <span class='ocrx_word' id='word_1_74' title='bbox 972 753 1007 803; x_wconf 77' lang='lat' dir='ltr'>te</span> <span class='ocrx_word' id='word_1_75' title='bbox 1021 749 1198 821; x_wconf 81' lang='lat' dir='ltr'>splendorem</span> <span class='ocrx_word' id='word_1_76' title='bbox 1214 766 1264 821; x_wconf 91' lang='lat' dir='ltr'>pro</span> <span class='ocrx_word' id='word_1_77' title='bbox 1279 751 1367 805; x_wconf 87' lang='lat' dir='ltr'>nihilo</span> <span class='ocrx_word' id='word_1_78' title='bbox 1383 751 1498 821; x_wconf 80' lang='lat' dir='ltr'>putasti,</span> <span class='ocrx_word' id='word_1_79' title='bbox 1513 756 1679 821; x_wconf 77' lang='lat' dir='ltr'>tantamque</span> <span class='ocrx_word' id='word_1_80' title='bbox 1693 752 1773 821; x_wconf 91' lang='lat' dir='ltr'>igno·</span> 
     </span>
     <span class='ocr_line' id='line_1_8' title="bbox 132 830 1774 911; baseline 0.006 -26"><span class='ocrx_word' id='word_1_81' title='bbox 132 830 209 885; x_wconf 87' lang='lat' dir='ltr'>cibus</span> <span class='ocrx_word' id='word_1_82' title='bbox 224 831 381 904; x_wconf 82' lang='lat' dir='ltr'>imperabat</span> <span class='ocrx_word' id='word_1_83' title='bbox 396 841 428 889; x_wconf 91' lang='lat' dir='ltr'>ut</span> <span class='ocrx_word' id='word_1_84' title='bbox 437 835 585 890; x_wconf 88' lang='lat' dir='ltr'>tormentis</span> <span class='ocrx_word' id='word_1_85' title='bbox 600 842 684 907; x_wconf 91' lang='lat' dir='ltr'>atque</span> <span class='ocrx_word' id='word_1_86' title='bbox 694 838 798 910; x_wconf 90' lang='lat' dir='ltr'>iniquis</span> <span class='ocrx_word' id='word_1_87' title='bbox 809 839 931 894; x_wconf 77' lang='lat' dir='ltr'>cedibus</span> <span class='ocrx_word' id='word_1_88' title='bbox 971 838 1088 892; x_wconf 89' lang='lat' dir='ltr'>miniam</span> <span class='ocrx_word' id='word_1_89' title='bbox 1104 844 1162 892; x_wconf 91' lang='lat' dir='ltr'>tam</span> <span class='ocrx_word' id='word_1_90' title='bbox 1180 839 1323 894; x_wconf 91' lang='lat' dir='ltr'>luculenta</span> <span class='ocrx_word' id='word_1_91' title='bbox 1332 839 1423 910; x_wconf 92' lang='lat' dir='ltr'>gloria</span> <span class='ocrx_word' id='word_1_92' title='bbox 1436 840 1574 910; x_wconf 90' lang='lat' dir='ltr'>potiorem</span> <span class='ocrx_word' id='word_1_93' title='bbox 1589 839 1774 911; x_wconf 75' lang='lat' dir='ltr'>etprxcstabi-</span> 
     </span>
     <span class='ocr_line' id='line_1_9' title="bbox 131 920 1775 1000; baseline 0.007 -27"><span class='ocrx_word' id='word_1_94' title='bbox 131 920 162 973; x_wconf 93' lang='lat' dir='ltr'>in</span> <span class='ocrx_word' id='word_1_95' title='bbox 175 921 302 977; x_wconf 89' lang='lat' dir='ltr'>homines</span> <span class='ocrx_word' id='word_1_96' title='bbox 312 924 417 994; x_wconf 84' lang='lat' dir='ltr'>pietate</span> <span class='ocrx_word' id='word_1_97' title='bbox 424 924 554 995; x_wconf 85' lang='lat' dir='ltr'>praeditos</span> <span class='ocrx_word' id='word_1_98' title='bbox 560 928 930 996; x_wconf 75' lang='lat' dir='ltr'>grassarenturpraesertim</span> <span class='ocrx_word' id='word_1_99' title='bbox 971 925 1070 981; x_wconf 88' lang='lat' dir='ltr'>liorem</span> <span class='ocrx_word' id='word_1_100' title='bbox 1083 927 1224 982; x_wconf 81' lang='lat' dir='ltr'>habuisti?</span> <span class='ocrx_word' id='word_1_101' title='bbox 1234 929 1375 992; x_wconf 87' lang='lat' dir='ltr'>Quidnam</span> <span class='ocrx_word' id='word_1_102' title='bbox 1385 934 1413 983; x_wconf 90' lang='lat' dir='ltr'>te</span> <span class='ocrx_word' id='word_1_103' title='bbox 1427 928 1462 982; x_wconf 88' lang='lat' dir='ltr'>ad</span> <span class='ocrx_word' id='word_1_104' title='bbox 1472 929 1524 983; x_wconf 90' lang='lat' dir='ltr'>hoc</span> <span class='ocrx_word' id='word_1_105' title='bbox 1541 929 1664 1000; x_wconf 90' lang='lat' dir='ltr'>impulit,</span> <span class='ocrx_word' id='word_1_106' title='bbox 1680 930 1775 999; x_wconf 81' lang='lat' dir='ltr'>cujus·</span> 
     </span>
     <span class='ocr_line' id='line_1_10' title="bbox 131 1010 1774 1088; baseline 0.005 -24"><span class='ocrx_word' id='word_1_107' title='bbox 131 1014 227 1066; x_wconf 87' lang='lat' dir='ltr'>autem</span> <span class='ocrx_word' id='word_1_108' title='bbox 241 1010 269 1066; x_wconf 91' lang='lat' dir='ltr'>in</span> <span class='ocrx_word' id='word_1_109' title='bbox 282 1013 529 1084; x_wconf 74' lang='lat' dir='ltr'>praestantissimos</span> <span class='ocrx_word' id='word_1_110' title='bbox 540 1017 818 1086; x_wconf 88' lang='lat' dir='ltr'>quosquemonastici</span> <span class='ocrx_word' id='word_1_111' title='bbox 824 1018 930 1072; x_wconf 90' lang='lat' dir='ltr'>ordinis</span> <span class='ocrx_word' id='word_1_112' title='bbox 971 1031 1036 1069; x_wconf 91' lang='lat' dir='ltr'>nam</span> <span class='ocrx_word' id='word_1_113' title='bbox 1050 1017 1120 1070; x_wconf 88' lang='lat' dir='ltr'>lucri</span> <span class='ocrx_word' id='word_1_114' title='bbox 1136 1034 1209 1087; x_wconf 86' lang='lat' dir='ltr'>spes,</span> <span class='ocrx_word' id='word_1_115' title='bbox 1221 1025 1253 1070; x_wconf 94' lang='lat' dir='ltr'>ut</span> <span class='ocrx_word' id='word_1_116' title='bbox 1267 1034 1332 1071; x_wconf 89' lang='lat' dir='ltr'>eum</span> <span class='ocrx_word' id='word_1_117' title='bbox 1347 1017 1394 1088; x_wconf 90' lang='lat' dir='ltr'>qui</span> <span class='ocrx_word' id='word_1_118' title='bbox 1408 1018 1488 1071; x_wconf 83' lang='lat' dir='ltr'>lesus</span> <span class='ocrx_word' id='word_1_119' title='bbox 1507 1017 1671 1072; x_wconf 91' lang='lat' dir='ltr'>nominatur</span> <span class='ocrx_word' id='word_1_120' title='bbox 1683 1018 1774 1072; x_wconf 91' lang='lat' dir='ltr'>omui·</span> 
     </span>
     <span class='ocr_line' id='line_1_11' title="bbox 132 1099 1772 1177; baseline -0.001 -16"><span class='ocrx_word' id='word_1_121' title='bbox 132 1100 362 1170; x_wconf 69' lang='lat' dir='ltr'>excandescebat,</span> <span class='ocrx_word' id='word_1_122' title='bbox 376 1108 460 1175; x_wconf 87' lang='lat' dir='ltr'>atquo</span> <span class='ocrx_word' id='word_1_123' title='bbox 474 1099 803 1175; x_wconf 86' lang='lat' dir='ltr'>implacabileadversum</span> <span class='ocrx_word' id='word_1_124' title='bbox 821 1107 931 1162; x_wconf 89' lang='lat' dir='ltr'>eosbel-</span> <span class='ocrx_word' id='word_1_125' title='bbox 971 1103 1023 1158; x_wconf 88' lang='lat' dir='ltr'>bus</span> <span class='ocrx_word' id='word_1_126' title='bbox 1039 1104 1092 1158; x_wconf 91' lang='lat' dir='ltr'>diis</span> <span class='ocrx_word' id='word_1_127' title='bbox 1114 1112 1198 1176; x_wconf 89' lang='lat' dir='ltr'>atque</span> <span class='ocrx_word' id='word_1_128' title='bbox 1222 1105 1384 1160; x_wconf 89' lang='lat' dir='ltr'>hominibus</span> <span class='ocrx_word' id='word_1_129' title='bbox 1409 1111 1604 1177; x_wconf 78' lang='lat' dir='ltr'>anteponeres,</span> <span class='ocrx_word' id='word_1_130' title='bbox 1621 1107 1657 1160; x_wconf 92' lang='lat' dir='ltr'>ad</span> <span class='ocrx_word' id='word_1_131' title='bbox 1670 1107 1772 1161; x_wconf 90' lang='lat' dir='ltr'>duram</span> 
     </span>
     <span class='ocr_line' id='line_1_12' title="bbox 131 1192 1773 1267; baseline 0.002 -19"><span class='ocrx_word' id='word_1_132' title='bbox 131 1195 192 1249; x_wconf 93' lang='lat' dir='ltr'>lum</span> <span class='ocrx_word' id='word_1_133' title='bbox 203 1192 349 1248; x_wconf 90' lang='lat' dir='ltr'>excitabat.</span> <span class='ocrx_word' id='word_1_134' title='bbox 363 1192 404 1248; x_wconf 92' lang='lat' dir='ltr'>Ob</span> <span class='ocrx_word' id='word_1_135' title='bbox 419 1208 658 1264; x_wconf 80' lang='lat' dir='ltr'>caraquecausam</span> <span class='ocrx_word' id='word_1_136' title='bbox 671 1195 795 1266; x_wconf 90' lang='lat' dir='ltr'>priorum</span> <span class='ocrx_word' id='word_1_137' title='bbox 805 1196 931 1267; x_wconf 88' lang='lat' dir='ltr'>plerique</span> <span class='ocrx_word' id='word_1_138' title='bbox 972 1193 1043 1247; x_wconf 89' lang='lat' dir='ltr'>hanc</span> <span class='ocrx_word' id='word_1_139' title='bbox 1065 1200 1094 1248; x_wconf 89' lang='lat' dir='ltr'>et</span> <span class='ocrx_word' id='word_1_140' title='bbox 1117 1195 1341 1266; x_wconf 82' lang='lat' dir='ltr'>superstitiosam</span> <span class='ocrx_word' id='word_1_141' title='bbox 1356 1197 1421 1250; x_wconf 82' lang='lat' dir='ltr'>ritae</span> <span class='ocrx_word' id='word_1_142' title='bbox 1443 1196 1582 1250; x_wconf 89' lang='lat' dir='ltr'>rationem</span> <span class='ocrx_word' id='word_1_143' title='bbox 1597 1196 1773 1251; x_wconf 80' lang='lat' dir='ltr'>suavissimae</span> 
     </span>
     <span class='ocr_line' id='line_1_13' title="bbox 133 1281 1580 1353; baseline -0.001 -15"><span class='ocrx_word' id='word_1_144' title='bbox 133 1284 228 1339; x_wconf 90' lang='lat' dir='ltr'>animo</span> <span class='ocrx_word' id='word_1_145' title='bbox 242 1281 411 1337; x_wconf 75' lang='lat' dir='ltr'>vacillabant</span> <span class='ocrx_word' id='word_1_146' title='bbox 426 1301 431 1335; x_wconf 91' lang='lat'>:</span> <span class='ocrx_word' id='word_1_147' title='bbox 448 1282 495 1336; x_wconf 90' lang='lat' dir='ltr'>alii</span> <span class='ocrx_word' id='word_1_148' title='bbox 509 1289 616 1348; x_wconf 89' lang='lat' dir='ltr'>autem,</span> <span class='ocrx_word' id='word_1_149' title='bbox 634 1283 700 1353; x_wconf 93' lang='lat' dir='ltr'>quia</span> <span class='ocrx_word' id='word_1_150' title='bbox 714 1284 883 1339; x_wconf 89' lang='lat' dir='ltr'>cruciatibus</span> <span class='ocrx_word' id='word_1_151' title='bbox 893 1285 930 1339; x_wconf 87' lang='lat' dir='ltr'>fe·</span> <span class='ocrx_word' id='word_1_152' title='bbox 972 1283 1088 1353; x_wconf 90' lang='lat' dir='ltr'>hujusce</span> <span class='ocrx_word' id='word_1_153' title='bbox 1101 1283 1165 1337; x_wconf 80' lang='lat' dir='ltr'>vitm</span> <span class='ocrx_word' id='word_1_154' title='bbox 1179 1283 1392 1338; x_wconf 86' lang='lat' dir='ltr'>oblectamentis</span> <span class='ocrx_word' id='word_1_155' title='bbox 1407 1283 1580 1339; x_wconf 83' lang='lat' dir='ltr'>anteferres?</span> 
     </span>
     <span class='ocr_line' id='line_1_14' title="bbox 132 1371 1771 1445; baseline 0.002 -18"><span class='ocrx_word' id='word_1_156' title='bbox 132 1373 228 1427; x_wconf 85' lang='lat' dir='ltr'>randis</span> <span class='ocrx_word' id='word_1_157' title='bbox 253 1372 375 1442; x_wconf 89' lang='lat' dir='ltr'>impares</span> <span class='ocrx_word' id='word_1_158' title='bbox 397 1377 487 1435; x_wconf 88' lang='lat' dir='ltr'>erant,</span> <span class='ocrx_word' id='word_1_159' title='bbox 502 1371 608 1425; x_wconf 85' lang='lat' dir='ltr'>nelarie</span> <span class='ocrx_word' id='word_1_160' title='bbox 622 1371 710 1441; x_wconf 91' lang='lat' dir='ltr'>ipsius</span> <span class='ocrx_word' id='word_1_161' title='bbox 723 1373 841 1444; x_wconf 91' lang='lat' dir='ltr'>imperio</span> <span class='ocrx_word' id='word_1_162' title='bbox 853 1390 931 1445; x_wconf 90' lang='lat' dir='ltr'>pare·</span> <span class='ocrx_word' id='word_1_163' title='bbox 1007 1372 1067 1425; x_wconf 90' lang='lat' dir='ltr'>Hae</span> <span class='ocrx_word' id='word_1_164' title='bbox 1078 1373 1204 1426; x_wconf 90' lang='lat' dir='ltr'>oratione</span> <span class='ocrx_word' id='word_1_165' title='bbox 1218 1373 1323 1439; x_wconf 89' lang='lat' dir='ltr'>audita,</span> <span class='ocrx_word' id='word_1_166' title='bbox 1341 1374 1382 1427; x_wconf 89' lang='lat' dir='ltr'>vir</span> <span class='ocrx_word' id='word_1_167' title='bbox 1395 1373 1443 1426; x_wconf 93' lang='lat' dir='ltr'>ille</span> <span class='ocrx_word' id='word_1_168' title='bbox 1459 1374 1520 1440; x_wconf 88' lang='lat' dir='ltr'>Dei,</span> <span class='ocrx_word' id='word_1_169' title='bbox 1533 1373 1626 1443; x_wconf 90' lang='lat' dir='ltr'>lepida</span> <span class='ocrx_word' id='word_1_170' title='bbox 1638 1374 1724 1428; x_wconf 91' lang='lat' dir='ltr'>simul</span> <span class='ocrx_word' id='word_1_171' title='bbox 1737 1391 1771 1431; x_wconf 86' lang='lat' dir='ltr'>ac</span> 
     </span>
     <span class='ocr_line' id='line_1_15' title="bbox 134 1460 1773 1534; baseline 0 -19"><span class='ocrx_word' id='word_1_172' title='bbox 134 1461 212 1516; x_wconf 91' lang='lat' dir='ltr'>bant.</span> <span class='ocrx_word' id='word_1_173' title='bbox 230 1462 266 1516; x_wconf 83' lang='lat' dir='ltr'>nt</span> <span class='ocrx_word' id='word_1_174' title='bbox 278 1477 343 1515; x_wconf 88' lang='lat' dir='ltr'>vero</span> <span class='ocrx_word' id='word_1_175' title='bbox 356 1460 517 1514; x_wconf 61' lang='lat' dir='ltr'>monastica*</span> <span class='ocrx_word' id='word_1_176' title='bbox 528 1460 625 1514; x_wconf 89' lang='lat' dir='ltr'>classis</span> <span class='ocrx_word' id='word_1_177' title='bbox 638 1460 721 1514; x_wconf 89' lang='lat' dir='ltr'>duces</span> <span class='ocrx_word' id='word_1_178' title='bbox 731 1462 931 1532; x_wconf 88' lang='lat' dir='ltr'>atqueantisti-</span> <span class='ocrx_word' id='word_1_179' title='bbox 972 1460 1090 1531; x_wconf 88' lang='lat' dir='ltr'>placida,</span> <span class='ocrx_word' id='word_1_180' title='bbox 1101 1467 1130 1515; x_wconf 91' lang='lat' dir='ltr'>et</span> <span class='ocrx_word' id='word_1_181' title='bbox 1144 1460 1272 1532; x_wconf 80' lang='lat' dir='ltr'>aequabili</span> <span class='ocrx_word' id='word_1_182' title='bbox 1282 1478 1347 1516; x_wconf 77' lang='lat' dir='ltr'>soce</span> <span class='ocrx_word' id='word_1_183' title='bbox 1361 1462 1396 1516; x_wconf 91' lang='lat' dir='ltr'>ad</span> <span class='ocrx_word' id='word_1_184' title='bbox 1404 1462 1478 1516; x_wconf 92' lang='lat' dir='ltr'>hunc</span> <span class='ocrx_word' id='word_1_185' title='bbox 1486 1462 1602 1517; x_wconf 91' lang='lat' dir='ltr'>modum</span> <span class='ocrx_word' id='word_1_186' title='bbox 1610 1463 1773 1534; x_wconf 84' lang='lat' dir='ltr'>respondit:</span> 
     </span>
     <span class='ocr_line' id='line_1_16' title="bbox 131 1548 1775 1621; baseline 0 -15"><span class='ocrx_word' id='word_1_187' title='bbox 131 1557 184 1617; x_wconf 90' lang='lat' dir='ltr'>tes,</span> <span class='ocrx_word' id='word_1_188' title='bbox 201 1550 302 1621; x_wconf 85' lang='lat' dir='ltr'>partim</span> <span class='ocrx_word' id='word_1_189' title='bbox 316 1549 403 1620; x_wconf 91' lang='lat' dir='ltr'>ipsius</span> <span class='ocrx_word' id='word_1_190' title='bbox 416 1548 592 1618; x_wconf 88' lang='lat' dir='ltr'>iniquitatem</span> <span class='ocrx_word' id='word_1_191' title='bbox 608 1555 793 1619; x_wconf 83' lang='lat' dir='ltr'>coarguentes</span> <span class='ocrx_word' id='word_1_192' title='bbox 808 1567 840 1604; x_wconf 85' lang='lat' dir='ltr'>ac</span> <span class='ocrx_word' id='word_1_193' title='bbox 854 1551 931 1606; x_wconf 86' lang='lat' dir='ltr'>resu—</span> <span class='ocrx_word' id='word_1_194' title='bbox 973 1549 1001 1603; x_wconf 90' lang='lat' dir='ltr'>Si</span> <span class='ocrx_word' id='word_1_195' title='bbox 1016 1566 1159 1604; x_wconf 90' lang='lat' dir='ltr'>sermones</span> <span class='ocrx_word' id='word_1_196' title='bbox 1173 1567 1283 1604; x_wconf 87' lang='lat' dir='ltr'>mecum</span> <span class='ocrx_word' id='word_1_197' title='bbox 1294 1567 1441 1605; x_wconf 87' lang='lat' dir='ltr'>conserere</span> <span class='ocrx_word' id='word_1_198' title='bbox 1450 1551 1479 1604; x_wconf 92' lang='lat' dir='ltr'>in</span> <span class='ocrx_word' id='word_1_199' title='bbox 1490 1551 1615 1605; x_wconf 86' lang='lat' dir='ltr'>animum</span> <span class='ocrx_word' id='word_1_200' title='bbox 1627 1552 1775 1615; x_wconf 75' lang='lat' dir='ltr'>indecisa</span> 
     </span>
     <span class='ocr_line' id='line_1_17' title="bbox 131 1636 1775 1710; baseline 0.001 -17"><span class='ocrx_word' id='word_1_201' title='bbox 131 1645 235 1702; x_wconf 87' lang='lat' dir='ltr'>tantos,</span> <span class='ocrx_word' id='word_1_202' title='bbox 254 1637 389 1709; x_wconf 81' lang='lat' dir='ltr'>martyrio</span> <span class='ocrx_word' id='word_1_203' title='bbox 403 1637 489 1691; x_wconf 90' lang='lat' dir='ltr'>vitam</span> <span class='ocrx_word' id='word_1_204' title='bbox 504 1637 647 1702; x_wconf 83' lang='lat' dir='ltr'>finiebant,</span> <span class='ocrx_word' id='word_1_205' title='bbox 668 1646 753 1709; x_wconf 90' lang='lat' dir='ltr'>atque</span> <span class='ocrx_word' id='word_1_206' title='bbox 770 1640 805 1692; x_wconf 90' lang='lat' dir='ltr'>ad</span> <span class='ocrx_word' id='word_1_207' title='bbox 827 1636 1030 1710; x_wconf 88' lang='lat' dir='ltr'>sempi·Brex,</span> <span class='ocrx_word' id='word_1_208' title='bbox 1047 1639 1089 1691; x_wconf 87' lang='lat' dir='ltr'>sac</span> <span class='ocrx_word' id='word_1_209' title='bbox 1100 1638 1193 1693; x_wconf 88' lang='lat' dir='ltr'>hostes</span> <span class='ocrx_word' id='word_1_210' title='bbox 1207 1644 1295 1693; x_wconf 90' lang='lat' dir='ltr'>tuose</span> <span class='ocrx_word' id='word_1_211' title='bbox 1307 1639 1398 1693; x_wconf 89' lang='lat' dir='ltr'>medio</span> <span class='ocrx_word' id='word_1_212' title='bbox 1409 1639 1545 1693; x_wconf 91' lang='lat' dir='ltr'>tribunali</span> <span class='ocrx_word' id='word_1_213' title='bbox 1554 1639 1731 1706; x_wconf 80' lang='lat' dir='ltr'>submoveas,</span> <span class='ocrx_word' id='word_1_214' title='bbox 1741 1656 1775 1695; x_wconf 90' lang='lat' dir='ltr'>ac</span> 
     </span>
     <span class='ocr_line' id='line_1_18' title="bbox 133 1726 1774 1800; baseline 0.001 -18"><span class='ocrx_word' id='word_1_215' title='bbox 133 1733 243 1782; x_wconf 88' lang='lat' dir='ltr'>ternam</span> <span class='ocrx_word' id='word_1_216' title='bbox 260 1726 462 1781; x_wconf 82' lang='lat' dir='ltr'>beatitudinem</span> <span class='ocrx_word' id='word_1_217' title='bbox 477 1726 694 1797; x_wconf 81' lang='lat' dir='ltr'>perveniebant,</span> <span class='ocrx_word' id='word_1_218' title='bbox 707 1728 809 1798; x_wconf 90' lang='lat' dir='ltr'>partim</span> <span class='ocrx_word' id='word_1_219' title='bbox 823 1728 853 1781; x_wconf 93' lang='lat' dir='ltr'>in</span> <span class='ocrx_word' id='word_1_220' title='bbox 868 1728 933 1782; x_wconf 89' lang='lat' dir='ltr'>soli·</span> <span class='ocrx_word' id='word_1_221' title='bbox 971 1732 1033 1780; x_wconf 88' lang='lat' dir='ltr'>tum</span> <span class='ocrx_word' id='word_1_222' title='bbox 1048 1727 1083 1780; x_wconf 91' lang='lat' dir='ltr'>de</span> <span class='ocrx_word' id='word_1_223' title='bbox 1097 1727 1142 1781; x_wconf 92' lang='lat' dir='ltr'>his</span> <span class='ocrx_word' id='word_1_224' title='bbox 1153 1726 1236 1781; x_wconf 90' lang='lat' dir='ltr'>rebus</span> <span class='ocrx_word' id='word_1_225' title='bbox 1251 1745 1320 1799; x_wconf 89' lang='lat' dir='ltr'>quas</span> <span class='ocrx_word' id='word_1_226' title='bbox 1333 1727 1492 1798; x_wconf 86' lang='lat' dir='ltr'>intelligere</span> <span class='ocrx_word' id='word_1_227' title='bbox 1501 1729 1579 1799; x_wconf 87' lang='lat' dir='ltr'>cupis</span> <span class='ocrx_word' id='word_1_228' title='bbox 1594 1729 1645 1783; x_wconf 88' lang='lat' dir='ltr'>tibi</span> <span class='ocrx_word' id='word_1_229' title='bbox 1657 1746 1774 1800; x_wconf 89' lang='lat' dir='ltr'>respon·</span> 
     </span>
     <span class='ocr_line' id='line_1_19' title="bbox 131 1814 1774 1888; baseline 0.001 -19"><span class='ocrx_word' id='word_1_230' title='bbox 131 1815 277 1870; x_wconf 87' lang='lat' dir='ltr'>tudinibus</span> <span class='ocrx_word' id='word_1_231' title='bbox 298 1822 327 1869; x_wconf 93' lang='lat' dir='ltr'>et</span> <span class='ocrx_word' id='word_1_232' title='bbox 346 1814 488 1869; x_wconf 87' lang='lat' dir='ltr'>montibus</span> <span class='ocrx_word' id='word_1_233' title='bbox 510 1831 571 1868; x_wconf 86' lang='lat' dir='ltr'>sese</span> <span class='ocrx_word' id='word_1_234' title='bbox 587 1815 775 1882; x_wconf 86' lang='lat' dir='ltr'>occultabant,</span> <span class='ocrx_word' id='word_1_235' title='bbox 800 1832 855 1869; x_wconf 94' lang='lat' dir='ltr'>non</span> <span class='ocrx_word' id='word_1_236' title='bbox 876 1822 932 1870; x_wconf 90' lang='lat' dir='ltr'>tor-</span> <span class='ocrx_word' id='word_1_237' title='bbox 972 1814 1774 1888; x_wconf 70' lang='lat' dir='ltr'>debo.lllissautempresentibusnullusmihiadtesermo</span> 
     </span>
     <span class='ocr_line' id='line_1_20' title="bbox 131 1903 1777 1975; baseline 0.001 -17"><span class='ocrx_word' id='word_1_238' title='bbox 131 1912 292 1959; x_wconf 89' lang='lat' dir='ltr'>mentorum</span> <span class='ocrx_word' id='word_1_239' title='bbox 309 1921 370 1975; x_wconf 72' lang='lat' dir='ltr'>quae</span> <span class='ocrx_word' id='word_1_240' title='bbox 391 1903 458 1974; x_wconf 87' lang='lat' dir='ltr'>ipsis</span> <span class='ocrx_word' id='word_1_241' title='bbox 473 1903 712 1958; x_wconf 87' lang='lat' dir='ltr'>denuntiabantur</span> <span class='ocrx_word' id='word_1_242' title='bbox 731 1910 818 1973; x_wconf 84' lang='lat' dir='ltr'>metu,</span> <span class='ocrx_word' id='word_1_243' title='bbox 834 1922 930 1959; x_wconf 88' lang='lat' dir='ltr'>verum</span> <span class='ocrx_word' id='word_1_244' title='bbox 972 1904 1120 1958; x_wconf 87' lang='lat' dir='ltr'>erit.Citra</span> <span class='ocrx_word' id='word_1_245' title='bbox 1134 1922 1292 1959; x_wconf 88' lang='lat' dir='ltr'>sermonem</span> <span class='ocrx_word' id='word_1_246' title='bbox 1308 1911 1403 1959; x_wconf 87' lang='lat' dir='ltr'>autom</span> <span class='ocrx_word' id='word_1_247' title='bbox 1418 1906 1553 1970; x_wconf 86' lang='lat' dir='ltr'>excrucia,</span> <span class='ocrx_word' id='word_1_248' title='bbox 1569 1905 1716 1971; x_wconf 91' lang='lat' dir='ltr'>obtrunca,</span> <span class='ocrx_word' id='word_1_249' title='bbox 1732 1905 1777 1960; x_wconf 82' lang='lat' dir='ltr'>sae</span> 
     </span>
     <span class='ocr_line' id='line_1_21' title="bbox 139 1993 1777 2065; baseline 0.001 -18"><span class='ocrx_word' id='word_1_250' title='bbox 139 1993 276 2047; x_wconf 83' lang='lat' dir='ltr'>diviniore</span> <span class='ocrx_word' id='word_1_251' title='bbox 291 1994 413 2063; x_wconf 91' lang='lat' dir='ltr'>quodam</span> <span class='ocrx_word' id='word_1_252' title='bbox 427 1993 541 2046; x_wconf 91' lang='lat' dir='ltr'>consilio</span> <span class='ocrx_word' id='word_1_253' title='bbox 554 2010 586 2047; x_wconf 89' lang='lat' dir='ltr'>ac</span> <span class='ocrx_word' id='word_1_254' title='bbox 597 1994 780 2064; x_wconf 74' lang='lat' dir='ltr'>providentia.</span> <span class='ocrx_word' id='word_1_255' title='bbox 972 1993 1094 2064; x_wconf 92' lang='lat' dir='ltr'>denique</span> <span class='ocrx_word' id='word_1_256' title='bbox 1110 1994 1246 2065; x_wconf 90' lang='lat' dir='ltr'>quidquid</span> <span class='ocrx_word' id='word_1_257' title='bbox 1261 1995 1346 2049; x_wconf 87' lang='lat' dir='ltr'>lubet.</span> <span class='ocrx_word' id='word_1_258' title='bbox 1364 1995 1433 2049; x_wconf 86' lang='lat' dir='ltr'>Mihi</span> <span class='ocrx_word' id='word_1_259' title='bbox 1444 1995 1518 2048; x_wconf 89' lang='lat' dir='ltr'>enim</span> <span class='ocrx_word' id='word_1_260' title='bbox 1530 1995 1652 2049; x_wconf 87' lang='lat' dir='ltr'>mundus</span> <span class='ocrx_word' id='word_1_261' title='bbox 1666 1995 1777 2050; x_wconf 87' lang='lat' dir='ltr'>crucili-</span> 
     </span>
     <span class='ocr_line' id='line_1_22' title="bbox 169 2078 1774 2155; baseline 0.001 -18"><span class='ocrx_word' id='word_1_262' title='bbox 169 2084 233 2137; x_wconf 82' lang='lat' dir='ltr'>er.</span> <span class='ocrx_word' id='word_1_263' title='bbox 251 2084 396 2137; x_wconf 84' lang='lat' dir='ltr'>lI.-Cum</span> <span class='ocrx_word' id='word_1_264' title='bbox 410 2078 506 2153; x_wconf 84' lang='lat' dir='ltr'>itaque</span> <span class='ocrx_word' id='word_1_265' title='bbox 516 2083 679 2153; x_wconf 89' lang='lat' dir='ltr'>hujusmodi</span> <span class='ocrx_word' id='word_1_266' title='bbox 694 2084 783 2152; x_wconf 88' lang='lat' dir='ltr'>caligo</span> <span class='ocrx_word' id='word_1_267' title='bbox 797 2082 932 2137; x_wconf 89' lang='lat' dir='ltr'>Indorum</span> <span class='ocrx_word' id='word_1_268' title='bbox 973 2100 1024 2136; x_wconf 86' lang='lat' dir='ltr'>xus</span> <span class='ocrx_word' id='word_1_269' title='bbox 1039 2087 1091 2149; x_wconf 89' lang='lat' dir='ltr'>est,</span> <span class='ocrx_word' id='word_1_270' title='bbox 1111 2089 1140 2137; x_wconf 90' lang='lat' dir='ltr'>et</span> <span class='ocrx_word' id='word_1_271' title='bbox 1158 2100 1209 2154; x_wconf 90' lang='lat' dir='ltr'>ego</span> <span class='ocrx_word' id='word_1_272' title='bbox 1225 2085 1339 2150; x_wconf 91' lang='lat' dir='ltr'>mundo,</span> <span class='ocrx_word' id='word_1_273' title='bbox 1357 2090 1390 2138; x_wconf 92' lang='lat' dir='ltr'>ut</span> <span class='ocrx_word' id='word_1_274' title='bbox 1405 2084 1445 2138; x_wconf 88' lang='lat' dir='ltr'>ait</span> <span class='ocrx_word' id='word_1_275' title='bbox 1458 2100 1537 2137; x_wconf 91' lang='lat' dir='ltr'>meus</span> <span class='ocrx_word' id='word_1_276' title='bbox 1551 2084 1688 2154; x_wconf 89' lang='lat' dir='ltr'>magister</span> <span class='ocrx_word' id='word_1_277' title='bbox 1703 2084 1774 2155; x_wconf 73' lang='lat' dir='ltr'>(Gal.</span> 
     </span>
     <span class='ocr_line' id='line_1_23' title="bbox 133 2169 1776 2244; baseline 0.002 -20"><span class='ocrx_word' id='word_1_278' title='bbox 133 2172 278 2241; x_wconf 85' lang='lat' dir='ltr'>regionem</span> <span class='ocrx_word' id='word_1_279' title='bbox 297 2171 454 2236; x_wconf 85' lang='lat' dir='ltr'>invasisset,</span> <span class='ocrx_word' id='word_1_280' title='bbox 470 2188 503 2225; x_wconf 91' lang='lat' dir='ltr'>ac</span> <span class='ocrx_word' id='word_1_281' title='bbox 517 2172 555 2242; x_wconf 90' lang='lat' dir='ltr'>pii</span> <span class='ocrx_word' id='word_1_282' title='bbox 572 2176 600 2226; x_wconf 90' lang='lat' dir='ltr'>et</span> <span class='ocrx_word' id='word_1_283' title='bbox 623 2172 712 2226; x_wconf 86' lang='lat' dir='ltr'>sancti</span> <span class='ocrx_word' id='word_1_284' title='bbox 735 2173 788 2226; x_wconf 86' lang='lat' dir='ltr'>viri</span> <span class='ocrx_word' id='word_1_285' title='bbox 809 2173 932 2244; x_wconf 92' lang='lat' dir='ltr'>undique</span> <span class='ocrx_word' id='word_1_286' title='bbox 974 2169 1023 2241; x_wconf 80' lang='lat' dir='ltr'>vx).</span> <span class='ocrx_word' id='word_1_287' title='bbox 1041 2173 1168 2243; x_wconf 87' lang='lat' dir='ltr'>Cumque</span> <span class='ocrx_word' id='word_1_288' title='bbox 1183 2189 1229 2226; x_wconf 89' lang='lat' dir='ltr'>rex</span> <span class='ocrx_word' id='word_1_289' title='bbox 1241 2172 1375 2226; x_wconf 84' lang='lat' dir='ltr'>dixisset:</span> <span class='ocrx_word' id='word_1_290' title='bbox 1394 2173 1514 2236; x_wconf 90' lang='lat' dir='ltr'>Quinam</span> <span class='ocrx_word' id='word_1_291' title='bbox 1530 2174 1642 2227; x_wconf 90' lang='lat' dir='ltr'>tandem</span> <span class='ocrx_word' id='word_1_292' title='bbox 1661 2179 1729 2227; x_wconf 89' lang='lat' dir='ltr'>sunt</span> <span class='ocrx_word' id='word_1_293' title='bbox 1745 2172 1776 2227; x_wconf 85' lang='lat' dir='ltr'>lxi</span> 
     </span>
     <span class='ocr_line' id='line_1_24' title="bbox 132 2260 1773 2333; baseline 0.001 -20"><span class='ocrx_word' id='word_1_294' title='bbox 132 2266 309 2326; x_wconf 87' lang='lat' dir='ltr'>vexarentur,</span> <span class='ocrx_word' id='word_1_295' title='bbox 322 2260 475 2331; x_wconf 91' lang='lat' dir='ltr'>impietatis</span> <span class='ocrx_word' id='word_1_296' title='bbox 489 2267 584 2315; x_wconf 91' lang='lat' dir='ltr'>autem</span> <span class='ocrx_word' id='word_1_297' title='bbox 599 2268 824 2333; x_wconf 83' lang='lat' dir='ltr'>propugnatores</span> <span class='ocrx_word' id='word_1_298' title='bbox 834 2262 932 2333; x_wconf 90' lang='lat' dir='ltr'>opibus</span> <span class='ocrx_word' id='word_1_299' title='bbox 974 2261 1068 2315; x_wconf 87' lang='lat' dir='ltr'>hostes</span> <span class='ocrx_word' id='word_1_300' title='bbox 1083 2261 1223 2331; x_wconf 89' lang='lat' dir='ltr'>mei‚quos</span> <span class='ocrx_word' id='word_1_301' title='bbox 1234 2261 1352 2316; x_wconf 90' lang='lat' dir='ltr'>mehinc</span> <span class='ocrx_word' id='word_1_302' title='bbox 1362 2261 1493 2332; x_wconf 87' lang='lat' dir='ltr'>ablegare</span> <span class='ocrx_word' id='word_1_303' title='bbox 1502 2261 1773 2331; x_wconf 83' lang='lat' dir='ltr'>jubesllracundia,</span> 
     </span>
     <span class='ocr_line' id='line_1_25' title="bbox 132 2348 1777 2421; baseline 0.001 -19"><span class='ocrx_word' id='word_1_304' title='bbox 132 2364 165 2402; x_wconf 88' lang='lat' dir='ltr'>ac</span> <span class='ocrx_word' id='word_1_305' title='bbox 175 2349 301 2419; x_wconf 89' lang='lat' dir='ltr'>potentia</span> <span class='ocrx_word' id='word_1_306' title='bbox 317 2350 552 2420; x_wconf 87' lang='lat' dir='ltr'>llorerent,atque</span> <span class='ocrx_word' id='word_1_307' title='bbox 561 2351 707 2405; x_wconf 89' lang='lat' dir='ltr'>cruoribus</span> <span class='ocrx_word' id='word_1_308' title='bbox 717 2356 746 2404; x_wconf 91' lang='lat' dir='ltr'>et</span> <span class='ocrx_word' id='word_1_309' title='bbox 755 2351 932 2405; x_wconf 84' lang='lat' dir='ltr'>victimarum</span> <span class='ocrx_word' id='word_1_310' title='bbox 974 2348 1066 2419; x_wconf 91' lang='lat' dir='ltr'>inquit</span> <span class='ocrx_word' id='word_1_311' title='bbox 1075 2350 1132 2415; x_wconf 91' lang='lat' dir='ltr'>ille,</span> <span class='ocrx_word' id='word_1_312' title='bbox 1145 2355 1174 2403; x_wconf 92' lang='lat' dir='ltr'>et</span> <span class='ocrx_word' id='word_1_313' title='bbox 1184 2350 1414 2421; x_wconf 82' lang='lat' dir='ltr'>cupiditasNam</span> <span class='ocrx_word' id='word_1_314' title='bbox 1427 2367 1466 2404; x_wconf 85' lang='lat' dir='ltr'>cae</span> <span class='ocrx_word' id='word_1_315' title='bbox 1476 2350 1599 2420; x_wconf 88' lang='lat' dir='ltr'>primum</span> <span class='ocrx_word' id='word_1_316' title='bbox 1614 2350 1729 2421; x_wconf 90' lang='lat' dir='ltr'>quidem</span> <span class='ocrx_word' id='word_1_317' title='bbox 1738 2348 1777 2404; x_wconf 89' lang='lat' dir='ltr'>ab</span> 
     </span>
     <span class='ocr_line' id='line_1_26' title="bbox 134 2437 1777 2510; baseline 0.002 -19"><span class='ocrx_word' id='word_1_318' title='bbox 134 2437 233 2491; x_wconf 89' lang='lat' dir='ltr'>nidore</span> <span class='ocrx_word' id='word_1_319' title='bbox 243 2438 304 2509; x_wconf 91' lang='lat' dir='ltr'>ipse</span> <span class='ocrx_word' id='word_1_320' title='bbox 320 2455 431 2510; x_wconf 90' lang='lat' dir='ltr'>quoque</span> <span class='ocrx_word' id='word_1_321' title='bbox 445 2455 494 2492; x_wconf 91' lang='lat' dir='ltr'>aer</span> <span class='ocrx_word' id='word_1_322' title='bbox 508 2439 931 2510; x_wconf 81' lang='lat' dir='ltr'>inficeretur,unusorcgiorum</span> <span class='ocrx_word' id='word_1_323' title='bbox 973 2439 1099 2493; x_wconf 77' lang='lat' dir='ltr'>oxnnium</span> <span class='ocrx_word' id='word_1_324' title='bbox 1114 2456 1207 2494; x_wconf 88' lang='lat' dir='ltr'>rerum</span> <span class='ocrx_word' id='word_1_325' title='bbox 1223 2446 1339 2510; x_wconf 91' lang='lat' dir='ltr'>parente</span> <span class='ocrx_word' id='word_1_326' title='bbox 1356 2446 1441 2510; x_wconf 89' lang='lat' dir='ltr'>atque</span> <span class='ocrx_word' id='word_1_327' title='bbox 1456 2439 1609 2495; x_wconf 87' lang='lat' dir='ltr'>architecto</span> <span class='ocrx_word' id='word_1_328' title='bbox 1623 2439 1663 2494; x_wconf 92' lang='lat' dir='ltr'>ita</span> <span class='ocrx_word' id='word_1_329' title='bbox 1672 2439 1777 2510; x_wconf 91' lang='lat' dir='ltr'>produ·</span> 
     </span>
     <span class='ocr_line' id='line_1_27' title="bbox 134 2526 1777 2599; baseline 0.001 -19"><span class='ocrx_word' id='word_1_330' title='bbox 134 2530 314 2598; x_wconf 89' lang='lat' dir='ltr'>satraparum</span> <span class='ocrx_word' id='word_1_331' title='bbox 329 2526 511 2599; x_wconf 89' lang='lat' dir='ltr'>principibus,</span> <span class='ocrx_word' id='word_1_332' title='bbox 519 2528 606 2582; x_wconf 89' lang='lat' dir='ltr'>animi</span> <span class='ocrx_word' id='word_1_333' title='bbox 615 2527 932 2599; x_wconf 85' lang='lat' dir='ltr'>fortitudine,corporis·</span> <span class='ocrx_word' id='word_1_334' title='bbox 972 2533 1023 2582; x_wconf 69' lang='lat' dir='ltr'>ctae</span> <span class='ocrx_word' id='word_1_335' title='bbox 1038 2532 1113 2591; x_wconf 80' lang='lat' dir='ltr'>suxit,</span> <span class='ocrx_word' id='word_1_336' title='bbox 1135 2535 1165 2582; x_wconf 92' lang='lat' dir='ltr'>ut</span> <span class='ocrx_word' id='word_1_337' title='bbox 1189 2534 1296 2582; x_wconf 64' lang='lat' dir='ltr'>naturae</span> <span class='ocrx_word' id='word_1_338' title='bbox 1311 2528 1529 2599; x_wconf 86' lang='lat' dir='ltr'>opitularentur,</span> <span class='ocrx_word' id='word_1_339' title='bbox 1546 2544 1578 2581; x_wconf 89' lang='lat' dir='ltr'>ac</span> <span class='ocrx_word' id='word_1_340' title='bbox 1593 2543 1668 2582; x_wconf 87' lang='lat' dir='ltr'>nunc</span> <span class='ocrx_word' id='word_1_341' title='bbox 1689 2528 1777 2581; x_wconf 89' lang='lat' dir='ltr'>etiam</span> 
     </span>
     <span class='ocr_line' id='line_1_28' title="bbox 136 2615 1776 2688; baseline 0.001 -19"><span class='ocrx_word' id='word_1_342' title='bbox 136 2632 191 2686; x_wconf 91' lang='lat' dir='ltr'>que</span> <span class='ocrx_word' id='word_1_343' title='bbox 202 2616 397 2686; x_wconf 89' lang='lat' dir='ltr'>magnitudine</span> <span class='ocrx_word' id='word_1_344' title='bbox 411 2633 443 2670; x_wconf 89' lang='lat' dir='ltr'>ac</span> <span class='ocrx_word' id='word_1_345' title='bbox 453 2617 672 2688; x_wconf 89' lang='lat' dir='ltr'>pulchritudine,</span> <span class='ocrx_word' id='word_1_346' title='bbox 690 2617 853 2688; x_wconf 71' lang='lat' dir='ltr'>caeterisque</span> <span class='ocrx_word' id='word_1_347' title='bbox 870 2617 932 2671; x_wconf 90' lang='lat' dir='ltr'>aliis</span> <span class='ocrx_word' id='word_1_348' title='bbox 973 2617 1101 2671; x_wconf 91' lang='lat' dir='ltr'>eamdem</span> <span class='ocrx_word' id='word_1_349' title='bbox 1116 2617 1150 2670; x_wconf 92' lang='lat' dir='ltr'>iis</span> <span class='ocrx_word' id='word_1_350' title='bbox 1165 2633 1280 2688; x_wconf 89' lang='lat' dir='ltr'>operam</span> <span class='ocrx_word' id='word_1_351' title='bbox 1302 2616 1437 2687; x_wconf 77' lang='lat' dir='ltr'>praebent,</span> <span class='ocrx_word' id='word_1_352' title='bbox 1451 2616 1565 2688; x_wconf 89' lang='lat' dir='ltr'>quinon</span> <span class='ocrx_word' id='word_1_353' title='bbox 1580 2615 1710 2684; x_wconf 84' lang='lat' dir='ltr'>utcaxni,</span> <span class='ocrx_word' id='word_1_354' title='bbox 1726 2616 1776 2671; x_wconf 85' lang='lat' dir='ltr'>sed</span> 
     </span>
     <span class='ocr_line' id='line_1_29' title="bbox 134 2703 1776 2777; baseline 0 -18"><span class='ocrx_word' id='word_1_355' title='bbox 134 2703 466 2776; x_wconf 87' lang='lat' dir='ltr'>rebus,quibuscorporis</span> <span class='ocrx_word' id='word_1_356' title='bbox 476 2705 615 2775; x_wconf 85' lang='lat' dir='ltr'>elegantia</span> <span class='ocrx_word' id='word_1_357' title='bbox 622 2706 930 2776; x_wconf 89' lang='lat' dir='ltr'>etanimigcnerositas,</span> <span class='ocrx_word' id='word_1_358' title='bbox 973 2710 1005 2759; x_wconf 92' lang='lat' dir='ltr'>ut</span> <span class='ocrx_word' id='word_1_359' title='bbox 1016 2705 1128 2777; x_wconf 91' lang='lat' dir='ltr'>spiritui</span> <span class='ocrx_word' id='word_1_360' title='bbox 1146 2712 1365 2760; x_wconf 85' lang='lat' dir='ltr'>consentaneum</span> <span class='ocrx_word' id='word_1_361' title='bbox 1380 2711 1432 2769; x_wconf 88' lang='lat' dir='ltr'>est,</span> <span class='ocrx_word' id='word_1_362' title='bbox 1449 2705 1554 2759; x_wconf 81' lang='lat' dir='ltr'>vivunt.</span> <span class='ocrx_word' id='word_1_363' title='bbox 1578 2705 1610 2759; x_wconf 96' lang='lat' dir='ltr'>ln</span> <span class='ocrx_word' id='word_1_364' title='bbox 1634 2703 1713 2759; x_wconf 86' lang='lat' dir='ltr'>vobis</span> <span class='ocrx_word' id='word_1_365' title='bbox 1727 2720 1776 2759; x_wconf 88' lang='lat' dir='ltr'>au·</span> 
     </span>
     <span class='ocr_line' id='line_1_30' title="bbox 133 2794 1773 2866; baseline -0.001 -17"><span class='ocrx_word' id='word_1_366' title='bbox 133 2800 269 2864; x_wconf 88' lang='lat' dir='ltr'>tanquam</span> <span class='ocrx_word' id='word_1_367' title='bbox 278 2795 361 2848; x_wconf 89' lang='lat' dir='ltr'>certis</span> <span class='ocrx_word' id='word_1_368' title='bbox 371 2794 538 2865; x_wconf 89' lang='lat' dir='ltr'>quibusdam</span> <span class='ocrx_word' id='word_1_369' title='bbox 548 2795 622 2848; x_wconf 90' lang='lat' dir='ltr'>notis</span> <span class='ocrx_word' id='word_1_370' title='bbox 634 2794 751 2865; x_wconf 89' lang='lat' dir='ltr'>exprimi</span> <span class='ocrx_word' id='word_1_371' title='bbox 759 2794 933 2859; x_wconf 90' lang='lat' dir='ltr'>solent,alios</span> <span class='ocrx_word' id='word_1_372' title='bbox 973 2800 1040 2860; x_wconf 85' lang='lat' dir='ltr'>tem,</span> <span class='ocrx_word' id='word_1_373' title='bbox 1056 2794 1104 2864; x_wconf 92' lang='lat' dir='ltr'>qui</span> <span class='ocrx_word' id='word_1_374' title='bbox 1117 2811 1232 2866; x_wconf 89' lang='lat' dir='ltr'>prorsus</span> <span class='ocrx_word' id='word_1_375' title='bbox 1246 2795 1373 2849; x_wconf 89' lang='lat' dir='ltr'>carnales</span> <span class='ocrx_word' id='word_1_376' title='bbox 1392 2794 1469 2860; x_wconf 90' lang='lat' dir='ltr'>estis,</span> <span class='ocrx_word' id='word_1_377' title='bbox 1486 2810 1537 2848; x_wconf 92' lang='lat' dir='ltr'>nec</span> <span class='ocrx_word' id='word_1_378' title='bbox 1551 2794 1640 2849; x_wconf 91' lang='lat' dir='ltr'>ullam</span> <span class='ocrx_word' id='word_1_379' title='bbox 1655 2794 1773 2865; x_wconf 85' lang='lat' dir='ltr'>spiritus</span> 
     </span>
     <span class='ocr_line' id='line_1_31' title="bbox 134 2870 1772 2955; baseline 0.001 -18"><span class='ocrx_word' id='word_1_380' title='bbox 134 2900 232 2937; x_wconf 88' lang='lat' dir='ltr'>omnes</span> <span class='ocrx_word' id='word_1_381' title='bbox 248 2883 441 2938; x_wconf 85' lang='lat' dir='ltr'>antecellebat.</span> <span class='ocrx_word' id='word_1_382' title='bbox 453 2883 641 2948; x_wconf 85' lang='lat' dir='ltr'>Quamobrem</span> <span class='ocrx_word' id='word_1_383' title='bbox 655 2900 720 2937; x_wconf 89' lang='lat' dir='ltr'>cum</span> <span class='ocrx_word' id='word_1_384' title='bbox 734 2883 853 2955; x_wconf 89' lang='lat' dir='ltr'>impium</span> <span class='ocrx_word' id='word_1_385' title='bbox 863 2883 932 2939; x_wconf 87' lang='lat' dir='ltr'>illud</span> <span class='ocrx_word' id='word_1_386' title='bbox 973 2888 1082 2954; x_wconf 88' lang='lat' dir='ltr'>partem</span> <span class='ocrx_word' id='word_1_387' title='bbox 1091 2870 1210 2949; x_wconf 83' lang='lat' dir='ltr'>habetis,</span> <span class='ocrx_word' id='word_1_388' title='bbox 1226 2883 1392 2937; x_wconf 79' lang='lat' dir='ltr'>adversariae</span> <span class='ocrx_word' id='word_1_389' title='bbox 1406 2883 1583 2950; x_wconf 86' lang='lat' dir='ltr'>exstiterunt,</span> <span class='ocrx_word' id='word_1_390' title='bbox 1596 2900 1687 2954; x_wconf 87' lang='lat' dir='ltr'>eaque</span> <span class='ocrx_word' id='word_1_391' title='bbox 1710 2899 1772 2954; x_wconf 80' lang='lat' dir='ltr'>quae</span> 
     </span>
     <span class='ocr_line' id='line_1_32' title="bbox 133 2971 1775 3052; baseline 0 -25"><span class='ocrx_word' id='word_1_392' title='bbox 133 2971 254 3027; x_wconf 90' lang='lat' dir='ltr'>edictum</span> <span class='ocrx_word' id='word_1_393' title='bbox 269 2972 402 3038; x_wconf 89' lang='lat' dir='ltr'>audisset,</span> <span class='ocrx_word' id='word_1_394' title='bbox 418 2973 496 3027; x_wconf 90' lang='lat' dir='ltr'>inani</span> <span class='ocrx_word' id='word_1_395' title='bbox 510 2974 563 3026; x_wconf 93' lang='lat' dir='ltr'>hac</span> <span class='ocrx_word' id='word_1_396' title='bbox 585 2976 670 3043; x_wconf 91' lang='lat' dir='ltr'>atque</span> <span class='ocrx_word' id='word_1_397' title='bbox 694 2972 773 3027; x_wconf 87' lang='lat' dir='ltr'>humi</span> <span class='ocrx_word' id='word_1_398' title='bbox 800 2978 930 3044; x_wconf 90' lang='lat' dir='ltr'>serpente</span> <span class='ocrx_word' id='word_1_399' title='bbox 941 2993 963 3052; x_wconf 71' lang='lat' dir='ltr'>c</span> <span class='ocrx_word' id='word_1_400' title='bbox 974 2971 1095 3026; x_wconf 88' lang='lat' dir='ltr'>inimicis</span> <span class='ocrx_word' id='word_1_401' title='bbox 1108 2978 1138 3026; x_wconf 92' lang='lat' dir='ltr'>et</span> <span class='ocrx_word' id='word_1_402' title='bbox 1151 2971 1279 3026; x_wconf 90' lang='lat' dir='ltr'>hostibus</span> <span class='ocrx_word' id='word_1_403' title='bbox 1291 2973 1469 3037; x_wconf 76' lang='lat' dir='ltr'>conveniunt,</span> <span class='ocrx_word' id='word_1_404' title='bbox 1487 2972 1775 3044; x_wconf 69' lang='lat' dir='ltr'>exsequunturllupi·</span> 
     </span>
     <span class='ocr_line' id='line_1_33' title="bbox 132 3061 1774 3134; baseline 0.001 -19"><span class='ocrx_word' id='word_1_405' title='bbox 132 3061 223 3133; x_wconf 87' lang='lat' dir='ltr'>gloria</span> <span class='ocrx_word' id='word_1_406' title='bbox 235 3069 264 3117; x_wconf 89' lang='lat' dir='ltr'>et</span> <span class='ocrx_word' id='word_1_407' title='bbox 273 3061 380 3117; x_wconf 88' lang='lat' dir='ltr'>deliciis</span> <span class='ocrx_word' id='word_1_408' title='bbox 390 3063 482 3117; x_wconf 84' lang='lat' dir='ltr'>valere</span> <span class='ocrx_word' id='word_1_409' title='bbox 498 3063 595 3132; x_wconf 85' lang='lat' dir='ltr'>jussis,</span> <span class='ocrx_word' id='word_1_410' title='bbox 612 3063 646 3116; x_wconf 92' lang='lat' dir='ltr'>ad</span> <span class='ocrx_word' id='word_1_411' title='bbox 660 3063 862 3116; x_wconf 89' lang='lat' dir='ltr'>monachorum</span> <span class='ocrx_word' id='word_1_412' title='bbox 874 3079 930 3116; x_wconf 87' lang='lat' dir='ltr'>coe-</span> <span class='ocrx_word' id='word_1_413' title='bbox 972 3061 1044 3115; x_wconf 88' lang='lat' dir='ltr'>ditus</span> <span class='ocrx_word' id='word_1_414' title='bbox 1053 3062 1168 3128; x_wconf 89' lang='lat' dir='ltr'>etenim,</span> <span class='ocrx_word' id='word_1_415' title='bbox 1177 3078 1241 3115; x_wconf 91' lang='lat' dir='ltr'>cum</span> <span class='ocrx_word' id='word_1_416' title='bbox 1252 3061 1276 3115; x_wconf 87' lang='lat' dir='ltr'>ei</span> <span class='ocrx_word' id='word_1_417' title='bbox 1293 3061 1396 3115; x_wconf 84' lang='lat' dir='ltr'>arabis</span> <span class='ocrx_word' id='word_1_418' title='bbox 1405 3078 1489 3134; x_wconf 92' lang='lat' dir='ltr'>opera</span> <span class='ocrx_word' id='word_1_419' title='bbox 1502 3062 1774 3133; x_wconf 83' lang='lat' dir='ltr'>datur,voluptatem</span> 
     </span>
     <span class='ocr_line' id='line_1_34' title="bbox 132 3149 1774 3222; baseline -0.001 -16"><span class='ocrx_word' id='word_1_420' title='bbox 132 3156 193 3206; x_wconf 81' lang='lat' dir='ltr'>tuin</span> <span class='ocrx_word' id='word_1_421' title='bbox 209 3168 269 3206; x_wconf 90' lang='lat' dir='ltr'>seso</span> <span class='ocrx_word' id='word_1_422' title='bbox 283 3152 456 3222; x_wconf 88' lang='lat' dir='ltr'>aggregavit,</span> <span class='ocrx_word' id='word_1_423' title='bbox 473 3156 558 3222; x_wconf 90' lang='lat' dir='ltr'>atque</span> <span class='ocrx_word' id='word_1_424' title='bbox 571 3153 599 3204; x_wconf 93' lang='lat' dir='ltr'>in</span> <span class='ocrx_word' id='word_1_425' title='bbox 615 3151 683 3205; x_wconf 90' lang='lat' dir='ltr'>locis</span> <span class='ocrx_word' id='word_1_426' title='bbox 695 3151 828 3204; x_wconf 64' lang='lat' dir='ltr'>salliaris</span> <span class='ocrx_word' id='word_1_427' title='bbox 852 3168 931 3206; x_wconf 90' lang='lat' dir='ltr'>exsu·</span> <span class='ocrx_word' id='word_1_428' title='bbox 973 3151 1076 3204; x_wconf 72' lang='lat' dir='ltr'>excitat</span> <span class='ocrx_word' id='word_1_429' title='bbox 1090 3169 1095 3204; x_wconf 92' lang='lat'>:</span> <span class='ocrx_word' id='word_1_430' title='bbox 1110 3167 1174 3205; x_wconf 88' lang='lat' dir='ltr'>cum</span> <span class='ocrx_word' id='word_1_431' title='bbox 1192 3156 1287 3204; x_wconf 88' lang='lat' dir='ltr'>autem</span> <span class='ocrx_word' id='word_1_432' title='bbox 1299 3149 1437 3214; x_wconf 90' lang='lat' dir='ltr'>aboletur,</span> <span class='ocrx_word' id='word_1_433' title='bbox 1453 3149 1638 3204; x_wconf 89' lang='lat' dir='ltr'>iracundiam.</span> <span class='ocrx_word' id='word_1_434' title='bbox 1650 3149 1774 3204; x_wconf 89' lang='lat' dir='ltr'>Proinde</span> 
     </span>
     <span class='ocr_line' id='line_1_35' title="bbox 132 3238 1775 3312; baseline -0.001 -17"><span class='ocrx_word' id='word_1_435' title='bbox 132 3241 204 3308; x_wconf 89' lang='lat' dir='ltr'>lans,</span> <span class='ocrx_word' id='word_1_436' title='bbox 222 3241 338 3312; x_wconf 86' lang='lat' dir='ltr'>jejuniis</span> <span class='ocrx_word' id='word_1_437' title='bbox 353 3246 381 3294; x_wconf 90' lang='lat' dir='ltr'>ct</span> <span class='ocrx_word' id='word_1_438' title='bbox 394 3240 505 3311; x_wconf 79' lang='lat' dir='ltr'>vigiliis,</span> <span class='ocrx_word' id='word_1_439' title='bbox 514 3257 546 3295; x_wconf 91' lang='lat' dir='ltr'>ac</span> <span class='ocrx_word' id='word_1_440' title='bbox 558 3240 686 3311; x_wconf 87' lang='lat' dir='ltr'>diligenti</span> <span class='ocrx_word' id='word_1_441' title='bbox 700 3241 875 3295; x_wconf 89' lang='lat' dir='ltr'>oraculorum</span> <span class='ocrx_word' id='word_1_442' title='bbox 891 3240 931 3294; x_wconf 94' lang='lat' dir='ltr'>di·</span> <span class='ocrx_word' id='word_1_443' title='bbox 971 3238 1110 3294; x_wconf 82' lang='lat' dir='ltr'>facessant</span> <span class='ocrx_word' id='word_1_444' title='bbox 1122 3239 1188 3310; x_wconf 75' lang='lat' dir='ltr'>ipsae</span> <span class='ocrx_word' id='word_1_445' title='bbox 1204 3239 1339 3293; x_wconf 92' lang='lat' dir='ltr'>hodierno</span> <span class='ocrx_word' id='word_1_446' title='bbox 1352 3239 1397 3293; x_wconf 90' lang='lat' dir='ltr'>die</span> <span class='ocrx_word' id='word_1_447' title='bbox 1417 3238 1466 3293; x_wconf 92' lang='lat' dir='ltr'>abs</span> <span class='ocrx_word' id='word_1_448' title='bbox 1480 3244 1528 3303; x_wconf 83' lang='lat' dir='ltr'>te3</span> <span class='ocrx_word' id='word_1_449' title='bbox 1545 3238 1660 3309; x_wconf 74' lang='lat' dir='ltr'>praesint</span> <span class='ocrx_word' id='word_1_450' title='bbox 1677 3244 1775 3293; x_wconf 89' lang='lat' dir='ltr'>autem</span> 
     </span>
     <span class='ocr_line' id='line_1_36' title="bbox 132 3326 1778 3401; baseline -0.002 -16"><span class='ocrx_word' id='word_1_451' title='bbox 132 3331 263 3385; x_wconf 89' lang='lat' dir='ltr'>vinorum</span> <span class='ocrx_word' id='word_1_452' title='bbox 273 3330 454 3384; x_wconf 91' lang='lat' dir='ltr'>meditatione</span> <span class='ocrx_word' id='word_1_453' title='bbox 462 3346 560 3384; x_wconf 89' lang='lat' dir='ltr'>sensus</span> <span class='ocrx_word' id='word_1_454' title='bbox 576 3346 642 3384; x_wconf 90' lang='lat' dir='ltr'>suos</span> <span class='ocrx_word' id='word_1_455' title='bbox 652 3329 780 3401; x_wconf 90' lang='lat' dir='ltr'>apprime</span> <span class='ocrx_word' id='word_1_456' title='bbox 795 3345 932 3400; x_wconf 86' lang='lat' dir='ltr'>repurga-</span> <span class='ocrx_word' id='word_1_457' title='bbox 974 3329 1009 3382; x_wconf 91' lang='lat' dir='ltr'>ad</span> <span class='ocrx_word' id='word_1_458' title='bbox 1025 3345 1122 3384; x_wconf 90' lang='lat' dir='ltr'>eorum</span> <span class='ocrx_word' id='word_1_459' title='bbox 1146 3345 1238 3400; x_wconf 81' lang='lat' dir='ltr'>quma</span> <span class='ocrx_word' id='word_1_460' title='bbox 1258 3345 1302 3382; x_wconf 92' lang='lat' dir='ltr'>me</span> <span class='ocrx_word' id='word_1_461' title='bbox 1324 3328 1454 3382; x_wconf 88' lang='lat' dir='ltr'>dicentur</span> <span class='ocrx_word' id='word_1_462' title='bbox 1468 3327 1642 3382; x_wconf 89' lang='lat' dir='ltr'>auditionem</span> <span class='ocrx_word' id='word_1_463' title='bbox 1655 3344 1689 3382; x_wconf 90' lang='lat' dir='ltr'>ac</span> <span class='ocrx_word' id='word_1_464' title='bbox 1701 3326 1778 3398; x_wconf 91' lang='lat' dir='ltr'>judi·</span> 
     </span>
     <span class='ocr_line' id='line_1_37' title="bbox 132 3416 1777 3490; baseline -0.002 -16"><span class='ocrx_word' id='word_1_465' title='bbox 132 3419 190 3487; x_wconf 92' lang='lat' dir='ltr'>bat,</span> <span class='ocrx_word' id='word_1_466' title='bbox 205 3420 389 3490; x_wconf 88' lang='lat' dir='ltr'>animumque</span> <span class='ocrx_word' id='word_1_467' title='bbox 401 3418 436 3473; x_wconf 88' lang='lat' dir='ltr'>ab</span> <span class='ocrx_word' id='word_1_468' title='bbox 451 3419 529 3473; x_wconf 91' lang='lat' dir='ltr'>omni</span> <span class='ocrx_word' id='word_1_469' title='bbox 540 3419 640 3473; x_wconf 83' lang='lat' dir='ltr'>vitiosa</span> <span class='ocrx_word' id='word_1_470' title='bbox 653 3419 798 3472; x_wconf 83' lang='lat' dir='ltr'>allectione</span> <span class='ocrx_word' id='word_1_471' title='bbox 809 3418 933 3472; x_wconf 89' lang='lat' dir='ltr'>solutum</span> <span class='ocrx_word' id='word_1_472' title='bbox 975 3435 1059 3480; x_wconf 81' lang='lat' dir='ltr'>crum,</span> <span class='ocrx_word' id='word_1_473' title='bbox 1072 3417 1222 3488; x_wconf 89' lang='lat' dir='ltr'>prudentia</span> <span class='ocrx_word' id='word_1_474' title='bbox 1237 3423 1266 3471; x_wconf 91' lang='lat' dir='ltr'>et</span> <span class='ocrx_word' id='word_1_475' title='bbox 1282 3417 1402 3487; x_wconf 90' lang='lat' dir='ltr'>justitia.</span> <span class='ocrx_word' id='word_1_476' title='bbox 1427 3418 1500 3471; x_wconf 91' lang='lat' dir='ltr'>Nam</span> <span class='ocrx_word' id='word_1_477' title='bbox 1515 3417 1540 3470; x_wconf 90' lang='lat' dir='ltr'>si</span> <span class='ocrx_word' id='word_1_478' title='bbox 1554 3416 1733 3471; x_wconf 90' lang='lat' dir='ltr'>iracundiam</span> <span class='ocrx_word' id='word_1_479' title='bbox 1747 3422 1777 3471; x_wconf 83' lang='lat' dir='ltr'>et</span> 
     </span>
     <span class='ocr_line' id='line_1_38' title="bbox 133 3504 1777 3578; baseline -0.002 -15"><span class='ocrx_word' id='word_1_480' title='bbox 133 3515 162 3563; x_wconf 88' lang='lat' dir='ltr'>et</span> <span class='ocrx_word' id='word_1_481' title='bbox 184 3509 344 3575; x_wconf 89' lang='lat' dir='ltr'>abductum,</span> <span class='ocrx_word' id='word_1_482' title='bbox 361 3509 471 3562; x_wconf 82' lang='lat' dir='ltr'>calnae</span> <span class='ocrx_word' id='word_1_483' title='bbox 491 3524 576 3578; x_wconf 91' lang='lat' dir='ltr'>quam</span> <span class='ocrx_word' id='word_1_484' title='bbox 593 3508 784 3578; x_wconf 88' lang='lat' dir='ltr'>tranquillitas</span> <span class='ocrx_word' id='word_1_485' title='bbox 797 3524 814 3560; x_wconf 91' lang='lat' dir='ltr'>a</span> <span class='ocrx_word' id='word_1_486' title='bbox 827 3507 933 3561; x_wconf 79' lang='lat' dir='ltr'>vitiosis</span> <span class='ocrx_word' id='word_1_487' title='bbox 978 3506 1159 3578; x_wconf 89' lang='lat' dir='ltr'>cupiditatem</span> <span class='ocrx_word' id='word_1_488' title='bbox 1169 3505 1403 3570; x_wconf 59' lang='lat' dir='ltr'>mzdemedio</span> <span class='ocrx_word' id='word_1_489' title='bbox 1413 3504 1569 3570; x_wconf 89' lang='lat' dir='ltr'>sustuleris,</span> <span class='ocrx_word' id='word_1_490' title='bbox 1582 3512 1667 3575; x_wconf 91' lang='lat' dir='ltr'>atque</span> <span class='ocrx_word' id='word_1_491' title='bbox 1677 3521 1777 3559; x_wconf 85' lang='lat' dir='ltr'>earum</span> 
     </span>
     <span class='ocr_line' id='line_1_39' title="bbox 134 3579 1777 3667; baseline -0.001 -16"><span class='ocrx_word' id='word_1_492' title='bbox 134 3597 327 3652; x_wconf 87' lang='lat' dir='ltr'>allectionibus</span> <span class='ocrx_word' id='word_1_493' title='bbox 337 3595 411 3667; x_wconf 90' lang='lat' dir='ltr'>parit</span> <span class='ocrx_word' id='word_1_494' title='bbox 424 3596 593 3651; x_wconf 87' lang='lat' dir='ltr'>illustrabat.</span> <span class='ocrx_word' id='word_1_495' title='bbox 603 3597 661 3650; x_wconf 89' lang='lat' dir='ltr'>Rex</span> <span class='ocrx_word' id='word_1_496' title='bbox 672 3602 775 3660; x_wconf 86' lang='lat' dir='ltr'>autem,</span> <span class='ocrx_word' id='word_1_497' title='bbox 788 3612 852 3649; x_wconf 91' lang='lat' dir='ltr'>cum</span> <span class='ocrx_word' id='word_1_498' title='bbox 868 3611 933 3649; x_wconf 92' lang='lat' dir='ltr'>eum</span> <span class='ocrx_word' id='word_1_499' title='bbox 975 3596 1035 3649; x_wconf 85' lang='lat' dir='ltr'>loco</span> <span class='ocrx_word' id='word_1_500' title='bbox 1047 3593 1225 3666; x_wconf 86' lang='lat' dir='ltr'>prudentiam</span> <span class='ocrx_word' id='word_1_501' title='bbox 1236 3599 1264 3647; x_wconf 92' lang='lat' dir='ltr'>et</span> <span class='ocrx_word' id='word_1_502' title='bbox 1275 3594 1416 3664; x_wconf 88' lang='lat' dir='ltr'>justitiam</span> <span class='ocrx_word' id='word_1_503' title='bbox 1430 3593 1584 3658; x_wconf 90' lang='lat' dir='ltr'>induxeris,</span> <span class='ocrx_word' id='word_1_504' title='bbox 1599 3579 1666 3647; x_wconf 76' lang='lat' dir='ltr'>rere</span> <span class='ocrx_word' id='word_1_505' title='bbox 1680 3594 1777 3649; x_wconf 88' lang='lat' dir='ltr'>omnia</span> 
     </span>
     <span class='ocr_line' id='line_1_40' title="bbox 136 3680 1777 3757; baseline -0.002 -17"><span class='ocrx_word' id='word_1_506' title='bbox 136 3688 273 3757; x_wconf 88' lang='lat' dir='ltr'>majorem</span> <span class='ocrx_word' id='word_1_507' title='bbox 296 3686 325 3738; x_wconf 91' lang='lat' dir='ltr'>in</span> <span class='ocrx_word' id='word_1_508' title='bbox 344 3685 460 3739; x_wconf 87' lang='lat' dir='ltr'>modurn</span> <span class='ocrx_word' id='word_1_509' title='bbox 479 3684 619 3754; x_wconf 87' lang='lat' dir='ltr'>diligeret,</span> <span class='ocrx_word' id='word_1_510' title='bbox 637 3691 721 3755; x_wconf 90' lang='lat' dir='ltr'>atque</span> <span class='ocrx_word' id='word_1_511' title='bbox 737 3685 766 3738; x_wconf 92' lang='lat' dir='ltr'>in</span> <span class='ocrx_word' id='word_1_512' title='bbox 781 3684 933 3738; x_wconf 92' lang='lat' dir='ltr'>honoreac</span> <span class='ocrx_word' id='word_1_513' title='bbox 973 3682 1022 3738; x_wconf 89' lang='lat' dir='ltr'>tibi</span> <span class='ocrx_word' id='word_1_514' title='bbox 1033 3682 1134 3736; x_wconf 89' lang='lat' dir='ltr'>dicam.</span> <span class='ocrx_word' id='word_1_515' title='bbox 1152 3685 1245 3754; x_wconf 84' lang='lat' dir='ltr'>Atque</span> <span class='ocrx_word' id='word_1_516' title='bbox 1258 3698 1305 3736; x_wconf 88' lang='lat' dir='ltr'>rex</span> <span class='ocrx_word' id='word_1_517' title='bbox 1319 3682 1363 3735; x_wconf 92' lang='lat' dir='ltr'>his</span> <span class='ocrx_word' id='word_1_518' title='bbox 1378 3680 1470 3735; x_wconf 78' lang='lat' dir='ltr'>verbis</span> <span class='ocrx_word' id='word_1_519' title='bbox 1484 3687 1528 3735; x_wconf 91' lang='lat' dir='ltr'>est</span> <span class='ocrx_word' id='word_1_520' title='bbox 1542 3698 1610 3735; x_wconf 88' lang='lat' dir='ltr'>usus</span> <span class='ocrx_word' id='word_1_521' title='bbox 1626 3682 1688 3736; x_wconf 84' lang='lat' dir='ltr'>:En</span> <span class='ocrx_word' id='word_1_522' title='bbox 1703 3682 1777 3754; x_wconf 86' lang='lat' dir='ltr'>peti-</span> 
     </span>
     <span class='ocr_line' id='line_1_41' title="bbox 134 3771 1779 3846; baseline -0.001 -18"><span class='ocrx_word' id='word_1_523' title='bbox 134 3774 226 3846; x_wconf 90' lang='lat' dir='ltr'>pretio</span> <span class='ocrx_word' id='word_1_524' title='bbox 236 3773 361 3839; x_wconf 89' lang='lat' dir='ltr'>haberet,</span> <span class='ocrx_word' id='word_1_525' title='bbox 378 3779 410 3828; x_wconf 91' lang='lat' dir='ltr'>ut</span> <span class='ocrx_word' id='word_1_526' title='bbox 423 3773 475 3827; x_wconf 89' lang='lat' dir='ltr'>hoo</span> <span class='ocrx_word' id='word_1_527' title='bbox 490 3773 607 3839; x_wconf 87' lang='lat' dir='ltr'>audivit,</span> <span class='ocrx_word' id='word_1_528' title='bbox 621 3772 655 3826; x_wconf 92' lang='lat' dir='ltr'>de</span> <span class='ocrx_word' id='word_1_529' title='bbox 668 3773 750 3826; x_wconf 91' lang='lat' dir='ltr'>amici</span> <span class='ocrx_word' id='word_1_530' title='bbox 760 3774 872 3843; x_wconf 89' lang='lat' dir='ltr'>jactura</span> <span class='ocrx_word' id='word_1_531' title='bbox 885 3773 933 3826; x_wconf 95' lang='lat' dir='ltr'>do-</span> <span class='ocrx_word' id='word_1_532' title='bbox 972 3772 1042 3825; x_wconf 91' lang='lat' dir='ltr'>tioni</span> <span class='ocrx_word' id='word_1_533' title='bbox 1054 3777 1109 3826; x_wconf 81' lang='lat' dir='ltr'>tum</span> <span class='ocrx_word' id='word_1_534' title='bbox 1120 3773 1199 3837; x_wconf 91' lang='lat' dir='ltr'>cessi,</span> <span class='ocrx_word' id='word_1_535' title='bbox 1222 3777 1306 3842; x_wconf 89' lang='lat' dir='ltr'>atque</span> <span class='ocrx_word' id='word_1_536' title='bbox 1319 3771 1506 3841; x_wconf 89' lang='lat' dir='ltr'>cupiditatem</span> <span class='ocrx_word' id='word_1_537' title='bbox 1519 3775 1549 3824; x_wconf 93' lang='lat' dir='ltr'>et</span> <span class='ocrx_word' id='word_1_538' title='bbox 1568 3771 1748 3826; x_wconf 89' lang='lat' dir='ltr'>iracundiam</span> <span class='ocrx_word' id='word_1_539' title='bbox 1763 3788 1779 3826; x_wconf 89' lang='lat' dir='ltr'>e</span> 
     </span>
     <span class='ocr_line' id='line_1_42' title="bbox 135 3860 1780 3933; baseline -0.001 -16"><span class='ocrx_word' id='word_1_540' title='bbox 135 3863 225 3917; x_wconf 85' lang='lat' dir='ltr'>lorern</span> <span class='ocrx_word' id='word_1_541' title='bbox 235 3861 329 3916; x_wconf 90' lang='lat' dir='ltr'>anime</span> <span class='ocrx_word' id='word_1_542' title='bbox 340 3861 680 3933; x_wconf 81' lang='lat' dir='ltr'>cepit,rehementiusque</span> <span class='ocrx_word' id='word_1_543' title='bbox 691 3861 824 3916; x_wconf 85' lang='lat' dir='ltr'>adversus</span> <span class='ocrx_word' id='word_1_544' title='bbox 837 3877 933 3915; x_wconf 89' lang='lat' dir='ltr'>mona·</span> <span class='ocrx_word' id='word_1_545' title='bbox 973 3861 1089 3915; x_wconf 88' lang='lat' dir='ltr'>concilio</span> <span class='ocrx_word' id='word_1_546' title='bbox 1099 3861 1224 3931; x_wconf 75' lang='lat' dir='ltr'>ejiciam,</span> <span class='ocrx_word' id='word_1_547' title='bbox 1250 3860 1377 3931; x_wconf 92' lang='lat' dir='ltr'>daboque</span> <span class='ocrx_word' id='word_1_548' title='bbox 1398 3876 1514 3930; x_wconf 92' lang='lat' dir='ltr'>operam</span> <span class='ocrx_word' id='word_1_549' title='bbox 1537 3865 1569 3914; x_wconf 93' lang='lat' dir='ltr'>ut</span> <span class='ocrx_word' id='word_1_550' title='bbox 1582 3860 1736 3931; x_wconf 86' lang='lat' dir='ltr'>prudentia</span> <span class='ocrx_word' id='word_1_551' title='bbox 1749 3866 1780 3916; x_wconf 85' lang='lat' dir='ltr'>et</span> 
     </span>
     <span class='ocr_line' id='line_1_43' title="bbox 135 3950 1319 4022; baseline -0.003 -17"><span class='ocrx_word' id='word_1_552' title='bbox 135 3953 202 4006; x_wconf 91' lang='lat' dir='ltr'>chos</span> <span class='ocrx_word' id='word_1_553' title='bbox 221 3952 333 4006; x_wconf 84' lang='lat' dir='ltr'>exarsit.</span> <span class='ocrx_word' id='word_1_554' title='bbox 349 3952 441 4022; x_wconf 70' lang='lat' dir='ltr'>ntique</span> <span class='ocrx_word' id='word_1_555' title='bbox 455 3968 519 4005; x_wconf 90' lang='lat' dir='ltr'>cum</span> <span class='ocrx_word' id='word_1_556' title='bbox 535 3950 662 4005; x_wconf 90' lang='lat' dir='ltr'>homines</span> <span class='ocrx_word' id='word_1_557' title='bbox 677 3951 713 4004; x_wconf 91' lang='lat' dir='ltr'>ad</span> <span class='ocrx_word' id='word_1_558' title='bbox 733 3967 798 4004; x_wconf 91' lang='lat' dir='ltr'>eum</span> <span class='ocrx_word' id='word_1_559' title='bbox 814 3950 931 4020; x_wconf 91' lang='lat' dir='ltr'>conqui-</span> <span class='ocrx_word' id='word_1_560' title='bbox 970 3950 1082 4020; x_wconf 90' lang='lat' dir='ltr'>justitia</span> <span class='ocrx_word' id='word_1_561' title='bbox 1095 3950 1319 4022; x_wconf 89' lang='lat' dir='ltr'>interponantur.</span> 
     </span>
     <span class='ocr_line' id='line_1_44' title="bbox 136 4037 1778 4111; baseline -0.002 -16"><span class='ocrx_word' id='word_1_562' title='bbox 136 4041 254 4095; x_wconf 89' lang='lat' dir='ltr'>rendum</span> <span class='ocrx_word' id='word_1_563' title='bbox 267 4057 491 4111; x_wconf 76' lang='lat' dir='ltr'>quaquaversum</span> <span class='ocrx_word' id='word_1_564' title='bbox 505 4040 637 4105; x_wconf 87' lang='lat' dir='ltr'>misisset,</span> <span class='ocrx_word' id='word_1_565' title='bbox 650 4046 687 4107; x_wconf 91' lang='lat' dir='ltr'>ct,</span> <span class='ocrx_word' id='word_1_566' title='bbox 695 4039 933 4111; x_wconf 90' lang='lat' dir='ltr'>quemadmodum</span> <span class='ocrx_word' id='word_1_567' title='bbox 1009 4041 1072 4093; x_wconf 83' lang='lat' dir='ltr'>ianr</span> <span class='ocrx_word' id='word_1_568' title='bbox 1088 4039 1175 4110; x_wconf 93' lang='lat' dir='ltr'>igitur</span> <span class='ocrx_word' id='word_1_569' title='bbox 1192 4038 1298 4109; x_wconf 90' lang='lat' dir='ltr'>absque</span> <span class='ocrx_word' id='word_1_570' title='bbox 1313 4038 1370 4093; x_wconf 94' lang='lat' dir='ltr'>ullo</span> <span class='ocrx_word' id='word_1_571' title='bbox 1392 4046 1468 4092; x_wconf 91' lang='lat' dir='ltr'>metu</span> <span class='ocrx_word' id='word_1_572' title='bbox 1491 4037 1561 4091; x_wconf 91' lang='lat' dir='ltr'>mihi</span> <span class='ocrx_word' id='word_1_573' title='bbox 1577 4053 1686 4108; x_wconf 87' lang='lat' dir='ltr'>expone</span> <span class='ocrx_word' id='word_1_574' title='bbox 1701 4038 1778 4093; x_wconf 83' lang='lat' dir='ltr'>unde</span> 
     </span>
     <span class='ocr_line' id='line_1_45' title="bbox 135 4126 1778 4201; baseline -0.002 -17"><span class='ocrx_word' id='word_1_575' title='bbox 135 4131 223 4200; x_wconf 83' lang='lat' dir='ltr'>vulgo</span> <span class='ocrx_word' id='word_1_576' title='bbox 232 4130 343 4197; x_wconf 93' lang='lat' dir='ltr'>dicitur,</span> <span class='ocrx_word' id='word_1_577' title='bbox 359 4131 469 4184; x_wconf 91' lang='lat' dir='ltr'>nullum</span> <span class='ocrx_word' id='word_1_578' title='bbox 484 4146 540 4184; x_wconf 94' lang='lat' dir='ltr'>non</span> <span class='ocrx_word' id='word_1_579' title='bbox 551 4128 671 4201; x_wconf 89' lang='lat' dir='ltr'>lapidem</span> <span class='ocrx_word' id='word_1_580' title='bbox 685 4129 817 4183; x_wconf 89' lang='lat' dir='ltr'>movisset</span> <span class='ocrx_word' id='word_1_581' title='bbox 832 4126 933 4199; x_wconf 63' lang='lat' dir='ltr'>(litque</span> <span class='ocrx_word' id='word_1_582' title='bbox 975 4128 1026 4182; x_wconf 88' lang='lat' dir='ltr'>tibi</span> <span class='ocrx_word' id='word_1_583' title='bbox 1049 4128 1093 4182; x_wconf 88' lang='lat' dir='ltr'>hic</span> <span class='ocrx_word' id='word_1_584' title='bbox 1120 4144 1199 4181; x_wconf 89' lang='lat' dir='ltr'>error</span> <span class='ocrx_word' id='word_1_585' title='bbox 1219 4127 1393 4187; x_wconf 85' lang='lat' dir='ltr'>obortussit,</span> <span class='ocrx_word' id='word_1_586' title='bbox 1413 4134 1492 4181; x_wconf 88' lang='lat' dir='ltr'>ntea</span> <span class='ocrx_word' id='word_1_587' title='bbox 1507 4144 1568 4198; x_wconf 71' lang='lat' dir='ltr'>quae</span> <span class='ocrx_word' id='word_1_588' title='bbox 1589 4127 1619 4180; x_wconf 93' lang='lat' dir='ltr'>in</span> <span class='ocrx_word' id='word_1_589' title='bbox 1634 4142 1708 4180; x_wconf 82' lang='lat' dir='ltr'>rana</span> <span class='ocrx_word' id='word_1_590' title='bbox 1726 4143 1778 4198; x_wconf 88' lang='lat' dir='ltr'>spe</span> 
     </span>
     <span class='ocr_line' id='line_1_46' title="bbox 137 4216 1779 4290; baseline -0.002 -16"><span class='ocrx_word' id='word_1_591' title='bbox 137 4236 203 4274; x_wconf 86' lang='lat' dir='ltr'>oum</span> <span class='ocrx_word' id='word_1_592' title='bbox 217 4219 363 4283; x_wconf 86' lang='lat' dir='ltr'>inveniret,</span> <span class='ocrx_word' id='word_1_593' title='bbox 375 4219 526 4289; x_wconf 90' lang='lat' dir='ltr'>aliquando</span> <span class='ocrx_word' id='word_1_594' title='bbox 535 4225 600 4290; x_wconf 91' lang='lat' dir='ltr'>post</span> <span class='ocrx_word' id='word_1_595' title='bbox 612 4218 653 4272; x_wconf 92' lang='lat' dir='ltr'>illi</span> <span class='ocrx_word' id='word_1_596' title='bbox 668 4218 716 4288; x_wconf 90' lang='lat' dir='ltr'>qui</span> <span class='ocrx_word' id='word_1_597' title='bbox 726 4217 761 4272; x_wconf 92' lang='lat' dir='ltr'>ad</span> <span class='ocrx_word' id='word_1_598' title='bbox 781 4234 846 4272; x_wconf 91' lang='lat' dir='ltr'>eum</span> <span class='ocrx_word' id='word_1_599' title='bbox 859 4217 933 4271; x_wconf 84' lang='lat' dir='ltr'>inre·</span> <span class='ocrx_word' id='word_1_600' title='bbox 976 4218 1066 4290; x_wconf 86' lang='lat' dir='ltr'>posita</span> <span class='ocrx_word' id='word_1_601' title='bbox 1080 4222 1153 4271; x_wconf 86' lang='lat' dir='ltr'>sunt.</span> <span class='ocrx_word' id='word_1_602' title='bbox 1172 4217 1206 4271; x_wconf 85' lang='lat' dir='ltr'>iis</span> <span class='ocrx_word' id='word_1_603' title='bbox 1220 4216 1303 4270; x_wconf 91' lang='lat' dir='ltr'>rebus</span> <span class='ocrx_word' id='word_1_604' title='bbox 1314 4234 1375 4287; x_wconf 80' lang='lat' dir='ltr'>quae</span> <span class='ocrx_word' id='word_1_605' title='bbox 1392 4216 1521 4271; x_wconf 90' lang='lat' dir='ltr'>manibus</span> <span class='ocrx_word' id='word_1_606' title='bbox 1535 4221 1680 4277; x_wconf 84' lang='lat' dir='ltr'>tenentur,</span> <span class='ocrx_word' id='word_1_607' title='bbox 1693 4222 1779 4286; x_wconf 89' lang='lat' dir='ltr'>atquc</span> 
     </span>
     <span class='ocr_line' id='line_1_47' title="bbox 137 4304 1783 4408; baseline -0.002 -44"><span class='ocrx_word' id='word_1_608' title='bbox 137 4309 297 4380; x_wconf 87' lang='lat' dir='ltr'>stigandum</span> <span class='ocrx_word' id='word_1_609' title='bbox 312 4308 390 4362; x_wconf 90' lang='lat' dir='ltr'>missi</span> <span class='ocrx_word' id='word_1_610' title='bbox 403 4308 560 4375; x_wconf 80' lang='lat' dir='ltr'>fuerant,ut</span> <span class='ocrx_word' id='word_1_611' title='bbox 574 4324 638 4361; x_wconf 91' lang='lat' dir='ltr'>cum</span> <span class='ocrx_word' id='word_1_612' title='bbox 653 4308 682 4361; x_wconf 93' lang='lat' dir='ltr'>in</span> <span class='ocrx_word' id='word_1_613' title='bbox 697 4307 847 4361; x_wconf 89' lang='lat' dir='ltr'>solitudine</span> <span class='ocrx_word' id='word_1_614' title='bbox 862 4323 936 4360; x_wconf 91' lang='lat' dir='ltr'>com·</span> <span class='ocrx_word' id='word_1_615' title='bbox 945 4349 969 4408; x_wconf 71' lang='lat' dir='ltr'>D</span> <span class='ocrx_word' id='word_1_616' title='bbox 978 4307 1065 4361; x_wconf 92' lang='lat' dir='ltr'>oculis</span> <span class='ocrx_word' id='word_1_617' title='bbox 1075 4311 1237 4372; x_wconf 87' lang='lat' dir='ltr'>cernuntur,</span> <span class='ocrx_word' id='word_1_618' title='bbox 1250 4312 1414 4376; x_wconf 90' lang='lat' dir='ltr'>anteponas.</span> <span class='ocrx_word' id='word_1_619' title='bbox 1426 4304 1712 4376; x_wconf 84' lang='lat' dir='ltr'>Respondensautem</span> <span class='ocrx_word' id='word_1_620' title='bbox 1721 4320 1783 4361; x_wconf 82' lang='lat' dir='ltr'>erc·</span> 
     </span>
     <span class='ocr_line' id='line_1_48' title="bbox 136 4395 1151 4467; baseline -0.005 -15"><span class='ocrx_word' id='word_1_621' title='bbox 136 4398 242 4452; x_wconf 90' lang='lat' dir='ltr'>morari</span> <span class='ocrx_word' id='word_1_622' title='bbox 249 4398 451 4464; x_wconf 86' lang='lat' dir='ltr'>senserunt,ita</span> <span class='ocrx_word' id='word_1_623' title='bbox 457 4397 624 4467; x_wconf 89' lang='lat' dir='ltr'>perscrutati</span> <span class='ocrx_word' id='word_1_624' title='bbox 635 4396 863 4464; x_wconf 88' lang='lat' dir='ltr'>sunt,uttandem</span> <span class='ocrx_word' id='word_1_625' title='bbox 872 4412 937 4450; x_wconf 90' lang='lat' dir='ltr'>eum</span> <span class='ocrx_word' id='word_1_626' title='bbox 980 4396 1049 4450; x_wconf 90' lang='lat' dir='ltr'>mita</span> <span class='ocrx_word' id='word_1_627' title='bbox 1063 4395 1151 4449; x_wconf 89' lang='lat' dir='ltr'>dixit:</span> 
     </span>
     <span class='ocr_line' id='line_1_49' title="bbox 137 4482 1781 4559; baseline -0.003 -17"><span class='ocrx_word' id='word_1_628' title='bbox 137 4487 305 4559; x_wconf 91' lang='lat' dir='ltr'>arriperent,</span> <span class='ocrx_word' id='word_1_629' title='bbox 314 4493 398 4557; x_wconf 89' lang='lat' dir='ltr'>atque</span> <span class='ocrx_word' id='word_1_630' title='bbox 410 4486 446 4539; x_wconf 90' lang='lat' dir='ltr'>ad</span> <span class='ocrx_word' id='word_1_631' title='bbox 458 4486 533 4556; x_wconf 85' lang='lat' dir='ltr'>regis</span> <span class='ocrx_word' id='word_1_632' title='bbox 543 4486 668 4539; x_wconf 88' lang='lat' dir='ltr'>tribunal</span> <span class='ocrx_word' id='word_1_633' title='bbox 678 4486 880 4540; x_wconf 83' lang='lat' dir='ltr'>sisterent.Rex</span> <span class='ocrx_word' id='word_1_634' title='bbox 888 4501 937 4538; x_wconf 92' lang='lat' dir='ltr'>au·</span> <span class='ocrx_word' id='word_1_635' title='bbox 1014 4483 1043 4538; x_wconf 91' lang='lat' dir='ltr'>Si</span> <span class='ocrx_word' id='word_1_636' title='bbox 1051 4483 1208 4553; x_wconf 87' lang='lat' dir='ltr'>intelligere</span> <span class='ocrx_word' id='word_1_637' title='bbox 1219 4498 1307 4553; x_wconf 81' lang='lat' dir='ltr'>cupls,</span> <span class='ocrx_word' id='word_1_638' title='bbox 1320 4499 1336 4536; x_wconf 93' lang='lat' dir='ltr'>o</span> <span class='ocrx_word' id='word_1_639' title='bbox 1349 4499 1406 4547; x_wconf 88' lang='lat' dir='ltr'>rex,</span> <span class='ocrx_word' id='word_1_640' title='bbox 1420 4482 1495 4536; x_wconf 92' lang='lat' dir='ltr'>unde</span> <span class='ocrx_word' id='word_1_641' title='bbox 1507 4482 1560 4536; x_wconf 92' lang='lat' dir='ltr'>hoc</span> <span class='ocrx_word' id='word_1_642' title='bbox 1569 4482 1696 4553; x_wconf 84' lang='lat' dir='ltr'>primunr</span> <span class='ocrx_word' id='word_1_643' title='bbox 1710 4482 1781 4537; x_wconf 87' lang='lat' dir='ltr'>mihi</span> 
     </span>
     <span class='ocr_line' id='line_1_50' title="bbox 137 4571 1781 4647; baseline -0.003 -16"><span class='ocrx_word' id='word_1_644' title='bbox 137 4584 274 4644; x_wconf 86' lang='lat' dir='ltr'>tcm,cum</span> <span class='ocrx_word' id='word_1_645' title='bbox 288 4594 353 4631; x_wconf 90' lang='lat' dir='ltr'>eum</span> <span class='ocrx_word' id='word_1_646' title='bbox 369 4575 416 4647; x_wconf 92' lang='lat' dir='ltr'>qui</span> <span class='ocrx_word' id='word_1_647' title='bbox 429 4575 570 4646; x_wconf 91' lang='lat' dir='ltr'>quondam</span> <span class='ocrx_word' id='word_1_648' title='bbox 579 4574 734 4645; x_wconf 90' lang='lat' dir='ltr'>splendidis</span> <span class='ocrx_word' id='word_1_649' title='bbox 743 4574 867 4628; x_wconf 84' lang='lat' dir='ltr'>vestibus</span> <span class='ocrx_word' id='word_1_650' title='bbox 876 4578 936 4628; x_wconf 86' lang='lat' dir='ltr'>ute·</span> <span class='ocrx_word' id='word_1_651' title='bbox 977 4574 1072 4626; x_wconf 90' lang='lat' dir='ltr'>animo</span> <span class='ocrx_word' id='word_1_652' title='bbox 1082 4573 1216 4642; x_wconf 80' lang='lat' dir='ltr'>injectum</span> <span class='ocrx_word' id='word_1_653' title='bbox 1231 4571 1361 4635; x_wconf 84' lang='lat' dir='ltr'>suerit,ut</span> <span class='ocrx_word' id='word_1_654' title='bbox 1370 4571 1490 4626; x_wconf 89' lang='lat' dir='ltr'>caducas</span> <span class='ocrx_word' id='word_1_655' title='bbox 1504 4589 1548 4625; x_wconf 89' lang='lat' dir='ltr'>res</span> <span class='ocrx_word' id='word_1_656' title='bbox 1556 4575 1781 4637; x_wconf 87' lang='lat' dir='ltr'>contemnerem,</span> 
     </span>
     <span class='ocr_line' id='line_1_51' title="bbox 138 4661 1782 4736; baseline -0.003 -16"><span class='ocrx_word' id='word_1_657' title='bbox 138 4665 232 4731; x_wconf 87' lang='lat' dir='ltr'>batur,</span> <span class='ocrx_word' id='word_1_658' title='bbox 245 4672 330 4736; x_wconf 87' lang='lat' dir='ltr'>atque</span> <span class='ocrx_word' id='word_1_659' title='bbox 343 4665 371 4719; x_wconf 92' lang='lat' dir='ltr'>in</span> <span class='ocrx_word' id='word_1_660' title='bbox 386 4663 495 4735; x_wconf 87' lang='lat' dir='ltr'>mugnis</span> <span class='ocrx_word' id='word_1_661' title='bbox 509 4663 617 4718; x_wconf 89' lang='lat' dir='ltr'>deliciis</span> <span class='ocrx_word' id='word_1_662' title='bbox 627 4663 712 4717; x_wconf 81' lang='lat' dir='ltr'>vitam</span> <span class='ocrx_word' id='word_1_663' title='bbox 728 4662 866 4733; x_wconf 88' lang='lat' dir='ltr'>exigebat,</span> <span class='ocrx_word' id='word_1_664' title='bbox 878 4667 937 4716; x_wconf 87' lang='lat' dir='ltr'>tam</span> <span class='ocrx_word' id='word_1_665' title='bbox 978 4679 1010 4716; x_wconf 92' lang='lat' dir='ltr'>ac</span> <span class='ocrx_word' id='word_1_666' title='bbox 1024 4679 1069 4716; x_wconf 92' lang='lat' dir='ltr'>me</span> <span class='ocrx_word' id='word_1_667' title='bbox 1085 4668 1176 4715; x_wconf 92' lang='lat' dir='ltr'>totum</span> <span class='ocrx_word' id='word_1_668' title='bbox 1192 4661 1430 4731; x_wconf 90' lang='lat' dir='ltr'>sempiternarum</span> <span class='ocrx_word' id='word_1_669' title='bbox 1444 4677 1539 4715; x_wconf 89' lang='lat' dir='ltr'>rerum</span> <span class='ocrx_word' id='word_1_670' title='bbox 1554 4661 1615 4731; x_wconf 91' lang='lat' dir='ltr'>spei</span> <span class='ocrx_word' id='word_1_671' title='bbox 1627 4661 1782 4724; x_wconf 84' lang='lat' dir='ltr'>traderem,</span> 
     </span>
     <span class='ocr_line' id='line_1_52' title="bbox 137 4749 1781 4825; baseline -0.002 -17"><span class='ocrx_word' id='word_1_672' title='bbox 137 4755 232 4808; x_wconf 79' lang='lat' dir='ltr'>viliter</span> <span class='ocrx_word' id='word_1_673' title='bbox 246 4761 275 4808; x_wconf 89' lang='lat' dir='ltr'>et</span> <span class='ocrx_word' id='word_1_674' title='bbox 288 4755 396 4825; x_wconf 88' lang='lat' dir='ltr'>abjecte</span> <span class='ocrx_word' id='word_1_675' title='bbox 411 4754 555 4819; x_wconf 89' lang='lat' dir='ltr'>amictum,</span> <span class='ocrx_word' id='word_1_676' title='bbox 570 4770 602 4806; x_wconf 91' lang='lat' dir='ltr'>ac</span> <span class='ocrx_word' id='word_1_677' title='bbox 612 4752 749 4821; x_wconf 84' lang='lat' dir='ltr'>religiosae</span> <span class='ocrx_word' id='word_1_678' title='bbox 763 4752 938 4805; x_wconf 81' lang='lat' dir='ltr'>exercitatio</span> <span class='ocrx_word' id='word_1_679' title='bbox 978 4751 1054 4807; x_wconf 88' lang='lat' dir='ltr'>audi.</span> <span class='ocrx_word' id='word_1_680' title='bbox 1069 4750 1152 4816; x_wconf 89' lang='lat' dir='ltr'>Olim,</span> <span class='ocrx_word' id='word_1_681' title='bbox 1165 4766 1229 4803; x_wconf 91' lang='lat' dir='ltr'>cum</span> <span class='ocrx_word' id='word_1_682' title='bbox 1244 4750 1335 4804; x_wconf 92' lang='lat' dir='ltr'>adhuc</span> <span class='ocrx_word' id='word_1_683' title='bbox 1342 4750 1460 4820; x_wconf 82' lang='lat' dir='ltr'>juvenili</span> <span class='ocrx_word' id='word_1_684' title='bbox 1475 4754 1558 4803; x_wconf 83' lang='lat' dir='ltr'>aetate</span> <span class='ocrx_word' id='word_1_685' title='bbox 1568 4749 1781 4815; x_wconf 88' lang='lat' dir='ltr'>essem,bouum</span> 
     </span>
     <span class='ocr_line' id='line_1_53' title="bbox 138 4838 1782 4915; baseline -0.004 -18"><span class='ocrx_word' id='word_1_686' title='bbox 138 4844 182 4898; x_wconf 92' lang='lat' dir='ltr'>nis</span> <span class='ocrx_word' id='word_1_687' title='bbox 188 4844 338 4915; x_wconf 86' lang='lat' dir='ltr'>asperitate</span> <span class='ocrx_word' id='word_1_688' title='bbox 348 4843 494 4898; x_wconf 87' lang='lat' dir='ltr'>alllictum.</span> <span class='ocrx_word' id='word_1_689' title='bbox 502 4842 620 4913; x_wconf 83' lang='lat' dir='ltr'>ritaeque</span> <span class='ocrx_word' id='word_1_690' title='bbox 631 4841 762 4895; x_wconf 75' lang='lat' dir='ltr'>solitaria</span> <span class='ocrx_word' id='word_1_691' title='bbox 772 4841 854 4911; x_wconf 86' lang='lat' dir='ltr'>signa</span> <span class='ocrx_word' id='word_1_692' title='bbox 863 4840 937 4895; x_wconf 89' lang='lat' dir='ltr'>haud</span> <span class='ocrx_word' id='word_1_693' title='bbox 979 4858 1011 4894; x_wconf 90' lang='lat' dir='ltr'>ac</span> <span class='ocrx_word' id='word_1_694' title='bbox 1022 4841 1146 4894; x_wconf 91' lang='lat' dir='ltr'>salutare</span> <span class='ocrx_word' id='word_1_695' title='bbox 1157 4838 1273 4892; x_wconf 81' lang='lat' dir='ltr'>verbum</span> <span class='ocrx_word' id='word_1_696' title='bbox 1284 4839 1478 4909; x_wconf 88' lang='lat' dir='ltr'>audivi,cujus</span> <span class='ocrx_word' id='word_1_697' title='bbox 1488 4839 1529 4892; x_wconf 84' lang='lat' dir='ltr'>ris</span> <span class='ocrx_word' id='word_1_698' title='bbox 1538 4839 1676 4909; x_wconf 89' lang='lat' dir='ltr'>majorem</span> <span class='ocrx_word' id='word_1_699' title='bbox 1687 4839 1782 4892; x_wconf 91' lang='lat' dir='ltr'>inmo·</span> 
     </span>
     <span class='ocr_line' id='line_1_54' title="bbox 140 4926 1780 5002; baseline -0.004 -15"><span class='ocrx_word' id='word_1_700' title='bbox 140 4933 257 4987; x_wconf 89' lang='lat' dir='ltr'>obscure</span> <span class='ocrx_word' id='word_1_701' title='bbox 271 4937 429 5002; x_wconf 85' lang='lat' dir='ltr'>gestantem</span> <span class='ocrx_word' id='word_1_702' title='bbox 445 4931 643 5002; x_wconf 83' lang='lat' dir='ltr'>conspexisset,</span> <span class='ocrx_word' id='word_1_703' title='bbox 663 4946 782 4984; x_wconf 85' lang='lat' dir='ltr'>moerore</span> <span class='ocrx_word' id='word_1_704' title='bbox 796 4930 881 4983; x_wconf 92' lang='lat' dir='ltr'>simul</span> <span class='ocrx_word' id='word_1_705' title='bbox 898 4934 939 4982; x_wconf 90' lang='lat' dir='ltr'>at·</span> <span class='ocrx_word' id='word_1_706' title='bbox 979 4931 1046 4984; x_wconf 90' lang='lat' dir='ltr'>dum</span> <span class='ocrx_word' id='word_1_707' title='bbox 1060 4945 1104 4982; x_wconf 91' lang='lat' dir='ltr'>me</span> <span class='ocrx_word' id='word_1_708' title='bbox 1116 4928 1220 4999; x_wconf 91' lang='lat' dir='ltr'>rapuit,</span> <span class='ocrx_word' id='word_1_709' title='bbox 1232 4927 1375 4998; x_wconf 88' lang='lat' dir='ltr'>ipsiusque</span> <span class='ocrx_word' id='word_1_710' title='bbox 1389 4927 1624 4993; x_wconf 81' lang='lat' dir='ltr'>memoria,dirini</span> <span class='ocrx_word' id='word_1_711' title='bbox 1631 4926 1780 4997; x_wconf 86' lang='lat' dir='ltr'>cujusdam</span> 
     </span>
     <span class='ocr_line' id='line_1_55' title="bbox 142 5015 1782 5093; baseline -0.004 -17"><span class='ocrx_word' id='word_1_712' title='bbox 142 5038 196 5093; x_wconf 90' lang='lat' dir='ltr'>que</span> <span class='ocrx_word' id='word_1_713' title='bbox 208 5020 354 5074; x_wconf 89' lang='lat' dir='ltr'>iracundia</span> <span class='ocrx_word' id='word_1_714' title='bbox 364 5020 542 5092; x_wconf 90' lang='lat' dir='ltr'>implebatur,</span> <span class='ocrx_word' id='word_1_715' title='bbox 557 5025 641 5091; x_wconf 90' lang='lat' dir='ltr'>atque</span> <span class='ocrx_word' id='word_1_716' title='bbox 656 5036 688 5073; x_wconf 86' lang='lat' dir='ltr'>ex</span> <span class='ocrx_word' id='word_1_717' title='bbox 703 5024 823 5090; x_wconf 90' lang='lat' dir='ltr'>utroque</span> <span class='ocrx_word' id='word_1_718' title='bbox 838 5019 939 5072; x_wconf 82' lang='lat' dir='ltr'>allecta</span> <span class='ocrx_word' id='word_1_719' title='bbox 980 5018 1095 5073; x_wconf 85' lang='lat' dir='ltr'>seminis</span> <span class='ocrx_word' id='word_1_720' title='bbox 1110 5018 1209 5083; x_wconf 87' lang='lat' dir='ltr'>instar,</span> <span class='ocrx_word' id='word_1_721' title='bbox 1225 5018 1330 5087; x_wconf 88' lang='lat' dir='ltr'>pectori</span> <span class='ocrx_word' id='word_1_722' title='bbox 1347 5033 1408 5071; x_wconf 90' lang='lat' dir='ltr'>meo</span> <span class='ocrx_word' id='word_1_723' title='bbox 1424 5017 1509 5071; x_wconf 88' lang='lat' dir='ltr'>insita</span> <span class='ocrx_word' id='word_1_724' title='bbox 1523 5017 1562 5070; x_wconf 86' lang='lat' dir='ltr'>ita</span> <span class='ocrx_word' id='word_1_725' title='bbox 1576 5015 1743 5086; x_wconf 89' lang='lat' dir='ltr'>permansit,</span> <span class='ocrx_word' id='word_1_726' title='bbox 1749 5020 1782 5069; x_wconf 91' lang='lat' dir='ltr'>ut</span> 
     </span>
     <span class='ocr_line' id='line_1_56' title="bbox 142 5104 1782 5184; baseline -0.005 -17"><span class='ocrx_word' id='word_1_727' title='bbox 142 5117 298 5184; x_wconf 89' lang='lat' dir='ltr'>temperato</span> <span class='ocrx_word' id='word_1_728' title='bbox 313 5127 452 5177; x_wconf 90' lang='lat' dir='ltr'>sermone,</span> <span class='ocrx_word' id='word_1_729' title='bbox 468 5112 508 5165; x_wconf 82' lang='lat' dir='ltr'>ita</span> <span class='ocrx_word' id='word_1_730' title='bbox 528 5128 593 5165; x_wconf 92' lang='lat' dir='ltr'>eum</span> <span class='ocrx_word' id='word_1_731' title='bbox 608 5110 746 5165; x_wconf 91' lang='lat' dir='ltr'>allocutus</span> <span class='ocrx_word' id='word_1_732' title='bbox 761 5114 803 5164; x_wconf 87' lang='lat' dir='ltr'>est</span> <span class='ocrx_word' id='word_1_733' title='bbox 820 5130 826 5165; x_wconf 95' lang='lat'><strong>:</strong></span> <span class='ocrx_word' id='word_1_734' title='bbox 981 5123 1124 5178; x_wconf 89' lang='lat' dir='ltr'>nunquam</span> <span class='ocrx_word' id='word_1_735' title='bbox 1139 5124 1157 5159; x_wconf 92' lang='lat' dir='ltr'>a</span> <span class='ocrx_word' id='word_1_736' title='bbox 1171 5123 1216 5160; x_wconf 89' lang='lat' dir='ltr'>me</span> <span class='ocrx_word' id='word_1_737' title='bbox 1226 5106 1319 5160; x_wconf 79' lang='lat' dir='ltr'>divelli</span> <span class='ocrx_word' id='word_1_738' title='bbox 1331 5106 1455 5177; x_wconf 90' lang='lat' dir='ltr'>potuerit</span> <span class='ocrx_word' id='word_1_739' title='bbox 1470 5124 1476 5171; x_wconf 81' lang='lat'><em>3</em></span> <span class='ocrx_word' id='word_1_740' title='bbox 1493 5104 1564 5160; x_wconf 87' lang='lat' dir='ltr'>adeo</span> <span class='ocrx_word' id='word_1_741' title='bbox 1580 5110 1614 5158; x_wconf 91' lang='lat' dir='ltr'>ut</span> <span class='ocrx_word' id='word_1_742' title='bbox 1626 5112 1655 5159; x_wconf 88' lang='lat' dir='ltr'>et</span> <span class='ocrx_word' id='word_1_743' title='bbox 1673 5104 1782 5159; x_wconf 82' lang='lat' dir='ltr'>radices</span> 
     </span>
     <span class='ocr_line' id='line_1_57' title="bbox 178 5193 1784 5270; baseline -0.006 -14"><span class='ocrx_word' id='word_1_744' title='bbox 178 5201 201 5256; x_wconf 91' lang='grc' dir='ltr'>Ο</span> <span class='ocrx_word' id='word_1_745' title='bbox 216 5216 311 5255; x_wconf 78' lang='lat' dir='ltr'>vecors</span> <span class='ocrx_word' id='word_1_746' title='bbox 324 5206 353 5255; x_wconf 90' lang='lat' dir='ltr'>et</span> <span class='ocrx_word' id='word_1_747' title='bbox 362 5200 487 5263; x_wconf 90' lang='lat' dir='ltr'>demens,</span> <span class='ocrx_word' id='word_1_748' title='bbox 504 5200 570 5270; x_wconf 91' lang='lat' dir='ltr'>quid</span> <span class='ocrx_word' id='word_1_749' title='bbox 585 5206 613 5254; x_wconf 90' lang='lat' dir='ltr'>te</span> <span class='ocrx_word' id='word_1_750' title='bbox 627 5199 743 5254; x_wconf 90' lang='lat' dir='ltr'>adduxit</span> <span class='ocrx_word' id='word_1_751' title='bbox 756 5205 789 5253; x_wconf 90' lang='lat' dir='ltr'>ut</span> <span class='ocrx_word' id='word_1_752' title='bbox 802 5199 940 5253; x_wconf 89' lang='lat' dir='ltr'>honorem</span> <span class='ocrx_word' id='word_1_753' title='bbox 981 5196 1080 5267; x_wconf 88' lang='lat' dir='ltr'>egerit,</span> <span class='ocrx_word' id='word_1_754' title='bbox 1092 5201 1121 5250; x_wconf 91' lang='lat' dir='ltr'>et</span> <span class='ocrx_word' id='word_1_755' title='bbox 1133 5212 1249 5265; x_wconf 90' lang='lat' dir='ltr'>germen</span> <span class='ocrx_word' id='word_1_756' title='bbox 1268 5195 1398 5260; x_wconf 89' lang='lat' dir='ltr'>ediderit,</span> <span class='ocrx_word' id='word_1_757' title='bbox 1415 5212 1447 5248; x_wconf 90' lang='lat' dir='ltr'>ac</span> <span class='ocrx_word' id='word_1_758' title='bbox 1460 5201 1571 5248; x_wconf 89' lang='lat' dir='ltr'>maturo</span> <span class='ocrx_word' id='word_1_759' title='bbox 1587 5200 1716 5264; x_wconf 89' lang='lat' dir='ltr'>tempore</span> <span class='ocrx_word' id='word_1_760' title='bbox 1726 5193 1784 5248; x_wconf 84' lang='lat' dir='ltr'>sru-</span> 
     </span>
     <span class='ocr_line' id='line_1_58' title="bbox 144 5281 1780 5360; baseline -0.005 -15"><span class='ocrx_word' id='word_1_761' title='bbox 144 5308 209 5345; x_wconf 87' lang='lat' dir='ltr'>cum</span> <span class='ocrx_word' id='word_1_762' title='bbox 223 5289 388 5360; x_wconf 82' lang='lat' dir='ltr'>ignominia,</span> <span class='ocrx_word' id='word_1_763' title='bbox 405 5290 584 5343; x_wconf 89' lang='lat' dir='ltr'>etillustrem</span> <span class='ocrx_word' id='word_1_764' title='bbox 598 5290 717 5359; x_wconf 90' lang='lat' dir='ltr'>gloriam</span> <span class='ocrx_word' id='word_1_765' title='bbox 735 5305 798 5343; x_wconf 85' lang='lat' dir='ltr'>curn</span> <span class='ocrx_word' id='word_1_766' title='bbox 816 5288 894 5359; x_wconf 89' lang='lat' dir='ltr'>turpi</span> <span class='ocrx_word' id='word_1_767' title='bbox 907 5304 940 5341; x_wconf 92' lang='lat' dir='ltr'>ac</span> <span class='ocrx_word' id='word_1_768' title='bbox 981 5292 1058 5340; x_wconf 90' lang='lat' dir='ltr'>ctum</span> <span class='ocrx_word' id='word_1_769' title='bbox 1071 5285 1100 5338; x_wconf 93' lang='lat' dir='ltr'>in</span> <span class='ocrx_word' id='word_1_770' title='bbox 1114 5302 1159 5338; x_wconf 91' lang='lat' dir='ltr'>me</span> <span class='ocrx_word' id='word_1_771' title='bbox 1173 5284 1280 5338; x_wconf 89' lang='lat' dir='ltr'>tulerit.</span> <span class='ocrx_word' id='word_1_772' title='bbox 1293 5285 1384 5355; x_wconf 87' lang='lat' dir='ltr'>liujus</span> <span class='ocrx_word' id='word_1_773' title='bbox 1394 5290 1489 5337; x_wconf 87' lang='lat' dir='ltr'>autem</span> <span class='ocrx_word' id='word_1_774' title='bbox 1500 5282 1577 5337; x_wconf 76' lang='lat' dir='ltr'>verbi</span> <span class='ocrx_word' id='word_1_775' title='bbox 1593 5282 1652 5336; x_wconf 74' lang='lat' dir='ltr'>haec</span> <span class='ocrx_word' id='word_1_776' title='bbox 1661 5281 1780 5337; x_wconf 71' lang='lat' dir='ltr'>riserat:</span> 
     </span>
     <span class='ocr_line' id='line_1_59' title="bbox 144 5371 1784 5450; baseline -0.005 -16"><span class='ocrx_word' id='word_1_777' title='bbox 144 5379 289 5434; x_wconf 88' lang='lat' dir='ltr'>dedecoris</span> <span class='ocrx_word' id='word_1_778' title='bbox 302 5379 386 5450; x_wconf 77' lang='lat' dir='ltr'>pleno</span> <span class='ocrx_word' id='word_1_779' title='bbox 399 5377 496 5432; x_wconf 90' lang='lat' dir='ltr'>habitu</span> <span class='ocrx_word' id='word_1_780' title='bbox 507 5379 710 5432; x_wconf 85' lang='lat' dir='ltr'>commutares?</span> <span class='ocrx_word' id='word_1_781' title='bbox 724 5377 832 5433; x_wconf 84' lang='lat' dir='ltr'>Siccine</span> <span class='ocrx_word' id='word_1_782' title='bbox 843 5383 883 5441; x_wconf 91' lang='lat' dir='ltr'>tu,</span> <span class='ocrx_word' id='word_1_783' title='bbox 892 5376 940 5447; x_wconf 90' lang='lat' dir='ltr'>qui</span> <span class='ocrx_word' id='word_1_784' title='bbox 982 5375 1127 5440; x_wconf 77' lang='lat' dir='ltr'>Excordes</span> <span class='ocrx_word' id='word_1_785' title='bbox 1145 5373 1292 5444; x_wconf 91' lang='lat' dir='ltr'>inquiebat</span> <span class='ocrx_word' id='word_1_786' title='bbox 1303 5373 1360 5438; x_wconf 89' lang='lat' dir='ltr'>ille,</span> <span class='ocrx_word' id='word_1_787' title='bbox 1377 5389 1410 5425; x_wconf 91' lang='lat' dir='ltr'>ac</span> <span class='ocrx_word' id='word_1_788' title='bbox 1423 5371 1517 5426; x_wconf 89' lang='lat' dir='ltr'>stolidi</span> <span class='ocrx_word' id='word_1_789' title='bbox 1532 5371 1670 5435; x_wconf 88' lang='lat' dir='ltr'>homines,</span> <span class='ocrx_word' id='word_1_790' title='bbox 1687 5371 1784 5426; x_wconf 88' lang='lat' dir='ltr'>animo</span> 
     </span>
     <span class='ocr_line' id='line_1_60' title="bbox 144 5460 1784 5540; baseline -0.006 -15"><span class='ocrx_word' id='word_1_791' title='bbox 144 5486 231 5540; x_wconf 89' lang='lat' dir='ltr'>reguo</span> <span class='ocrx_word' id='word_1_792' title='bbox 246 5486 309 5523; x_wconf 88' lang='lat' dir='ltr'>mco</span> <span class='ocrx_word' id='word_1_793' title='bbox 319 5484 449 5539; x_wconf 72' lang='lat' dir='ltr'>praeeras,</span> <span class='ocrx_word' id='word_1_794' title='bbox 460 5473 546 5537; x_wconf 90' lang='lat' dir='ltr'>atque</span> <span class='ocrx_word' id='word_1_795' title='bbox 559 5467 588 5520; x_wconf 92' lang='lat' dir='ltr'>in</span> <span class='ocrx_word' id='word_1_796' title='bbox 597 5467 690 5539; x_wconf 88' lang='lat' dir='ltr'>copias</span> <span class='ocrx_word' id='word_1_797' title='bbox 701 5484 778 5520; x_wconf 87' lang='lat' dir='ltr'>meas</span> <span class='ocrx_word' id='word_1_798' title='bbox 792 5467 941 5537; x_wconf 90' lang='lat' dir='ltr'>imperium</span> <span class='ocrx_word' id='word_1_799' title='bbox 983 5465 1023 5519; x_wconf 92' lang='lat' dir='ltr'>ita</span> <span class='ocrx_word' id='word_1_800' title='bbox 1031 5463 1185 5534; x_wconf 89' lang='lat' dir='ltr'>comparati</span> <span class='ocrx_word' id='word_1_801' title='bbox 1194 5468 1270 5530; x_wconf 88' lang='lat' dir='ltr'>sunt,</span> <span class='ocrx_word' id='word_1_802' title='bbox 1282 5468 1314 5516; x_wconf 91' lang='lat' dir='ltr'>ut</span> <span class='ocrx_word' id='word_1_803' title='bbox 1324 5478 1357 5516; x_wconf 89' lang='lat' dir='ltr'>ea</span> <span class='ocrx_word' id='word_1_804' title='bbox 1365 5479 1427 5532; x_wconf 85' lang='lat' dir='ltr'>quoe</span> <span class='ocrx_word' id='word_1_805' title='bbox 1435 5467 1511 5526; x_wconf 90' lang='lat' dir='ltr'>sunt,</span> <span class='ocrx_word' id='word_1_806' title='bbox 1520 5460 1679 5531; x_wconf 86' lang='lat' dir='ltr'>pcrindeac</span> <span class='ocrx_word' id='word_1_807' title='bbox 1690 5461 1714 5515; x_wconf 89' lang='lat' dir='ltr'>si</span> <span class='ocrx_word' id='word_1_808' title='bbox 1726 5476 1784 5515; x_wconf 90' lang='lat' dir='ltr'>non</span> 
     </span>
     <span class='ocr_line' id='line_1_61' title="bbox 147 5549 1782 5629; baseline -0.006 -14"><span class='ocrx_word' id='word_1_809' title='bbox 147 5560 268 5615; x_wconf 89' lang='lat' dir='ltr'>militare</span> <span class='ocrx_word' id='word_1_810' title='bbox 281 5558 436 5622; x_wconf 85' lang='lat' dir='ltr'>obtinebas,</span> <span class='ocrx_word' id='word_1_811' title='bbox 445 5558 727 5629; x_wconf 88' lang='lat' dir='ltr'>teipsumpuororum</span> <span class='ocrx_word' id='word_1_812' title='bbox 741 5556 896 5612; x_wconf 87' lang='lat' dir='ltr'>ludibrium</span> <span class='ocrx_word' id='word_1_813' title='bbox 905 5555 943 5610; x_wconf 79' lang='lat' dir='ltr'>ei·</span> <span class='ocrx_word' id='word_1_814' title='bbox 983 5553 1051 5621; x_wconf 86' lang='lat' dir='ltr'>siat,</span> <span class='ocrx_word' id='word_1_815' title='bbox 1062 5559 1262 5623; x_wconf 64' lang='lat' dir='ltr'>aspernantem</span> <span class='ocrx_word' id='word_1_816' title='bbox 1278 5554 1415 5606; x_wconf 89' lang='lat' dir='ltr'>eaautem</span> <span class='ocrx_word' id='word_1_817' title='bbox 1431 5567 1492 5620; x_wconf 74' lang='lat' dir='ltr'>quai</span> <span class='ocrx_word' id='word_1_818' title='bbox 1502 5566 1558 5605; x_wconf 89' lang='lat' dir='ltr'>non</span> <span class='ocrx_word' id='word_1_819' title='bbox 1570 5554 1646 5613; x_wconf 83' lang='lat' dir='ltr'>sunt,</span> <span class='ocrx_word' id='word_1_820' title='bbox 1662 5549 1782 5621; x_wconf 85' lang='lat' dir='ltr'>perinde</span> 
     </span>
    </p>
   </div>
   <div class='ocr_carea' id='block_1_3' title="bbox 0 0 1931 6116">
    <p class='ocr_par' dir='ltr' id='par_1_3' title="bbox 0 0 1931 6116">
     <span class='ocr_line' id='line_1_62' title="bbox 0 0 1931 6116; baseline 0 0"><span class='ocrx_word' id='word_1_821' title='bbox 0 0 1931 6116; x_wconf 95' lang='lat' dir='ltr'> </span> 
     </span>
    </p>
   </div>
  </div>
 </body>
</html>
