3818 6120
129 241 184 300 roa
358 203 361 207 ’
638 241 686 299 ua
702 241 797 297 vrrrs
816 239 964 301 ananau
982 237 1090 297 arasa
1107 237 1252 295 ruinas.
1710 228 1762 288 ror

129 366 220 424 nobie.
238 370 273 424 ht
286 384 349 423 cum
361 368 422 437 iem
433 366 505 420 hcm
513 364 833 436 septimasactasuissot,
839 364 1032 435 jussitAxline
1046 362 1122 416 verbi
1135 361 1231 427 divini,
1244 359 1317 417 etde
1326 359 1374 413 illo
1388 373 1461 429 pane
1470 357 1519 428 qui
1528 357 1563 412 de
1572 353 1763 411 candacae·

130 476 178 514 eos
190 458 376 513 Latronianus
390 456 425 509 de
439 455 535 509 eculeo
550 454 661 525 deponi,
678 460 706 508 et
720 455 747 509 in
768 454 924 508 custodiam
965 452 1015 517 dit,
1033 451 1158 522 quotidie
1171 448 1377 513 reficiebantur,
1392 453 1477 518 atque
1491 445 1684 500 indesinenter
1691 444 1761 515 psal·

129 548 248 603 carceris
260 545 385 616 perduci.
964 539 1068 606 lebant,
1084 539 1222 593 dicentes:
1237 538 1312 593 Deus
1325 534 1600 600 misereaturnostri,
1616 531 1761 595 etheredi·

166 634 439 691 Craltlld-Unus
449 638 543 688 autern
550 649 581 689 ex
588 633 802 704 quaestionariis,
810 633 924 687 nentina
964 633 1010 682 cat
1022 628 1117 694 nobis;
1134 628 1276 682 illuminet
1285 627 1393 681 vultum
1406 641 1489 681 suurn
1503 639 1588 695 super
1601 639 1663 688 nos,
1675 620 1761 677 etmi-

129 722 307 794 VigilantiuS,
318 722 435 776 audiens
445 723 518 776 hunc
529 722 695 777 versiculum
703 726 925 793 sanctosmarty-
965 723 1092 772 screatus
1102 716 1190 771 nostri
1200 722 1245 784 ;ut
1256 731 1456 786 cognoscamus
1465 714 1495 769 in
1505 718 1583 769 terra
1591 712 1759 775 riamtuam,

129 829 175 867 rea
189 812 218 867 in
231 811 381 865 tormentis
391 811 505 880 positos,
517 811 678 880 frequenter
689 817 717 863 et
727 809 828 880 saepius
841 809 924 863 itera·
965 807 995 861 in
1008 805 1139 861 omnibus
1155 805 1287 876 gentihus
1299 805 1523 859 salutaretuum.

129 917 168 967 re,
187 899 280 964 idest,
296 899 449 954 Christiani
462 910 569 962 sumus,
583 904 728 969 otyrannc
743 898 921 965 Latroniano,
1001 895 1145 953 cmxvi.
1155 889 1762 964 -lgiturcuminurbehlmirideasiumsau-

128 991 179 1043 siat
191 988 319 1043 voluntas
329 988 474 1044 Deincstri
485 988 513 1044 in
523 987 613 1051 nobis,
625 987 866 1059 existimansquod
875 987 924 1041 ali·
965 984 1003 1039 cti
1019 992 1156 1055 martyres
1171 984 1229 1038 heac
1242 987 1384 1038 tormenta
1394 999 1444 1053 pro
1452 980 1558 1037 Christi
1567 978 1682 1034 nomine
1696 977 1763 1031 tols·

129 1094 213 1148 quam
223 1078 378 1147 magnilica
390 1077 615 1148 praecantationis
631 1076 657 1130 in
668 1093 700 1130 se
712 1075 830 1131 haberet
839 1076 925 1130 rirtu·
965 1079 1071 1138 rarent,
1088 1073 1201 1143 quidam
1212 1072 1375 1144 peregrinus
1390 1071 1510 1142 quodam
1526 1069 1571 1123 die
1583 1068 1682 1122 ridens
1697 1066 1764 1121 bea·

128 1173 195 1234 tera,
214 1167 281 1238 quia
293 1165 423 1221 dicebant
436 1166 513 1220 nullo
528 1166 612 1219 modo
627 1181 708 1236 posse
724 1165 925 1220 meditantibus
964 1163 1106 1217 tissimum
1119 1162 1263 1216 Astiorrem
1274 1168 1340 1215 aute
1354 1159 1477 1215 tribunal
1489 1158 1593 1230 judicis
1607 1156 1762 1211 consisten-

129 1272 194 1310 eum
208 1256 333 1309 dolorem
349 1255 464 1320 sentire,
470 1255 636 1324 empithune
649 1254 741 1324 ipsum
756 1254 923 1308 versiculum
964 1259 1032 1317 tem,
1045 1258 1251 1321 etcognoscens
1262 1250 1325 1321 quis
1335 1250 1469 1319 cujusque
1477 1248 1589 1319 generis
1599 1245 1763 1310 haberetur,

128 1343 286 1399 incessabili
301 1343 483 1398 meditatione
498 1342 924 1405 rnrnina1·e,inlradomumetin
964 1341 1130 1395 festinanter
1143 1339 1277 1409 navigans
1288 1340 1316 1393 in
1329 1337 1455 1409 partibus
1471 1336 1595 1392 Orientis
1608 1333 1762 1397 descendit,

129 1431 239 1504 plateis
255 1432 396 1487 dormiens
406 1438 489 1502 atque
504 1448 665 1501 exsurgens,
680 1431 746 1487 etin
761 1431 837 1485 omni
850 1436 924 1486 tern-
966 1435 994 1483 et
1007 1429 1120 1483 veniens
1135 1429 1163 1482 in
1176 1423 1765 1489 civitatemundeeratoriundus,nuntiuxit

130 1537 199 1592 pere
212 1521 370 1574 decantare.
386 1521 514 1590 Cumque
530 1537 580 1590 per
597 1520 723 1574 triduum
741 1520 848 1590 Jugitcr
869 1534 925 1574 non
966 1519 1040 1588 patri
1054 1519 1151 1588 ejusct
1165 1517 1249 1571 matri
1262 1517 1458 1571 haecuniversa
1472 1532 1532 1587 quae
1542 1514 1583 1567 illi
1593 1513 1763 1579 acciderant,

131 1609 583 1680 quiesceretdecantendo,quarta
593 1609 706 1662 dentum
716 1609 761 1662 die
771 1609 925 1679 empitrcce
966 1607 1061 1661 dicens
1080 1622 1143 1661 eum
1159 1623 1223 1660 cum
1239 1623 1305 1660 sene
1320 1605 1440 1675 quodam
1453 1603 1622 1669 Christiano,
1639 1602 1765 1673 Epicteto

129 1698 241 1768 publica
250 1697 433 1768 proclamare,
451 1697 559 1751 dicens:
571 1699 627 1767 Ego
643 1698 897 1761 Christianussunr,
909 1681 957 1751 οΒ
967 1696 1089 1758 nornine,
1105 1695 1134 1749 in
1141 1695 1277 1766 martyrio
1291 1694 1453 1748 consistere.
1465 1691 1601 1748 Similiter
1610 1706 1718 1745 nornen
1725 1689 1765 1743 ci·
1828 1750 1831 1755 ,

46 1816 50 1823 ·
128 1790 250 1858 tyranne
258 1786 437 1849 Latroniane,
445 1787 495 1840 siat
505 1787 632 1841 voluntas
642 1787 693 1840 liei
703 1787 826 1841 riostriin
835 1785 924 1840 nobis.
967 1785 1061 1839 vitatis
1075 1784 1104 1838 in
1123 1800 1180 1854 qua
1194 1788 1296 1848 essent,
1313 1781 1527 1853 diligentissime
1542 1797 1589 1833 cos
1599 1779 1766 1834 edocuitdt

129 1876 165 1930 ht
180 1874 344 1945 perveniens
359 1874 395 1929 ad
405 1874 582 1929 beatissimos
595 1881 734 1946 martyres
752 1875 780 1928 in
800 1875 928 1930 custodia
967 1872 1007 1926 illi
1024 1873 1082 1927 haec
1095 1873 1251 1935 audientes,
1266 1889 1330 1925 mox
1341 1872 1376 1925 ad
1386 1887 1478 1941 genua
1492 1869 1546 1925 sibi
1553 1870 1607 1924 ista
1617 1867 1767 1923 referentis

130 1963 258 2027 carceris,
273 1962 925 2034 signacnlrtmritreahe'spromeruitpercipcre;
968 1963 1168 2029 advolvuntur,
1185 1971 1213 2016 ct
1225 1961 1334 2015 tortitcr
1343 1963 1678 2030 cumrogarecoeperuat,
1691 1960 1724 2011 ut
1734 1972 1767 2011 ea

131 2057 160 2105 et
169 2068 232 2105 cum
241 2051 317 2105 omni
326 2051 410 2105 domo
422 2052 631 2106 suacrcdeusin
643 2053 731 2106 Deum
742 2053 925 2118 Salvatorenr,
968 2068 1029 2122 quic
1043 2067 1108 2105 rcra
1117 2057 1211 2105 essent
1225 2051 1265 2105 cis
1278 2051 1392 2105 diceret.
1405 2050 1443 2103 At
1450 2049 1497 2103 ille
1508 2046 1767 2119 jureJurandorera

131 2140 278 2194 lectorum
292 2144 389 2194 sancta
404 2157 521 2210 corpora
533 2140 594 2211 ipse
607 2141 784 2211 postmodum
801 2158 864 2195 curn
880 2142 927 2194 ho-
968 2141 1026 2195 hecc
1041 2156 1102 2194 esse
1117 2139 1286 2193 athrurabat.
1300 2140 1379 2193 Tunc
1390 2137 1574 2210 coepitdicere
1588 2142 1670 2208 pater
1685 2137 1764 2206 ejus:

131 2244 201 2283 nore
214 2228 336 2282 maximo
350 2228 486 2299 sepelivit.
968 2229 997 2283 Si
1014 2245 1065 2298 ego
1080 2229 1174 2282 infelix
1188 2228 1306 2281 meritus
1320 2230 1398 2282 tuero
1413 2232 1445 2281 ut
1460 2226 1568 2280 rideam
1588 2223 1689 2279 faciem
1715 2223 1767 2281 atii

167 2318 234 2372 Car,
250 2317 308 2371 XV.
322 2347 354 2357 -
363 2317 523 2388 Igiturpost
531 2317 658 2388 quintam
671 2318 877 2383 demumdiem,
886 2335 928 2371 se-
968 2318 1033 2381 mci,
1050 2318 1185 2388 quidquid
1197 2317 1263 2371 illud
1276 2323 1316 2371 est
1329 2317 1404 2386 quod
1418 2316 1488 2369 mihi
1499 2314 1711 2369 mandaveritet
1720 2313 1769 2367 do-

131 2406 201 2460 dens
214 2405 317 2460 iterum
334 2405 521 2459 Latmnianus
535 2406 591 2460 dux
606 2422 657 2476 pro
672 2405 816 2470 tribunali,
843 2405 929 2475 jussit
968 2407 1066 2472 cuerit,
1078 2407 1129 2461 hoc
1142 2406 1203 2461 sinc
1215 2407 1308 2477 aliqua
1319 2422 1398 2461 mora
1407 2406 1531 2459 tacturus
1545 2420 1618 2458 sum.
1631 2402 1768 2458 Similiter

131 2499 258 2549 sanetum
271 2493 426 2563 Epictetum
442 2493 692 2571 presbyterumet
706 2493 850 2548 dationem
866 2510 926 2549 rao·
968 2512 1033 2549 roro
1045 2501 1071 2549 et
1087 2494 1311 2549 materdicebat:
1325 2496 1382 2565 Ege
1394 2494 1562 2549 miserabilis
1575 2498 1606 2547 et
1617 2493 1768 2547 humiliata

132 2581 628 2652 nachumiaconspectusucperduci.
638 2583 928 2652 Cariaqueuministris
969 2584 1132 2655 peremnia,
1143 2584 1167 2637 si
1179 2584 1257 2638 illum
1264 2584 1354 2639 adhuc
1360 2584 1390 2637 in
1398 2584 1450 2637 hcc
1460 2580 1768 2653 corperemeritatuero

132 2669 291 2725 damonum
306 2669 483 2735 ducerentur,
500 2670 664 2740 psallebant,
681 2671 823 2725 dicentes:
845 2673 877 2726 ln
901 2677 929 2726 te
969 2673 1084 2737 intueri,
1096 2679 1152 2739 a}
1161 2679 1190 2736 tet
1205 2678 1233 2727 ct
1246 2673 1359 2742 domum
1372 2672 1588 2741 universamque
1596 2687 1692 2725 meam
1706 2669 1769 2725 sub

134 2758 262 2813 inimicos
269 2762 379 2812 nostroe
388 2759 594 2824 ventilabimus,
603 2760 730 2826 Domine,
743 2767 772 2814 et
782 2760 929 2814 innomine
970 2761 1104 2815 stantiam
1120 2761 1324 2831 derelinqaam,
1336 2766 1364 2815 ot
1374 2760 1414 2815 illi
1424 2760 1476 2814 soli
1488 2757 1770 2830 adhaerebceoquod

134 2854 185 2902 tuo
197 2863 363 2918 spernemus
378 2848 556 2917 insurgentes
569 2848 597 2903 in
618 2848 707 2903 nobis.
720 2850 781 2903 Non
800 2849 875 2903 enirn
899 2848 930 2904 in
970 2866 1055 2920 super
1069 2850 1128 2905 nac
1142 2851 1237 2904 omnia
1246 2850 1306 2920 ipsc
1321 2849 1398 2904 solus
1412 2848 1481 2902 mihi
1495 2848 1607 2903 charior
1619 2852 1648 2902 et
1661 2847 1770 2905 ‹lalcior

134 2952 201 2991 areu
215 2941 311 2991 nostro
325 2952 481 3007 speramus,
498 2943 525 2991 et
537 2937 647 3008 gladius
664 2938 804 2992 humanus
822 2954 929 3008 nequa·
971 2939 1116 2993 habeatur.
1135 2939 1215 3003 Quod
1228 2944 1256 2992 ct
1270 2938 1293 2992 si
1304 2954 1349 2992 me
1369 2937 1548 3009 imperaverit
1562 2936 1768 2991 saeriClrristia·

136 3040 220 3096 quam
234 3026 342 3080 salvare
352 3042 403 3079 nos
416 3026 536 3096 poterit;
552 3026 600 3082 scd
610 3027 723 3081 dextera
737 3034 796 3091 tua,
812 3032 841 3081 et
865 3026 929 3081 bra·
970 3044 1046 3091 nam,
1065 3044 1115 3082 nec
1126 3028 1177 3081 hcc
1187 3026 1321 3081 recusabo
1336 3026 1437 3092 lacere,
1453 3032 1481 3080 ct
1495 3041 1558 3080 etim
1572 3025 1633 3096 ipso
1644 3031 1770 3098 postmo-

134 3113 227 3168 chium
239 3117 329 3173 tuum.
346 3120 375 3167 et
393 3114 561 3169 illuminatio
571 3115 664 3169 vultus
678 3115 730 3181 tui,
752 3116 883 3186 quoniam
898 3122 929 3171 tu
971 3117 1048 3181 dum,
1064 3117 1088 3171 si
1098 3117 1226 3184 voluerit,
1243 3122 1342 3186 parata
1351 3131 1413 3171 sum
1423 3120 1566 3169 tormenta
1578 3115 1731 3181 sustinere,
1742 3120 1771 3167 et

135 3201 328 3272 complacuisti
337 3202 367 3257 in
378 3202 458 3257 nobis
469 3205 551 3270 (Paul.
560 3204 787 3275 xt111).Cumque
797 3205 931 3261 antesub
971 3211 1090 3261 mortem
1104 3212 1249 3276 gratanter
1263 3205 1397 3276 accipere.
1406 3205 1441 3259 Et
1451 3204 1647 3270 hacdicentes,
1660 3203 1770 3259 unirer

136 3291 246 3347 sellium
260 3291 448 3363 profanissimi
463 3291 541 3346 ducis
553 3293 658 3347 Christi
671 3299 809 3365 martyres
824 3295 930 3350 astitis·
972 3312 1032 3349 sarn
1045 3294 1217 3351 subtantiam
1232 3311 1312 3349 suam
1326 3310 1358 3348 ac
1377 3293 1488 3347 divitias
1507 3292 1559 3349 sub
1580 3292 1724 3348 actoribus
1742 3298 1771 3349 et

136 3385 209 3447 sent,
219 3380 300 3435 aitad
312 3397 359 3435 cos
369 3380 557 3437 latronianus
571 3382 640 3437 dux:
655 3382 839 3452 bequiescitis
850 3383 928 3450 mihi,
973 3382 1200 3455 procuratoribus
1212 3383 1395 3453 reliquerunt.
1414 3382 1449 3437 Et
1468 3382 1572 3452 egressi
1591 3397 1657 3436 cum
1681 3380 1770 3437 tribus

136 3473 164 3522 et
173 3468 336 3523 sacrificatis
346 3469 408 3533 diis,
421 3485 457 3523 an
472 3471 563 3526 adhuc
572 3470 602 3524 in
612 3471 822 3525 restrainsania
831 3472 932 3542 perdu·
974 3473 1067 3543 pueris
1077 3473 1112 3526 de
1126 3473 1209 3527 domo
1224 3489 1284 3538 sua,
1296 3471 1525 3543 narimprotiuus
1535 3471 1768 3537 conscenderunt,

137 3557 227 3611 natis?
242 3558 360 3612 Sanetus
374 3559 515 3628 Epictetus
530 3560 690 3629 respondit:
708 3560 817 3631 Saepius
829 3561 930 3615 nosin-
973 3562 1142 3631 etnarigare
1152 3568 1305 3632 coeperunt,
1315 3561 1380 3616 utin
1393 3560 1562 3631 Scytharum
1572 3564 1771 3631 terramatgue

139 3646 284 3716 arrogasti.
311 3652 479 3717 frequenter
492 3648 572 3701 nobis
594 3647 736 3702 blanditus
764 3666 803 3713 es,
827 3651 932 3705 multo-
974 3651 1003 3706 iu
1016 3651 1246 3708 almiridensium
1260 3651 1400 3706 civitatem
1416 3650 1587 3704 devenirent.
1605 3650 1695 3720 Cujus
1709 3666 1771 3722 pm

134 3733 328 3803 tiesquedona
338 3735 460 3806 plurima
470 3740 499 3791 et
509 3736 628 3791 honores
638 3737 718 3791 nobis
727 3738 863 3793 maximos
871 3755 933 3809 pro-
973 3740 1068 3795 vinciae
1083 3746 1149 3795 tunc
1162 3739 1285 3811 pontifex
1298 3745 1327 3794 et
1345 3739 1510 3810 prepositus
1532 3745 1695 3794 sanctarum
1721 3738 1771 3793 Dei

136 3821 237 3876 misisti
252 3827 280 3876 ct
295 3830 390 3877 tarucn
404 3824 516 3893 penitus
531 3825 602 3879 nihil
616 3825 692 3880 aliud
706 3842 723 3881 a
736 3826 819 3883 nobie
834 3827 932 3883 audire
973 3828 1351 3895 eeclesiarum,beatissimus
1362 3827 1543 3898 Evangelicus
1554 3827 1589 3893 ¹91
1600 3826 1769 3882 habebatur.

136 3910 262 3979 potuisti,
274 3911 401 3980 nisiquia
413 3912 564 3967 Christiani
573 3931 679 3976 sumus,
692 3921 871 3971 etcccenunc
880 3917 932 3971 hoc
1009 3918 1074 3971 Cir.
1087 3918 1172 3973 XVII.
1181 3918 1311 3987 -lgitur
1324 3917 1434 3987 expleto
1447 3932 1565 3970 numero
1579 3915 1699 3985 triginta
1710 3914 1770 3969 die·

136 3998 229 4070 ipsum
244 3999 346 4055 iterare
356 4017 411 4055 non
427 4002 605 4072 quiescimus.
615 4003 684 4058 Cum
699 4010 793 4059 autem
809 4005 933 4062 audisset
973 4023 1047 4071 rum,
1063 4006 1148 4076 jussit
1161 4012 1298 4077 tyrannus
1313 4011 1344 4061 ut
1366 4005 1454 4059 sancti
1475 4010 1616 4076 martyres
1630 4020 1728 4059 eoram
1742 4020 1771 4059 se

136 4087 323 4143 Latronianus
338 4090 395 4144 laec
402 4090 497 4145 omnia
504 4090 597 4155 rerba,
610 4092 686 4146 dedit
695 4093 931 4163 mugitumutleo;
976 4096 1181 4149 exhiberentur.
1197 4095 1251 4159 Qui
1265 4111 1328 4149 curn
1340 4094 1422 4148 hilari
1437 4095 1531 4148 animo
1546 4099 1575 4147 et
1585 4093 1664 4147 vultu
1677 4093 1771 4164 splen·

137 4183 167 4232 et
181 4177 339 4233 exclamans
353 4195 417 4232 voce
431 4195 542 4249 inagna,
559 4181 654 4235 taliter
663 4181 697 4235 ad
707 4199 773 4235 suos
783 4183 886 4237 milites
895 4183 935 4238 lo·
976 4183 1041 4237 dido
1056 4199 1148 4237 coram
1163 4183 1211 4237 ille
1221 4182 1421 4249 constit-issent,
1438 4181 1478 4236 sic
1488 4182 1523 4235 ad
1534 4181 1774 4239 eosLatronianus

137 4272 219 4323 cutus
233 4271 284 4334 est,
300 4268 396 4323 dicens
410 4286 415 4322 :
429 4268 576 4333 velociter,
588 4287 604 4323 c
615 4270 736 4324 ministri
751 4271 835 4341 hujus
845 4271 936 4341 splen·
976 4272 1030 4327 dux
1045 4273 1155 4325 locutus
1170 4278 1221 4337 est,
1239 4271 1354 4327 diceus:
1372 4271 1479 4342 Saepius
1493 4287 1541 4323 ros
1562 4270 1598 4325 de
1625 4270 1772 4325 nominum

140 4355 278 4411 didissimi
287 4357 426 4421 culminis,
435 4358 475 4412 sal
482 4363 511 4411 et
530 4359 814 4424 acetumhucatlcrtc,
824 4361 1131 4454 etprio-Drcstrcrum
1143 4359 1274 4413 vocabulo
1284 4359 1512 4429 interrogari,i·el
1521 4358 1773 4428 genere,seuuade

139 4445 217 4501 ribus
226 4462 323 4500 mrurn
335 4446 551 4501 lacerationibus
568 4448 728 4506 contiicate,
740 4449 880 4519 simulque
895 4449 935 4520 pi·
976 4448 1043 4502 estis
1058 4448 1178 4511 oriundi,
1194 4455 1223 4502 ct
1237 4464 1382 4518 nunquam
1396 4447 1465 4502 mihi
1484 4447 1631 4501 raritatem
1654 4446 1772 4503 dixistis.

139 4534 522 4605 cemetadipemincacabum
530 4537 757 4601 consummitate,
769 4542 866 4591 etcum
882 4554 935 4591 cra-
975 4538 1055 4591 Nunc
1071 4536 1175 4607 itaque,
1189 4535 1517 4606 eurnnccpatriamncvi‚
1534 4550 1774 4607 neegenusagno

138 4622 934 4692 peritiortiterebullire,eosineumdemrnittite.Etsancti
976 4642 1033 4685 sco,
1048 4626 1096 4680 sed
1106 4642 1157 4679 nec
1171 4625 1285 4679 nomina
1298 4631 1391 4679 vestm
1406 4624 1484 4696 potui
1498 4624 1652 4691 addiscere,
1666 4624 1720 4678 hoc
1731 4638 1775 4678 co·

138 4710 197 4764 haec
206 4710 497 4767 audientesdicebant.
506 4711 770 4779 Christianisumus,
779 4730 795 4767 c
803 4720 931 4784 tyranne,
974 4714 1139 4784 gitariapud
1153 4715 1360 4785 memetipsum,
1372 4714 1467 4768 dicens
1475 4731 1480 4766 :
1489 4714 1528 4769 Eo
1539 4712 1774 4784 qucduihilaliud

140 4797 189 4851 fiat
202 4799 329 4853 voluntas
339 4801 389 4854 Ilei
404 4800 434 4855 in
446 4800 536 4855 nobis.
546 4801 673 4872 Curaque
683 4801 734 4855 hcc
743 4804 876 4857 tormenti
884 4820 933 4873 ge·
975 4820 1022 4856 ros
1039 4820 1100 4857 esse
1113 4803 1256 4870 videmini,
1272 4803 1326 4857 nisi
1341 4802 1467 4873 corporei
1480 4803 1630 4868 daemones,
1646 4802 1694 4873 qui
1714 4802 1775 4861 siue

139 4901 193 4939 nus
198 4902 248 4955 pro
259 4888 362 4942 Christi
369 4890 483 4945 nomina
495 4890 712 4960 magnanimiter
722 4891 897 4957 tolerassent,
906 4898 934 4946 et
975 4892 1136 4946 norninerel
1145 4908 1249 4962 genere
1259 4908 1320 4945 esse
1330 4896 1484 4947 nuscuntur
1492 4909 1499 4960 3
1508 4895 1537 4947 et
1545 4891 1607 4945 ideo
1618 4892 1774 4947 secundm-r

139 4973 169 5028 iu
183 4975 381 5044 nullopenitus
393 4978 451 5033 tasi
471 4978 600 5041 fuissent.
626 4979 747 5050 imperat
765 4980 933 5035 siccissimas
975 4981 1049 5051 quod
1063 4981 1141 5049 digni
1157 4981 1232 5046 estis,
1249 4981 1301 5035 hoc
1320 4998 1367 5034 res
1388 4979 1521 5035 vocabulo
1541 4979 1724 5051 nuncupabo.
1741 4980 1776 5043 Et

138 5065 276 5132 tyrannus
288 5068 320 5116 ut
333 5063 398 5119 inde
411 5082 458 5121 eoa
471 5068 614 5137 ejicerent,
627 5073 656 5123 et
669 5068 697 5123 in
709 5069 864 5123 custodiam
874 5086 934 5127 car·
975 5070 1077 5139 adjecit
1092 5069 1184 5123 dicere
1203 5069 1237 5123 ad
1257 5086 1321 5123 eos:
1341 5069 1430 5124 Dicite
1444 5069 1513 5125 mihi
1528 5085 1586 5136 ros,
1608 5085 1626 5123 o
1647 5072 1775 5142 corpore-'r

138 5151 209 5205 ceris
222 5150 314 5207 denuc
329 5155 531 5222 perducerent:
546 5158 589 5213 Ne
604 5157 684 5223 forte,
702 5158 803 5229 inquit,
820 5165 849 5212 et
871 5175 935 5213 ccu—
975 5159 1124 5223 daemones,
1142 5158 1227 5215 sinon
1241 5156 1616 5211 sacrificatisimmortalibus
1626 5157 1691 5223 diis,
1703 5158 1775 5213 facio

138 5239 243 5295 stantia
256 5256 353 5294 eorum
368 5243 448 5297 nobis
461 5244 645 5312 ignominiam
659 5252 688 5302 et
701 5247 869 5303 Christianis
883 5265 933 5302 au·
975 5247 1095 5301 hcdieut
1103 5247 1196 5318 capita
1206 5254 1297 5301 vestra
1303 5246 1511 5301 abscindantur.
1519 5245 1624 5301 Christi
1634 5254 1775 5319 martyres

138 5327 246 5382 daemm
259 5344 395 5398 generare
407 5331 544 5388 rideatur.
560 5334 643 5389 Etsic
654 5335 739 5404 jussit
753 5342 786 5389 ut
807 5352 857 5406 per
878 5351 932 5391 xxx
974 5335 1117 5389 dixerunt:
1127 5336 1185 5389 Nos
1196 5334 1348 5389 Christiani
1360 5335 1536 5399 sumus,etin
1546 5335 1662 5389 nomine
1668 5335 1775 5397 Christi

79 5422 82 5429 '
137 5416 197 5471 dies
212 5417 307 5473 nullus
321 5419 356 5473 ad
369 5435 417 5472 eos
432 5419 569 5485 introiret,
585 5439 676 5493 neque
691 5424 726 5476 ab
740 5425 833 5494 aliquo
854 5425 933 5479 cibus
973 5425 1123 5487 dromones,
1141 5440 1210 5494 quos
1223 5440 1271 5477 ros
1286 5427 1318 5477 ut
1331 5424 1397 5476 deos
1412 5420 1536 5478 adoratis
1556 5430 1584 5477 et
1598 5424 1701 5490 colitis,
1723 5441 1774 5481 uos

136 5509 276 5577 potusque
289 5505 454 5564 deterretur.
466 5508 521 5563 Sed
535 5509 646 5564 atalae
660 5511 933 5583 Christideplenita·
974 5514 1008 5567 de
1022 5513 1143 5567 obsessis
1164 5511 1327 5583 corporibus
1351 5513 1518 5582 allegamus.
1542 5513 1660 5571 Utinam
1688 5514 1720 5569 in
1745 5520 1775 5569 te
