3818 6120
129 327 179 383 an
513 329 702 386 erassem
721 331 768 387 ex
787 331 928 389 ssvsao
947 324 1112 387 sunercro
1132 324 1176 380 nr
1195 323 1382 382 casiano.
1454 296 1457 301 ’
1714 329 1766 387 aa

128 449 227 523 pertici
241 450 284 504 vel
298 453 374 504 stare
389 451 579 509 mmmcmlii
600 456 658 512 haec
673 457 783 514 dicente
794 455 1076 526 Antonio‚Aiactum
1086 469 1147 509 esse
1161 452 1265 520 dicens,
1276 456 1308 508 ut
1317 451 1413 524 illiqui
1424 468 1536 527 semper
1548 452 1695 512 hominum
1704 472 1766 513 mn·

128 541 324 595 universorum
339 541 480 596 sententia
492 542 641 599 definitum
657 552 709 614 est,
727 548 929 603 discretionem
969 545 1055 617 guine
1063 542 1229 615 gauderent,
1236 541 1556 600 nuncdeficientibuseis
1566 544 1630 602 vilae
1639 544 1768 603 substau-

128 646 192 685 esse
207 646 269 700 quae
284 630 337 684 tino
351 630 441 700 gradu
453 631 625 703 intrepidum
644 637 811 692 monachum
827 638 929 709 perdu·
972 635 1041 689 tiam
1055 632 1236 704 largirentur.
1252 631 1332 685 Alius
1346 647 1411 687 vero
1431 649 1564 688 recusans
1578 633 1681 704 cibum,
1691 635 1769 692 velut

129 718 223 774 estad
235 719 334 785 Deum,
347 726 375 773 et
384 721 531 790 predictas
541 723 659 779 virtutes
668 727 777 796 jugiter
787 732 932 783 conservet
971 723 1006 778 ab
1020 722 1134 777 homme
1146 719 1201 775 sibi
1213 719 1349 788 oblatum,
1359 720 1458 776 inediae
1472 721 1568 778 labore
1575 729 1768 797 consumptus,

128 808 242 864 illaesas.
255 808 389 863 Omnium
400 812 663 881 namquevirtutum
673 815 930 886 genitriretcustos
972 818 1099 868 mortuus
1114 815 1172 865 est:
1190 825 1310 882 quorum
1326 810 1433 866 scilicet
1445 812 1574 883 quamvis
1587 812 1668 869 initis
1678 830 1711 868 ex
1725 830 1769 869 re·

129 903 216 968 atque
232 897 401 953 moderatrix
416 899 546 954 discretio
556 908 607 957 est.
972 899 1154 974 prehensibili
1169 899 1350 971 persuasione
1364 900 1569 970 descenderint,
1586 918 1659 958 unus
1672 909 1770 958 tanim

418 989 536 1045 CAPUT
546 992 644 1048 XLIII.
973 990 1154 1046 subveniente
1162 988 1340 1056 discretione,
1352 988 1379 1043 id
1388 989 1462 1060 quod
1470 989 1583 1046 incaute
1590 997 1767 1064 conceperat,

406 1078 441 1131 De
459 1079 565 1132 Herone
583 1097 654 1134 sene.
972 1080 1135 1134 emendasse
1147 1077 1340 1148 cognoscitur:
1352 1077 1425 1132 alius
1433 1083 1528 1133 autem
1539 1080 1626 1135 stulta
1634 1097 1770 1153 praesum·

167 1163 204 1218 Et
217 1170 249 1218 ut
262 1164 320 1220 haec
334 1167 469 1237 exemplis
482 1167 649 1223 cerdonibus
662 1170 849 1242 approbemus
861 1170 931 1239 (Cas-
971 1169 1067 1239 ptione
1084 1167 1248 1238 perdurans,
1274 1172 1394 1220 mortem
1417 1184 1501 1239 quam
1527 1169 1664 1225 Dominus
1678 1169 1714 1225 ab
1736 1187 1770 1226 eo

130 1269 218 1320 stan,
237 1257 327 1311 collat.
350 1269 379 1320 n,
395 1272 453 1324 cap.
469 1256 506 1326 5),
529 1257 649 1313 reseram
664 1259 740 1313 vobis
760 1260 794 1314 de
809 1260 931 1331 quodam
972 1262 1097 1311 avertere
1111 1255 1208 1322 voluit,
1222 1255 1281 1326 ipse
1292 1255 1347 1310 sibi
1361 1257 1503 1312 conscivit.

130 1358 210 1410 sene,
223 1343 333 1397 Herone
343 1346 467 1411 nomine,
479 1346 526 1416 qui
533 1346 729 1402 discretionem
743 1349 932 1403 minimereti·
1264 1344 1381 1399 CAPUT
1400 1344 1483 1400 XLV.

131 1446 213 1496 nens,
230 1449 325 1486 omnes
340 1433 476 1504 pristinos
491 1434 600 1490 labores
616 1436 750 1507 perdidit,
766 1443 795 1491 et
817 1437 933 1508 insuper
987 1435 1168 1488 Demonacte
1184 1436 1243 1503 qai,
1259 1435 1411 1502 acceptata
1425 1435 1542 1503 diabolo,
1559 1438 1648 1492 votuit
1658 1439 1752 1504 fllium

131 1519 333 1576 miserabiliter
341 1522 427 1577 vitam
439 1524 537 1577 finivit.
554 1525 626 1579 Ante
639 1542 742 1596 paucos
756 1527 860 1580 etenim
873 1526 933 1580 dies
1241 1538 1324 1576 suam
1344 1524 1501 1579 immolare.

129 1609 375 1665 illusionediaboli
388 1628 405 1665 a
418 1613 536 1666 summis
551 1612 586 1666 ad
601 1613 659 1667 ima
673 1614 798 1684 dejectus
813 1619 864 1668 est.
882 1614 933 1667 Hic
1010 1613 1082 1677 Quid
1097 1611 1184 1666 etiam
1196 1610 1232 1665 de
1245 1611 1293 1666 illo
1306 1612 1443 1666 monacho
1453 1629 1682 1682 commemorem,
1690 1617 1771 1687 cujus

131 1697 230 1769 itaque
249 1700 453 1771 quinquaginta
468 1702 550 1755 annis
564 1701 593 1755 in
615 1719 709 1757 eremo
732 1708 931 1767 commoratus,
974 1718 1087 1757 nomen.
1110 1701 1176 1772 quia
1194 1700 1285 1755 adbuc
1304 1706 1441 1774 superest,
1462 1701 1530 1757 sileo
1551 1703 1694 1772 (Cassian,
1719 1707 1772 1760 col·

131 1787 304 1858 singularem
321 1789 382 1844 vitae
396 1790 600 1845 districtionem
614 1792 715 1855 tenuit,
731 1796 760 1845 et
774 1791 932 1846 solitudinis
943 1773 1062 1855 Blatn,
1079 1806 1139 1859 cap.
1153 1789 1191 1858 7).
1204 1789 1257 1852 Qui
1268 1789 1336 1843 dum
1346 1790 1773 1862 longatemporeffldaemo·

131 1883 242 1931 secreta
260 1878 331 1932 mIro
346 1878 452 1933 fervore
464 1880 539 1933 ultra
557 1897 656 1934 omnes
676 1887 799 1935 sectatus
812 1887 864 1935 est.
881 1880 932 1934 Hic
973 1895 1038 1933 nern
1052 1879 1081 1933 in
1091 1878 1184 1949 angeli
1194 1879 1318 1948 suscepit
1330 1879 1466 1947 claritate,
1483 1880 1699 1937 revelationibus
1709 1883 1771 1953 ejus

131 1965 222 2036 igitur
240 1973 305 2038 post
322 1973 415 2021 tantos
436 1967 545 2022 labores
569 1969 604 2023 ab
625 1970 788 2024 insidiatore
807 1970 930 2034 delusus,
974 1983 1046 2038 saepe
1058 1966 1323 2038 deceptus,credi(IIt
1333 1983 1396 2022 eum
1405 1967 1612 2024 internuntium
1624 1986 1685 2024 esse
1690 1970 1773 2041 justi·

132 2055 299 2126 gravissimo
309 2056 388 2127 lapsu
399 2073 542 2123 corruens,
555 2064 670 2114 cunctos
685 2059 713 2112 in
727 2075 821 2112 eremo
831 2058 933 2112 consti·
974 2056 1029 2109 tiae.
1053 2057 1126 2111 Nam
1147 2072 1198 2127 per
1213 2072 1311 2110 omnes
1325 2061 1421 2111 noctes
1435 2056 1464 2111 in
1481 2057 1582 2112 cellula
1604 2059 1665 2129 ejus
1678 2058 1774 2114 lumen

133 2149 211 2199 tutos
224 2146 352 2200 luctuoso
366 2147 462 2201 dolore
473 2148 620 2218 percussit.
628 2148 681 2212 Qui
696 2148 811 2202 minime
822 2147 934 2202 occidis·
975 2145 1079 2217 absque
1089 2145 1172 2200 ullius
1186 2145 1306 2200 lucernae
1318 2144 1408 2200 officio
1422 2145 1564 2217 praebebat
1577 2145 1720 2203 diabolus:
1737 2147 1774 2203 ad

134 2239 188 2300 set,
204 2233 345 2288 sibonum
364 2235 540 2291 discretionis
563 2241 660 2292 tenere
681 2237 823 2292 voluisset.
843 2238 933 2292 Tanto
975 2239 1132 2288 extremum
1143 2250 1208 2288 vero
1216 2234 1303 2304 jussit
1317 2250 1382 2289 eum
1392 2239 1424 2289 ut
1439 2235 1529 2291 sillum
1541 2252 1632 2304 suum,
1646 2236 1695 2309 qui
1711 2253 1776 2293 cum

135 2321 275 2392 siquidem
286 2323 378 2393 rigore
390 2324 477 2378 animi
491 2324 747 2380 suiimmutobilem
758 2324 860 2395 jeiunii
871 2341 934 2378 con·
976 2341 1008 2378 eo
1024 2324 1132 2396 pariter
1147 2324 1176 2377 in
1185 2324 1282 2378 eodem
1297 2324 1469 2379 monasterIo
1481 2325 1684 2393 commanebat,
1694 2326 1776 2381 devo-

136 2410 288 2465 tinentiam
304 2429 415 2483 semper
425 2414 557 2479 exercuit,
566 2421 595 2468 et
609 2414 769 2469 solitudinis
781 2431 813 2468 ac
828 2414 935 2468 cellulae
975 2416 1021 2466 tus
1031 2413 1088 2467 Deo
1104 2412 1217 2467 otierret
1230 2412 1383 2480 victimam,
1399 2419 1431 2467 ut
1445 2413 1550 2469 scillcet
1569 2415 1622 2470 hoc
1637 2414 1774 2470 sacrificio

136 2503 246 2554 secreta
256 2501 364 2571 jugiter
370 2507 492 2556 sectatus
500 2509 554 2569 est,
565 2510 596 2557 ut
607 2521 658 2557 rice
669 2505 712 2556 dic
724 2502 813 2557 sancti
822 2502 935 2557 Paschae
978 2501 1094 2556 Abrahae
1109 2502 1276 2573 patriarchae
1285 2501 1394 2557 meritis
1404 2507 1608 2574 coaequaretur.
1618 2505 1705 2575 Cuius
1711 2520 1775 2559 ver·

137 2587 259 2659 rigorem
270 2588 445 2644 abstinentiae
455 2591 584 2645 solveret.
596 2591 827 2662 Cumqueomnes
838 2590 937 2645 eremi-
975 2589 1019 2644 bis
1039 2589 1086 2644 ille
1111 2590 1254 2644 intantum
1281 2597 1324 2644 est
1343 2590 1486 2655 seductus,
1506 2596 1540 2646 ut
1555 2592 1608 2647 boc
1628 2592 1776 2649 confestim

136 2683 172 2732 te
186 2694 238 2748 pro
250 2683 331 2733 tanta
344 2680 522 2735 solemnitate
537 2680 572 2734 ad
587 2680 733 2735 ecclesiam
748 2680 855 2752 pariter
873 2696 936 2734 con·
977 2694 1061 2750 opere
1077 2678 1247 2751 perfecisset,
1264 2678 1319 2733 nisi
1340 2695 1411 2750 puer
1424 2679 1459 2733 de
1478 2680 1548 2735 cells
1571 2680 1702 2737 manibus
1713 2683 1776 2753 ejus

137 2766 291 2834 venissent,
307 2768 382 2822 solus
394 2769 441 2823 ille
457 2786 514 2824 non
526 2769 626 2832 adfuit,
640 2786 675 2824 ne
691 2770 938 2841 quantulacunque
979 2768 1100 2842 elapsus,
1116 2768 1241 2824 concitus
1251 2767 1416 2839 aufugisset.

137 2856 316 2927 perceptione
325 2857 475 2928 leguminis
484 2859 572 2931 parvi,
587 2875 665 2913 asuo
676 2858 819 2931 proposito
831 2857 936 2913 videre·
1262 2855 1380 2911 CAPUT
1393 2857 1489 2912 XLVI.

137 2948 185 3000 tur
194 2945 333 3000 relaxasse
342 2965 347 2999 :
357 2949 638 3019 quapraesumptione
648 2948 791 3018 deceptus,
805 2948 937 3018 angelum
977 2945 1151 2999 Demonacte
1161 2947 1208 2999 cui
1222 2946 1374 3000 ostendebat
1391 2945 1518 3000 diabotus
1532 2949 1683 3002 exercitam
1698 2947 1778 3004 enrr-

138 3033 250 3089 Satanae
264 3034 340 3089 velut
354 3036 485 3106 angelum
502 3036 571 3091 lucis
580 3026 735 3107 suscipiens
749 3054 813 3090 cum
826 3054 937 3092 summa
1201 3037 1359 3088 ettenorum
1378 3039 1402 3088 et
1416 3036 1586 3089 luteorum.

137 3123 598 3197 veneratione,ejusquepraeceptis
607 3125 937 3198 obedienS,semetipsum
1014 3122 1079 3177 Fuit
1089 3126 1117 3177 et
1126 3123 1198 3176 alius
1204 3123 1358 3177 monachus
1367 3123 1513 3190 (Cassian,
1524 3127 1617 3178 collat.
1629 3138 1661 3192 11,
1673 3122 1773 3197 acab),

139 3211 169 3267 in
181 3213 555 3284 puteumprofundissImnm
566 3215 736 3286 praecipitem
743 3217 868 3286 jactavit,
881 3233 938 3270 ma·
980 3212 1150 3282 qulnimiam
1165 3227 1278 3283 semper
1286 3210 1593 3281 tenuItabstinentiam,
1606 3213 1710 3285 qquue
1724 3229 1775 3284 per

138 3317 228 3372 gnum
237 3300 343 3356 scilicet
353 3302 464 3356 virtutis
475 3320 531 3357 suae
543 3302 675 3357 meritum
686 3303 864 3374 probaturus.
874 3321 938 3358 eum
980 3317 1068 3354 annos
1082 3299 1408 3370 multossingulariterin
1416 3299 1777 3373 cellareclusus,perpaucis

141 3390 207 3444 inde
224 3390 327 3444 exisset
341 3391 455 3446 illaesus:
470 3391 504 3446 de
519 3410 574 3463 quo
589 3398 674 3463 puteo
689 3410 751 3448 eum
766 3393 866 3464 grandi
881 3393 939 3448 ira-
980 3387 1145 3443 imitabilem
1156 3388 1281 3444 exhibuit
1290 3387 1499 3444 abstinentiam.
1513 3389 1564 3444 Ilio
1574 3390 1608 3444 ad
1619 3395 1777 3446 extromum

139 3486 218 3533 trum
237 3479 332 3534 labore
348 3480 494 3535 semivivus
520 3487 669 3544 extractus
693 3483 777 3536 vitam
794 3483 879 3536 tertia
893 3483 938 3537 dIe
980 3478 1020 3531 ita
1030 3484 1073 3532 est
1087 3477 1232 3532 diabolicis
1244 3476 1461 3532 revelationibus
1470 3476 1594 3546 delusus,
1610 3483 1717 3551 utpost
1728 3495 1777 3536 an·

140 3568 249 3635 finivit,
266 3573 296 3622 et
309 3570 384 3640 quod
402 3571 445 3624 his
460 3570 584 3625 deterius
599 3577 651 3637 est,
668 3572 708 3625 ita
721 3571 749 3624 in
765 3572 938 3640 deceptionis
980 3583 1050 3621 nuos
1060 3566 1169 3621 labores
1184 3573 1269 3638 atque
1283 3566 1410 3629 Virtutes·
1421 3565 1523 3637 quibus
1537 3567 1608 3622 alios
1624 3569 1777 3626 monachos

140 3673 198 3712 suae
212 3655 400 3713 obstinatione
414 3660 577 3730 permansit,
587 3664 620 3714 ut
628 3659 651 3714 ei
661 3659 822 3713 nullatenus
835 3660 940 3725 potuis·
981 3661 1145 3722 excesserat,
1158 3656 1193 3710 nd
1202 3655 1380 3710 Iudaismum
1389 3660 1418 3709 ot
1430 3655 1672 3713 circumcisionem
1684 3659 1777 3715 earnis

141 3750 187 3801 set
198 3747 373 3817 persuaderi,
391 3748 465 3818 quod
490 3748 648 3803 daemonum
671 3748 824 3803 calliditate
841 3748 941 3804 fuisset
982 3743 1179 3799 miserabiliter
1188 3744 1334 3816 sitlapsus.
1351 3744 1778 3821 Postmultanamquetempora

141 3835 266 3890 delusus.
982 3832 1119 3900 diabolus,
1134 3834 1209 3888 velut
1219 3834 1334 3890 nuntius
1344 3835 1482 3904 ueritatis,
1496 3837 1662 3894 ostendebat
1674 3838 1716 3894 illi
1726 3856 1778 3912 per

434 3927 550 3982 CAPUT
562 3926 657 3981 XLIV.
983 3938 1055 3977 vana
1072 3923 1181 3978 somnia
1198 3929 1226 3979 et
1242 3940 1293 3995 per
1310 3925 1446 3996 quasdam
1468 3926 1567 3982 inanes
1580 3928 1774 4000 revelationes,

139 4014 178 4069 De
192 4015 297 4068 dicebas
307 4015 457 4082 monacbis,
473 4019 523 4084 qai
540 4021 633 4070 euntes
653 4031 704 4084 per
728 4016 875 4082 desertam,
894 4018 941 4070 de·
984 4012 1209 4068 Christianorum
1217 4018 1301 4085 atque
1316 4015 1518 4071 monachorum
1533 4018 1686 4074 exercitum
1700 4024 1777 4077 tene·

178 4109 322 4157 creverant
336 4106 680 4170 nonsanrerecibnm,ru'si
694 4105 763 4158 Deus
777 4107 835 4159 iltis
847 4110 941 4160 trans·
982 4100 1098 4156 brosum
1117 4120 1149 4157 ac
1161 4108 1276 4171 tetrum,
1294 4104 1427 4174 omanue
1441 4104 1530 4159 macie
1545 4104 1672 4161 tabidum
1693 4114 1778 4181 atque

178 4194 307 4246 mitteret.
440 4249 442 4259 ,
983 4191 1145 4259 deformem3
1155 4197 1304 4246 etecontra
1316 4192 1481 4247 ostendebat
1494 4193 1536 4247 illi
1550 4193 1710 4249 Iudaeorum
1720 4197 1778 4268 ple·

179 4282 252 4346 Quid
266 4281 358 4336 dicam
369 4283 403 4337 de
411 4283 467 4337 illis
478 4282 586 4338 duobus
600 4281 735 4338 fratribus
750 4284 797 4354 qui
812 4282 941 4338 habitan·
982 4278 1044 4334 bem
1059 4296 1169 4334 summa
1177 4280 1491 4351 laetitiatripudiantem,
1500 4281 1663 4354 ingentique
1671 4282 1779 4342 lumine

141 4377 186 4426 tes
198 4372 275 4425 ultra
294 4372 370 4426 illam
382 4388 507 4427 eremum
523 4375 662 4440 (cassian,
675 4373 770 4428 Callet.
784 4387 815 4440 11,
831 4389 889 4442 cap.
902 4371 938 4443 6),
982 4375 1186 4428 coruscantem.
1206 4371 1245 4424 Ac
1264 4368 1389 4442 proinde·
1402 4368 1598 4424 commonebat
1611 4385 1686 4439 eum,
1706 4378 1739 4429 ut
1753 4375 1777 4429 si

141 4458 192 4514 ubi
207 4461 349 4532 quondam
363 4462 456 4516 tuerat
470 4462 568 4517 beatus
581 4462 720 4516 Antonius
736 4467 937 4528 commoratus,
948 4452 1078 4513 Dmallet
1091 4458 1273 4513 beatitudInis
1283 4458 1395 4513 illorum
1411 4458 1550 4529 particeps
1564 4458 1646 4526 cilici,
1661 4460 1778 4517 circum·

141 4549 238 4604 minus
249 4557 332 4605 cauta
351 4551 518 4606 discretione
538 4551 669 4623 permoti,
680 4556 778 4605 euntes
788 4568 838 4622 per
848 4556 942 4605 extem
981 4547 1113 4603 cisionem
1124 4565 1236 4620 quoque
1247 4547 1388 4620 susprere
1398 4546 1597 4603 festinaretblx
1608 4548 1778 4622 quibuspro-

142 4644 203 4693 tam
218 4639 376 4695 solitudinis
399 4641 567 4708 vastitatem,
591 4641 697 4695 nullam
717 4656 809 4694 escam
828 4640 941 4712 penitus
982 4637 1053 4692 fecto
1063 4641 1173 4691 constat
1182 4636 1256 4707 quod
1266 4635 1468 4691 exmemoratis
1479 4637 1545 4692 viris
1554 4641 1612 4691 tam
1622 4638 1780 4710 lugubriter

142 4744 256 4783 sumere
266 4729 457 4796 decreverunt,
475 4731 529 4784 nisi
540 4747 624 4800 quam
634 4746 684 4800 per
695 4730 876 4800 semetipsum
886 4729 941 4784 illis
983 4724 1313 4790 nemot'uissetillusussi
1327 4726 1466 4780 rationem
1479 4724 1657 4780 discretionis
1667 4730 1778 4801 assequi

142 4817 282 4872 Dominus
296 4819 488 4890 praestitisset?
504 4821 630 4890 Cumque
641 4825 768 4873 errantes
778 4836 825 4873 eos
837 4836 887 4890 per
897 4819 943 4873 de·
983 4814 1166 4869 laborassent.
1175 4814 1363 4879 Quamobrem
1378 4815 1407 4870 in
1418 4814 1531 4885 quantis
1545 4815 1734 4886 perniciosum
1741 4819 1780 4875 sit

142 4912 230 4972 serta,
247 4912 275 4961 et
292 4907 604 4979 deficientcsjamfanie,
614 4908 822 4978 conspexissent
834 4909 943 4978 alonge
983 4903 1159 4959 discretionis
1177 4903 1297 4975 gratiam
1317 4920 1372 4958 non
1392 4902 1504 4970 habere,
1526 4904 1681 4973 multorum
1698 4923 1778 4964 casus

142 4994 272 5062 MaziceS,
283 5013 345 5066 quae
359 5013 428 5066 gens
444 4998 553 5051 cunctis
564 4996 725 5051 nationibus
740 4996 889 5050 immanior
903 5001 944 5050 ab
986 4992 1183 5065 experimentis
1197 4993 1330 5047 declarat.

144 5100 200 5156 que
219 5085 357 5139 crudelior
371 5092 431 5140 est:
448 5103 504 5140 non
515 5104 562 5140 cos
575 5086 610 5141 ad
621 5086 784 5140 effusionem
798 5085 943 5156 sanguinis
1263 5080 1381 5136 CAPUT
1395 5082 1503 5138 XLVII.

142 5173 315 5228 desiderium
326 5174 435 5245 praedae,
447 5176 496 5229 sed
502 5176 561 5229 sola
568 5175 697 5229 ferocitas
703 5174 805 5228 mentis
815 5174 940 5244 instigat.
1199 5241 1203 5257 Ι
1223 5173 1259 5224 De
1271 5171 1365 5223 abbate
1379 5169 1537 5241 Serapione.

143 5261 220 5315 Visis
235 5279 301 5333 ergo
313 5263 353 5317 eis
367 5270 466 5319 contra
480 5271 611 5319 naturam
630 5263 783 5319 ferocitatis
796 5279 852 5317 suae
878 5279 944 5320 cum
1017 5260 1112 5316 Abbas
1127 5252 1260 5334 Serapion
1270 5257 1378 5314 solebat
1385 5259 1548 5332 trequenter
1552 5263 1713 5334 junioribus
1726 5267 1781 5324 tva·

143 5351 265 5423 panibus
276 5353 330 5407 illis
346 5360 527 5409 occurrerunt
544 5374 549 5407 ε
565 5361 633 5408 tunc
646 5369 718 5407 unus
733 5369 766 5405 ex
780 5351 835 5405 illis
845 5351 941 5406 tratri·
986 5349 1086 5417 tribus,
1103 5347 1295 5433 instructionis
1309 5347 1410 5418 gratia,
1427 5349 1460 5403 dc
1471 5351 1562 5422 seipso
1577 5368 1692 5412 narrare
1707 5356 1780 5426 (Cos-

142 5439 197 5496 bus
213 5441 395 5497 subveniente
411 5443 589 5510 discretione,
606 5444 681 5497 velut
695 5459 712 5495 a
726 5441 784 5495 Dea
798 5446 941 5512 porrectos
985 5442 1070 5505 sian,
1086 5442 1176 5494 collat.
1192 5451 1223 5502 11,
1238 5453 1296 5506 cap.
1314 5437 1368 5506 ii),
1379 5438 1482 5494 dicens:
1500 5440 1571 5496 Cum
1586 5443 1677 5500 adhuc
1690 5461 1780 5502 mem

143 5529 198 5586 sibi
211 5549 299 5603 panes
311 5550 375 5587 curn
386 5534 541 5603 gratiarum
549 5533 657 5588 actione
665 5529 796 5601 suscepit,
808 5536 944 5603 reputans
985 5527 1128 5601 puerulus,
1137 5532 1166 5580 et
1180 5542 1244 5581 cum
1255 5524 1356 5581 abbate
1368 5526 1481 5584 Theona
1493 5546 1711 5601 commanerem,
1722 5533 1781 5590 hee

144 5636 239 5676 escam
254 5620 307 5676 sibi
321 5621 456 5677 dielnitus
478 5622 643 5689 ministrari,
659 5636 711 5675 nec
726 5619 787 5675 sine
799 5619 848 5675 Dei
861 5621 943 5692 J'ussu
985 5616 1056 5672 mihi
1075 5614 1249 5673 consuetudo
1263 5621 1325 5672 erut
1340 5614 1454 5674 inimico
1468 5617 1644 5691 imminente,
1661 5626 1692 5677 ut
1706 5627 1782 5693 post·

289 5721 422 5784 Parnon.
436 5721 571 5784 LXXIII.
1624 5716 1662 5780 2⁷
