3818 6120
129 270 185 330 297
373 274 459 331 vira
477 276 607 333 SANG'I'I
626 277 768 344 BASILII,
789 273 971 330 cAEsnREAE
990 274 1228 334 CAPPADOCIAE
1246 281 1535 343 ancnleelscoel.
1716 290 1769 350 298

129 397 245 467 integro
263 396 369 452 ibidem
388 406 524 462 moratus,
546 408 575 456 et
587 403 713 458 veritatis
728 403 866 458 rationem
877 400 965 459 lideA
975 401 1050 455 enim
1063 419 1170 470 omnes,
1179 405 1241 459 biin
1255 408 1341 462 vitam
1349 413 1530 478 aeternamm
1542 414 1572 468 in
1587 418 1769 488 opprobrium

130 487 325 554 considerans,
342 490 531 559 perseveravit
547 497 688 547 scrutatus
703 492 819 548 verbum
833 490 933 546 verita-
974 496 1003 544 et
1014 492 1206 547 confusionem
1221 503 1384 565 perpetuam
1402 517 1408 550 z
1426 505 1454 553 et
1468 501 1622 558 astabimus
1636 512 1702 560 ante
1717 508 1769 561 tri·

130 574 179 641 tis,
195 583 225 630 et
239 577 337 648 petivit
352 595 383 632 se
397 578 503 634 dimitti
515 580 718 653 lerosolymam
733 598 817 636 causa
831 581 933 635 oratio·
974 578 1059 634 bunal
1073 582 1223 651 Christi(II
1232 585 1336 654 Canu),
1354 591 1589 658 quemadmodum
1604 595 1706 651 docent
1719 615 1770 653 nos

130 663 178 719 nis
192 663 246 732 llll)
261 666 378 733 iturum,
393 675 422 722 et
436 668 493 722 illic
511 670 647 724 miracula
661 671 863 743 inspecturum,
885 669 932 740 qui
973 671 1147 742 magniloqui
1169 675 1320 744 prophetae,
1347 676 1444 742 lsaias,
1468 680 1614 750 ieremias,
1632 685 1768 753 Ezechiel,

130 760 265 809 exoratus
274 755 383 810 dimisit
396 774 471 811 eum.
973 757 1081 823 Daniel,
1092 766 1121 814 et
1130 761 1217 815 David
1228 779 1288 830 rex,
1301 768 1329 818 et
1341 767 1470 836 egregius
1481 769 1593 825 Paulus.
1602 773 1636 827 Et
1648 777 1770 846 posthos

167 843 236 898 Car.
248 845 285 898 ΙΙ.
297 875 329 885 -
341 845 464 917 Rediens
472 852 568 901 autern
578 847 635 913 illo,
651 848 699 903 ubi
717 849 877 903 Graecorum
892 847 932 900 in·
972 845 1033 916 ipse
1043 848 1178 903 Dominus
1188 851 1358 920 poenitentiae
1369 852 1460 920 dator,
1478 863 1507 910 et
1516 857 1601 928 huius
1610 878 1770 935 recompen-

129 933 251 987 stitutus
276 940 318 987 est
341 934 530 1007 philosophia,
547 937 630 1008 coepit
648 938 817 1009 persuadere
837 936 933 991 multis
973 941 1059 1002 sator,
1073 937 1123 1007 qui
1144 952 1225 992 ovem
1239 941 1377 1010 perditam
1392 944 1538 1014 requisivit
1554 950 1662 1016 (Mattlr.
1679 954 1769 1021 nuru),

129 1021 342 1094 philosophiset
351 1024 527 1080 multitudini
535 1026 684 1097 gentilium
698 1025 933 1082 ostendercChri·
974 1024 1022 1094 qui
1038 1026 1213 1081 recedentem
1227 1030 1378 1099 apaternis
1388 1031 1495 1087 sinibus
1512 1052 1574 1090 cum
1589 1040 1685 1094 multis
1699 1041 1771 1095 divi·

129 1116 218 1175 stum,
241 1112 438 1168 demonstrans
456 1115 512 1169 illis
542 1115 616 1169 viam
636 1116 746 1172 salutis.
764 1114 934 1186 Requirebat
974 1111 1020 1166 tiis
1035 1130 1164 1183 puerum,
1181 1122 1209 1170 ct
1224 1116 1267 1170 his
1280 1118 1421 1174 luxuriose
1435 1124 1608 1195 consumptis
1618 1133 1715 1198 postea
1725 1146 1770 1184 re·

129 1217 198 1255 vero
214 1206 244 1255 et
258 1208 459 1273 praeceptorem
474 1220 558 1258 suurn
574 1204 713 1259 Eubulum
730 1204 787 1275 (qui
803 1210 864 1257 erat
878 1203 934 1257 dux
974 1199 1119 1269 deuntem,
1133 1204 1206 1258 same
1221 1206 1401 1274 tabefactum,
1412 1226 1548 1280 germane
1559 1216 1702 1285 amplexus
1716 1223 1769 1284 est,

129 1289 224 1358 verbi)
237 1290 266 1344 in
277 1290 498 1346 vicissitudinem
519 1292 688 1359 studiorum,
705 1292 806 1364 quibus
824 1292 933 1363 abipso
975 1294 1004 1343 et
1017 1291 1157 1347 adornans
1172 1294 1278 1363 fulgida
1292 1297 1364 1350 stola
1379 1303 1408 1352 et
1417 1299 1521 1354 annulo
1536 1319 1569 1355 ac
1578 1303 1702 1359 vestibus
1711 1323 1774 1377 pre·

128 1380 225 1435 luerat
238 1379 395 1445 institutus,
403 1381 438 1435 ad
448 1381 620 1436 trahendum
631 1399 695 1436 eum
704 1392 732 1435 et
740 1380 933 1437 inclinandum
974 1377 1063 1445 tiosis,
1079 1383 1179 1436 suadet
1193 1383 1263 1437 nihil
1278 1401 1366 1455 puero
1381 1390 1517 1457 peccanti,
1532 1408 1589 1445 non
1603 1393 1710 1460 saevire,
1723 1395 1772 1449 sed

128 1470 321 1524 immaculatae
331 1470 512 1542 fidei,utpote
524 1471 584 1543 ipse
598 1471 669 1526 bene
683 1487 799 1526 currens
808 1470 843 1524 ad
858 1487 931 1523 eam.
974 1467 1060 1521 veluti
1073 1469 1154 1524 fratri
1167 1472 1278 1526 veniam
1293 1474 1359 1528 dare
1374 1475 1460 1544 (luca
1473 1482 1540 1547 xiv),
1556 1480 1596 1535 sic
1610 1481 1716 1555 absque
1732 1485 1774 1538 in·
1866 1534 1871 1551 ,

130 1557 295 1629 Omnesque
309 1558 436 1623 docebat,
459 1559 506 1629 qui
525 1560 703 1631 philosophie
722 1558 822 1613 imbuti
841 1565 930 1625 emnt,
974 1557 1189 1615 vidiaDominus
1199 1563 1335 1618 excellens
1343 1563 1498 1621 bonitatem
1508 1571 1645 1639 aequalem
1659 1574 1713 1640 his,
1725 1574 1773 1644 qui

130 1647 210 1702 illum
223 1648 305 1719 sequi
321 1648 402 1719 quasi
412 1648 590 1718 magistrum.
600 1649 857 1720 Requirensautem
868 1666 932 1703 eum
974 1644 1048 1698 circa
1066 1654 1153 1713 154
1161 1650 1338 1706 undecimam
1350 1652 1448 1708 horam
1461 1664 1607 1724 venerunt,
1615 1661 1773 1716 mercedem

130 1736 160 1791 in
170 1737 304 1792 omnibus
313 1737 425 1803 scholis,
435 1738 543 1792 invenit
551 1737 581 1792 in
600 1738 723 1809 proastio
733 1736 854 1807 (ibicum
870 1739 932 1809 phi·
944 1711 1024 1787 Bdat
1039 1736 1144 1804 (Matre.
1152 1739 1209 1807 xx).
1219 1740 1282 1810 lpse
1298 1741 1416 1796 etnobis
1435 1745 1644 1816 paenitentibus,
1662 1758 1690 1803 et
1703 1751 1773 1805 resi·

131 1825 933 1898 losephis.Nihileratenimapudeosstudriquamdicendi
974 1825 1771 1906 piscantibuS,exaquaetSpiritusanctoregenerationem

132 1915 197 1986 quid
214 1932 249 1969 ae
260 1915 395 1970 audiendi
406 1932 518 1970 novum.
536 1917 705 1987 Disputante
720 1924 815 1971 autem
828 1915 935 1979 illo,re-
975 1913 1101 1979 donabit,
1111 1915 1177 1985 quia
1191 1919 1491 1986 necoculusvidit,nec
1501 1925 1578 1978 auris
1600 1927 1715 1994 audivit,
1722 1945 1773 1982 nec

132 2004 282 2076 prehendit
297 2022 362 2058 eum
381 2010 477 2060 astans
496 2005 625 2060 Basilius.
643 2006 676 2060 Et
701 2006 815 2076 quidam
836 2021 934 2059 eorum
975 2005 1005 2058 in
1019 2021 1067 2058 cor
1090 2004 1211 2059 hominis
1231 2008 1358 2061 ascendit
1371 2026 1433 2080 quae
1456 2014 1624 2083 praeparavit
1636 2016 1774 2072 Dominus

133 2093 259 2164 quicum
274 2093 343 2165 ipsis
366 2101 447 2148 erant
472 2094 542 2148 dixit
558 2113 563 2147 :
580 2095 772 2166 Reprehendit
785 2101 813 2148 te
829 2094 901 2164 quis,
917 2111 934 2147 o
975 2092 1157 2162 diligentibus
1169 2111 1199 2147 se
1214 2096 1240 2161 (1
1249 2096 1310 2150 Cor.
1327 2102 1366 2160 ul.
1380 2098 1487 2153 Horum
1502 2117 1569 2172 ergo
1589 2120 1674 2158 sensu
1688 2105 1774 2160 intel-

133 2182 321 2254 philosophe?
336 2184 390 2247 Qui
402 2184 460 2238 ait:
476 2185 534 2238 Aut
548 2184 631 2251 Deus,
646 2189 697 2238 aut
710 2183 839 2237 Basilius.
849 2183 934 2238 Reco·
975 2181 1055 2246 lecto,
1065 2182 1250 2236 Eubulusait:
1264 2184 1388 2250 OBasili,
1402 2188 1522 2243 coelcstis
1534 2191 1774 2250 Trinitatisasser·

133 2289 272 2342 gnoscens
286 2289 353 2344 ergo
369 2290 445 2339 eum,
461 2279 490 2328 et
505 2274 555 2327 hos
570 2273 617 2344 qui
634 2290 730 2327 secum
745 2278 825 2326 eraut
837 2272 934 2326 dimit·
975 2275 1029 2333 tor,
1039 2277 1123 2341 perte
1131 2271 1213 2325 credo
1225 2272 1253 2325 in
1267 2289 1354 2327 unum
1366 2275 1455 2331 Deum
1471 2278 1585 2333 Patrem
1600 2281 1775 2354 omnipoten-

135 2366 203 2429 tens,
212 2362 315 2416 aderat
327 2380 392 2417 cum
403 2363 515 2429 Basilio,
529 2369 558 2417 et
567 2361 761 2418 tribusdiebus
768 2362 860 2432 jejuni
870 2378 934 2432 per·
976 2364 1043 2424 tem,
1056 2365 1084 2413 et
1094 2365 1196 2413 caetera
1207 2378 1214 2427 3
1226 2367 1390 2431 exspectans
1400 2367 1635 2423 resurrectionem
1650 2375 1775 2426 mortuo-

135 2458 306 2518 maerentes,
323 2454 490 2523 quaestiones
503 2452 619 2507 invicem
636 2452 838 2524 proponebant.
847 2453 936 2505 Inter·
976 2463 1049 2513 rum,
1067 2455 1096 2503 ct
1107 2449 1192 2503 vitam
1207 2451 1318 2504 venturi
1332 2454 1436 2519 saeculi,
1452 2471 1544 2510 amen.
1563 2458 1654 2528 Opere
1679 2465 1774 2514 autem

135 2540 348 2612 rogavititaque
358 2540 483 2595 Eubulus
501 2540 650 2595 Basilium:
668 2542 735 2604 Quae
751 2546 795 2594 est
809 2540 935 2594 definitio
977 2532 1125 2591 ostendam
1141 2538 1192 2592 tibi
1205 2539 1288 2593 tidem
1300 2557 1361 2610 quae
1375 2543 1404 2596 in
1415 2560 1459 2598 nre
1480 2551 1539 2599 est:
1556 2548 1700 2617 quoniam,
1714 2566 1774 2602 om-

135 2629 329 2702 philosophiae,
341 2627 444 2684 Basili?
458 2630 511 2693 Qui
522 2631 580 2683 ait:
597 2629 692 2683 Prima
707 2629 833 2683 definitio
846 2629 935 2700 philo·
976 2625 1059 2679 nibus
1069 2627 1208 2697 quaemihi
1218 2628 1356 2683 adsuntin
1367 2631 1495 2688 manibus
1506 2634 1650 2701 tuisdatis,
1663 2637 1775 2693 residuo

135 2720 251 2791 sophim,
264 2718 411 2772 meditatio
426 2719 534 2772 mortis.
546 2719 597 2772 Ille
622 2735 686 2772 vero
701 2719 853 2785 admirans,
870 2718 931 2772 ait:
975 2714 1038 2769 vite
1054 2732 1123 2769 meae
1138 2722 1272 2787 tempore,
1291 2718 1315 2771 si
1338 2720 1472 2790 placitum
1492 2722 1522 2776 in
1548 2731 1699 2796 conspectu
1724 2726 1775 2782 Dei

136 2807 199 2872 Quis
214 2812 261 2861 est
277 2807 422 2862 mundus?
436 2807 500 2861 nit:
521 2807 575 2871 Qui
591 2814 633 2861 cst
646 2824 731 2878 super
741 2807 888 2861 mundum.
901 2808 936 2861 Et
975 2800 1069 2865 luerit,
1085 2808 1178 2858 tecum
1189 2822 1245 2869 ero,
1263 2813 1393 2879 suscepta
1406 2827 1438 2862 ex
1451 2817 1549 2865 sancta
1565 2829 1639 2884 aqua
1650 2832 1700 2869 seu
1715 2815 1776 2886 Spi-

136 2894 229 2951 dulces
241 2896 355 2967 quidem
365 2896 534 2951 suntmundi
544 2912 698 2961 sermones,
706 2895 766 2967 ipse
772 2912 836 2949 vero
851 2911 934 2950 mun·
976 2891 1033 2945 ritu
1045 2893 1267 2963 regeneratione.
1283 2896 1332 2950 Ait
1345 2902 1439 2952 autem
1451 2899 1589 2955 Basilius:
1607 2903 1774 2960 Benedictus

136 2984 184 3040 dus
194 2985 379 3039 vehementer
393 3001 518 3051 amarus
540 2984 563 3038 si
591 2985 652 3055 quis
667 2985 740 3038 hunc
755 2984 852 3038 vitiose
866 2983 934 3038 reti·
976 2980 1112 3034 Dominus
1121 2982 1195 3036 Deus
1210 2990 1354 3051 noster,ox
1365 2986 1417 3040 hoc
1428 2995 1538 3043 nuncet
1547 3006 1636 3061 usque
1647 2991 1676 3046 in
1690 3009 1775 3047 saeeu·

136 3080 206 3129 neat.
228 3073 263 3128 Et
276 3073 331 3128 alia
343 3080 387 3129 est
399 3074 527 3144 voluptas
541 3073 676 3144 corporis,
693 3079 722 3127 et
736 3072 791 3126 alia
804 3066 964 3143 income-G
975 3069 1067 3131 lum‚o
1082 3069 1253 3142 Eubule,qui
1268 3072 1418 3129 illustravit
1429 3077 1524 3132 lumen
1535 3096 1632 3134 verum
1641 3080 1671 3135 in
1681 3087 1774 3137 mente

134 3163 198 3217 ralis
214 3168 334 3218 naturae.
351 3163 386 3218 Et
399 3162 506 3234 pariter
519 3163 578 3217 haec
592 3162 723 3232 cuiquam
733 3162 824 3216 inesse
835 3161 936 3232 impos-
977 3161 1035 3222 tua,
1053 3164 1082 3211 et
1095 3159 1241 3213 transtulit
1251 3167 1278 3214 te
1297 3178 1314 3215 a
1337 3164 1491 3218 multorum
1504 3182 1599 3221 errore
1613 3168 1730 3224 deorum
1744 3171 1775 3225 in

134 3250 211 3308 sibile
224 3258 346 3307 constat.
362 3253 452 3307 Nemo
475 3253 550 3306 enim
576 3256 668 3322 potest
690 3250 799 3305 duobus
813 3250 934 3304 dominis
977 3245 1148 3315 agnitionem
1161 3247 1360 3304 misericordiae
1369 3268 1437 3308 sum.
1449 3253 1536 3307 Porro
1545 3255 1578 3321 si,
1592 3257 1720 3313 utfassus
1731 3276 1773 3326 es,

134 3342 239 3396 servire
251 3342 538 3409 (anteactarum,
549 3345 685 3411 quantum
705 3339 934 3410 virtussuppedi·
975 3351 1084 3389 meeum
1096 3336 1202 3407 pariter
1213 3354 1273 3391 esse
1284 3339 1333 3404 vis,
1342 3341 1488 3395 ostendam
1499 3342 1549 3397 tibi
1566 3361 1620 3416 quo
1635 3346 1720 3401 saluti
1726 3364 1774 3402 no·

133 3436 181 3498 tat,
197 3430 360 3501 frangimus
372 3429 559 3484 esurientibus
573 3447 675 3501 panem
694 3428 827 3493 scientiae,
845 3434 873 3481 et
887 3445 934 3481 eos
976 3427 1040 3476 sne
1055 3424 1136 3478 modo
1151 3426 1356 3496 provideamus,
1371 3445 1388 3482 a
1405 3430 1521 3485 vinculis
1533 3432 1615 3487 istius
1630 3436 1723 3491 saculi
1737 3436 1774 3490 li·

134 3519 178 3591 qui
187 3536 242 3592 per
256 3519 396 3573 malitiam
415 3519 601 3589 quorumdam
621 3519 681 3573 sine
703 3524 777 3572 tecto
793 3522 867 3583 sunt,
884 3533 935 3587 per
974 3510 1101 3570 berandi.
1118 3514 1318 3570 Venundemus
1333 3517 1427 3572 omnia
1445 3536 1506 3590 quae
1528 3521 1608 3577 nobis
1619 3523 1725 3599 insunt,
1745 3531 1774 3579 et

133 3609 266 3664 virtutem
281 3609 409 3664 ducimus
421 3608 474 3662 sub
489 3613 605 3662 tectum.
619 3607 649 3662 Si
667 3625 733 3662 vero
744 3624 809 3662 eum
825 3606 933 3660 nudum
975 3602 1132 3656 tribuamus
1146 3603 1251 3672 agema,
1261 3604 1356 3674 sicque
1369 3604 1482 3660 domurn
1490 3608 1524 3661 ad
1537 3616 1661 3664 sanctam
1673 3611 1771 3668 civita·

134 3696 605 3764 ridemus,amictucircumdamus,
614 3693 933 3750 etdomesticosseminis
974 3698 1030 3746 tem
1046 3708 1206 3763 pergamus
1217 3692 1391 3764 inspectores
1405 3712 1455 3766 per
1467 3712 1518 3751 nos
1527 3698 1665 3754 efficiendi
1679 3709 1773 3772 patra·

134 3801 185 3841 aon
192 3786 377 3858 despicimus.
389 3787 515 3858 Cumque
530 3785 646 3840 dixisset
654 3784 722 3848 haec,
737 3784 895 3854 imaginans
908 3782 934 3836 ei
973 3780 1177 3835 torumibidem
1194 3781 1403 3850 miraculorum,
1413 3795 1441 3838 et
1452 3786 1631 3856 acquiramus
1640 3790 1772 3846 lidueiam

136 3875 294 3946 parabolice
316 3875 467 3930 salvatoris
491 3874 581 3929 nostri
599 3873 828 3939 misericordiam,
850 3888 933 3943 quam
975 3870 1049 3941 apud
1059 3871 1158 3924 Deum.
1170 3869 1276 3924 Taliter
1290 3871 1385 3943 itaque
1400 3873 1483 3928 arubo
1498 3875 1581 3931 rebus
1595 3877 1653 3934 suis
1668 3877 1713 3950 pie
1732 3881 1772 3935 di-

136 3965 268 4020 circanos
277 3965 679 4036 perpoenitentiamoporatur‚
691 3969 750 4016 tres
761 3962 871 4016 tabulas
880 3959 932 4026 at)
974 3958 1111 4020 strihutis,
1124 3959 1183 4012 sola
1197 3976 1229 4013 ex
1245 3959 1288 4013 his
1302 3961 1479 4028 indumenta,
1490 3982 1551 4035 quaa
1561 3973 1657 4022 saneto
1667 3967 1773 4041 baptis-

135 4055 238 4110 acnsim
246 4052 581 4126 proponitinproforibus
596 4052 708 4116 mentis,
719 4068 805 4105 unam
819 4050 934 4121 quidem
973 4047 1043 4101 mati
1066 4049 1217 4118 praeparari
1228 4048 1329 4115 solent,
1342 4057 1475 4116 ementes,
1496 4054 1698 4127 lerosolymam
1711 4063 1772 4114 ten-

134 4141 366 4217 insuperioribus
375 4148 521 4213 portarum
529 4142 647 4196 virtutes
655 4139 933 4211 serentempruden·
975 4136 1054 4201 dunt,
1071 4141 1263 4191 convertentes
1279 4138 1313 4192 ad
1337 4139 1488 4194 Dominum
1509 4143 1658 4211 gentilium
1673 4146 1771 4200 multi·

135 4231 202 4288 tam
216 4232 357 4295 videlicet,
366 4230 569 4299 fortitudinem,
577 4229 842 4302 temperantiam,et
848 4227 934 4298 justi·
974 4225 1100 4279 tudinem
1117 4225 1270 4297 copiosam.

135 4321 211 4377 tiam.
221 4321 452 4377 Insinistravero
464 4327 544 4393 parte
555 4320 853 4375 seductionem.Porro
868 4317 934 4371 hine
1010 4315 1133 4369 Caelii.
1150 4346 1186 4356 ·-
1201 4315 1398 4371 pervenientes
1413 4320 1769 4390 veroadhntiochiurbem‚

136 4410 238 4466 etinde
253 4409 513 4481 intemperantiam,
529 4409 762 4482 profanationem,
770 4404 1148 4479 linguositas-ndiverterunt
1157 4403 1192 4457 ad
1202 4407 1409 4475 receptaculum
1420 4408 1570 4480 quoddam.
1582 4410 1771 4466 Filiusautem

135 4506 198 4566 hm,
216 4498 390 4566 suasionem,
407 4505 436 4555 et
449 4499 641 4569 hujuscemodi
655 4514 771 4553 examen
784 4497 932 4551 malorum.
975 4491 1103 4563 hospitis,
1113 4492 1227 4546 nomine
1242 4493 1420 4563 Philoxenus,
1433 4498 1611 4572 sedebatprae
1627 4498 1732 4555 loribus
1741 4499 1771 4556 in

134 4586 334 4645 Poenitcatiam
347 4598 443 4644 autem
457 4589 589 4643 decenter
603 4593 742 4642 astantem
753 4585 931 4657 intrepidam,
974 4582 1157 4638 meditatione
1170 4585 1259 4638 multa
1272 4602 1277 4638 ι
1288 4592 1350 4639 erat
1362 4593 1457 4641 autem
1470 4588 1516 4642 hie
1525 4587 1677 4661 discipulus
1690 4591 1772 4646 Liba-

134 4677 265 4741 bilarem,
278 4678 381 4744 lenem,
398 4682 427 4733 et
440 4677 589 4732 contrariis
599 4677 712 4748 quidem
728 4676 932 4741 adversantem,
974 4672 1014 4726 nii
1028 4672 1169 4744 sophistae,
1181 4690 1262 4744 aquo
1278 4683 1440 4746 susceperat
1453 4694 1549 4732 versus
1563 4679 1726 4734 Homericos
1735 4681 1772 4735 ad

136 4768 239 4841 populo
257 4767 418 4822 verobona
443 4766 539 4821 omnia
560 4767 772 4836 imprecantem.
792 4764 933 4818 Praeterea
974 4760 1199 4815 transferendum
1215 4780 1261 4818 eos
1277 4764 1305 4817 in
1326 4764 1488 4819 rhetoricos
1505 4767 1538 4820 Et
1553 4784 1616 4822 cum
1631 4767 1661 4822 in
1682 4769 1773 4825 multa

132 4857 213 4928 juxta
227 4857 312 4923 hanc,
320 4856 531 4923 abstinentiam,
543 4852 931 4926 sagacitatemclementiam.
974 4848 1155 4905 tribulatione
1169 4852 1343 4918 consisteret,
1351 4852 1503 4908 laborando
1516 4855 1677 4925 deficiebat;
1688 4875 1772 4930 quem

135 4945 312 5017 pudicitiam,
328 4944 474 5017 pudorem,
491 4945 707 5011 humanitatem,
730 4949 759 4997 et
782 4944 935 4996 multorum
976 4940 1114 5011 aspiciens
1124 4940 1244 4995 Basilius
1254 4941 1323 4996 dixit
1331 4941 1365 4995 ad
1373 4959 1437 4996 euin
1450 4962 1455 4996 :
1469 4944 1561 5007 Quare
1570 4945 1611 5000 ita
1628 4947 1716 5002 tristis
1731 4946 1770 5015 es,

136 5032 277 5091 bonom
289 5034 520 5106 plebemsensus
533 5052 598 5088 vero
610 5034 695 5103 hujus
707 5031 831 5086 historiae
842 5030 936 5085 viden·
977 5029 1158 5084 adolescens?
1174 5028 1222 5083 Ait
1238 5048 1244 5082 :
1261 5030 1327 5093 Quae
1348 5031 1416 5084 mihi
1436 5033 1545 5088 utilitas
1558 5035 1621 5101 erit,
1638 5037 1663 5090 si
1675 5037 1771 5092 dixero

135 5124 212 5181 tibus
236 5124 353 5195 quidem
370 5130 413 5179 est
427 5125 553 5187 monitio,
565 5121 745 5178 audientibus
766 5128 860 5175 autem
886 5121 937 5175 zeli
976 5117 1361 5172 tibilperseveranteautem
1371 5119 1483 5187 Basilio,
1498 5128 1526 5176 et
1536 5123 1562 5177 ei
1575 5122 1707 5195 prodesse
1715 5126 1774 5197 pol·

132 5214 254 5288 potioris
270 5213 388 5270 occasio.
405 5214 471 5269 Haec
484 5220 513 5268 et
530 5213 590 5284 ipse
605 5229 657 5283 ego
673 5211 769 5265 videns
783 5210 936 5264 delectatus
977 5207 1088 5271 licente,
1104 5206 1174 5260 dixit
1188 5206 1213 5260 ei
1228 5212 1287 5261 tam
1301 5208 1466 5278 sophistam,
1479 5213 1771 5282 quametiamversus,

133 5320 209 5370 sum,
227 5302 297 5358 etin
307 5303 471 5358 hocductus
482 5319 555 5369 sum,
572 5319 588 5356 o
604 5299 719 5356 Eubule.
740 5300 812 5354 Sunt
834 5299 936 5371 quippe
978 5302 1007 5351 et
1019 5296 1085 5367 quia
1099 5296 1276 5366 propterhoc
1290 5296 1396 5352 laboro.
1414 5299 1468 5364 Qui
1490 5303 1626 5374 susceptis
1646 5303 1773 5359 versibus

132 5391 164 5449 in
174 5391 260 5448 nobis
270 5409 327 5447 non
340 5390 479 5463 imagines
493 5408 584 5462 neque
594 5389 755 5461 aenigmata,
767 5388 816 5443 sed
830 5388 891 5459 ipsa
906 5388 937 5441 li·
979 5384 1062 5454 coepit
1076 5384 1168 5438 dicere
1191 5385 1292 5439 hoium
1312 5387 1535 5445 translationem.
1549 5392 1666 5448 atvero
1683 5392 1775 5447 adole·

134 5482 226 5557 quido
244 5481 348 5536 veritas
366 5479 403 5536 ad
428 5480 548 5537 salutem
576 5480 727 5535 adducens.
748 5478 938 5548 Resurgemus
979 5490 1057 5530 scens
1070 5473 1241 5544 stupetactus
1255 5476 1361 5546 pariter
1380 5484 1409 5532 ot
1422 5479 1544 5549 gavisus,
1561 5479 1591 5538 in
1605 5480 1716 5553 scriptis
1731 5496 1776 5532 ex·

168 5591 261 5649 siloc
276 5596 362 5663 caput
374 5591 454 5648 deest
466 5589 497 5648 in
510 5586 582 5650 Vitis
596 5591 721 5650 Petrum.
1339 5662 1356 5672 ..
1759 5637 1769 5653 .

259 5690 396 5763 Panos.
419 5692 559 5758 hxxlll.
1319 5776 1322 5780 ι
1623 5685 1662 5756 lo
