3818 6120
129 319 182 375 745
783 320 903 376 VERBA
922 321 1116 381 SENIORUM.
1716 330 1767 388 746

126 443 219 500 irater
240 461 309 500 suus
326 445 422 499 dicens
438 462 443 496 :
466 444 643 516 Quapropter
661 461 716 500 non
730 447 877 502 reverteris
892 450 962 511 adA
971 452 1062 519 malis,
1076 449 1246 522 impossibile
1262 455 1306 505 est
1318 451 1393 508 enim
1408 453 1551 512 discedere
1564 473 1581 510 a
1594 462 1623 513 te
1638 457 1768 530 spiritum

126 534 331 589 cellulamlllle
341 532 484 588 confessus
496 539 539 587 est
551 533 689 600 ei,dicens
702 554 708 588 ε
727 536 799 599 Quia
806 553 857 608 ego
864 554 928 592 cum
969 539 1162 594 fornicationis
1170 539 1429 608 immundum,aliis
1436 541 1712 602 orantibusetDcum
1718 563 1769 618 pro

127 623 311 679 discessistis
326 640 381 690 me,
395 624 481 678 cecidi
497 623 525 677 in
547 623 770 692 fornicationem,
787 626 850 681 ideo
865 627 928 682 nolo
969 631 998 681 te
1012 626 1236 698 deprecantibus,
1245 626 1301 682 nisi
1311 632 1340 681 et
1353 632 1384 683 tu
1396 628 1455 700 ipse
1465 629 1589 685 laborem
1599 634 1768 701 assumas,in

127 713 243 768 reuerti.
256 713 359 767 Volcns
370 713 573 767 autemlucrari
587 715 857 769 etsalvareanimam
869 717 930 788 ejus
969 716 1095 787 jejuniiS,
1108 720 1137 770 et
1155 715 1339 782 orationibus,
1361 721 1392 771 et
1406 717 1505 788 vigiliis
1520 721 1625 785 multis,
1642 737 1705 776 cum
1719 737 1769 790 ge·

130 802 223 858 frater
237 820 314 867 suna,
332 820 396 856 cum
411 808 587 856 sacramento
601 802 671 857 dixit
685 803 710 858 ei
727 822 732 856 ε
754 804 826 868 Quia
839 811 868 859 ct
879 823 931 877 ego
972 805 1044 860 mitu
1058 805 1210 875 deprecans
1225 810 1258 859 ut
1273 804 1493 861 misericordiam
1509 824 1599 875 suam,
1616 816 1644 865 et
1657 811 1769 882 adjuto·

128 907 194 946 cum
207 896 354 962 separatus
361 891 476 946 fuissem
487 908 505 945 a
519 897 557 955 te,
570 892 666 963 lapsus
682 909 744 946 sum
761 893 890 948 similiter
902 895 931 949 in
973 894 1046 948 rium
1060 910 1117 948 suae
1131 894 1229 964 gratiae
1238 893 1361 965 praebeat
1375 894 1426 948 tibi
1441 895 1577 952 Dominus
1592 899 1606 951 l
1610 915 1673 953 esus
1687 899 1768 954 chn-

129 979 783 1049 fornicationem;verumtamemrevertamurarl
790 982 930 1047 cellulam,
974 988 1043 1047 stuS,
1056 988 1089 1038 ut
1102 982 1553 1054 possisresisterecogitationibus
1564 987 1729 1042 malis.Nam
1742 993 1771 1042 et

129 1075 162 1126 et
172 1087 312 1143 ponamus
322 1087 373 1124 nos
390 1070 622 1140 inpoenitcntiam
633 1072 653 1124 ¹.
670 1071 771 1125 Omnia
780 1072 857 1125 enim
868 1088 932 1143 pos·
974 1071 1086 1139 medici,
1103 1072 1151 1144 qui
1161 1072 1323 1143 corporibus
1330 1072 1478 1127 homiuum
1489 1075 1694 1131 medicamenta
1703 1093 1770 1132 con-

130 1159 228 1215 sibilia
237 1165 305 1213 sunt
314 1160 372 1214 Deo
388 1161 474 1226 (Luca
484 1163 520 1228 r),
535 1165 566 1214 ut
580 1159 780 1232 ponitentibus
795 1160 875 1215 nobis
889 1161 933 1214 in·
974 1161 1074 1216 ficiunt
1086 1165 1115 1214 et
1128 1159 1402 1232 adhibent,quamvis
1412 1162 1576 1216 omniacum
1588 1164 1770 1219 summadili·

131 1243 309 1315 dulgentiam
319 1245 424 1299 donare
440 1244 581 1315 dignetur,
596 1249 630 1298 ut
643 1244 673 1298 in
683 1248 788 1299 aeterno
803 1246 868 1315 igne
878 1251 933 1299 tor-
973 1248 1190 1321 gentiataciant,
1205 1255 1399 1305 verumtamen
1411 1250 1435 1305 si
1444 1251 1492 1305 ille
1502 1252 1550 1323 qui
1570 1252 1740 1319 infirmatur,
1753 1270 1771 1308 a

131 1334 238 1389 mentis
249 1339 279 1388 et
293 1335 383 1406 poenis
399 1333 501 1387 inferni
518 1333 547 1388 in
564 1339 671 1389 tartaro
685 1350 743 1388 non
756 1335 930 1388 cruciemur:
973 1338 1063 1392 noxiis
1077 1337 1155 1398 cibis,
1171 1338 1214 1392 vel
1229 1338 1264 1393 de
1278 1339 1341 1393 aliis
1356 1356 1418 1411 quae
1431 1341 1522 1394 solent
1536 1341 1638 1396 laedere
1654 1341 1771 1396 intirmi-

130 1422 182 1478 ubi
192 1423 359 1494 paenitentia
375 1439 432 1478 non
442 1427 494 1489 est,
503 1422 552 1476 sed
562 1422 634 1493 ignis
652 1440 764 1495 semper
775 1424 933 1478 sineccssa·
973 1432 1055 1492 tates,
1075 1425 1216 1481 abstinere
1237 1427 1369 1495 noluerit,
1386 1428 1456 1482 nihil
1479 1430 1504 1483 oi
1518 1431 1629 1500 proficit
1648 1447 1725 1498 cura,
1741 1437 1771 1486 et

104 1547 107 1551 -
130 1512 221 1577 tione,
231 1517 260 1566 et
271 1512 333 1566 dira
343 1518 492 1567 tormenta.
507 1513 550 1567 Ita
561 1528 627 1582 ergo
644 1512 747 1566 reversi
756 1518 823 1566 sunt
832 1513 865 1567 ad
878 1513 934 1566 cel·
974 1514 1128 1585 diligentia,
1140 1519 1169 1569 et
1175 1515 1332 1570 sollicitudo
1347 1516 1529 1571 medicorum.
1538 1517 1674 1573 Similiter
1683 1519 1769 1574 etiam

131 1600 223 1656 lulam
238 1618 327 1655 suam.
344 1601 481 1657 Abierant
495 1607 589 1656 autem
601 1602 636 1655 ad
652 1607 763 1656 sanctos
784 1603 891 1668 Patres
907 1607 936 1655 ct
975 1608 1004 1656 et
1016 1603 1045 1657 in
1060 1603 1351 1675 animaelanguoribus
1365 1605 1483 1659 eveniet.
1510 1605 1588 1660 Licet
1602 1607 1678 1662 enim
1694 1609 1772 1662 omni

132 1696 351 1764 prostraverunt
364 1708 393 1745 se
407 1691 440 1746 ad
450 1691 682 1760 vestigiaeomm,
696 1709 759 1745 cum
773 1692 860 1746 multo
874 1692 1139 1791 ula-Bintentiono,
1156 1699 1184 1747 et
1199 1710 1232 1747 ex
1248 1700 1306 1748 toto
1321 1695 1404 1749 corde
1419 1692 1509 1749 sancti
1522 1695 1630 1762 Patres,
1644 1696 1691 1769 qui
1705 1702 1773 1751 sunt

132 1779 197 1834 latu
209 1785 238 1834 et
246 1780 377 1851 lacrymis
386 1786 541 1850 gementes,
561 1786 590 1834 ct
601 1780 718 1836 confessi
729 1787 795 1835 sunt
806 1780 862 1834 illis
873 1797 935 1852 quae
976 1782 1077 1836 medici
1091 1782 1260 1854 spirituales,
1288 1788 1403 1838 exorent
1417 1784 1639 1839 misericordiam
1658 1785 1772 1840 Domini

134 1869 277 1924 evenisset
286 1871 326 1923 cis
337 1869 424 1924 ruina
431 1871 560 1924 tentatio.
575 1870 717 1940 Quidquid
727 1876 822 1924 autem
835 1886 936 1941 praece·
977 1871 1129 1926 Salvatoris
1144 1872 1232 1926 nostri
1247 1889 1297 1943 pro
1313 1873 1353 1927 eis
1378 1872 1426 1943 qui
1439 1873 1614 1928 orationibus
1628 1890 1727 1929 eorum
1741 1891 1772 1929 se

135 1965 243 2031 parunt
257 1959 344 2012 sancti
371 1959 505 2025 seniores,
522 1964 550 2012 et
563 1959 721 2013 docuerunt
742 1977 789 2014 eos
804 1959 833 2013 in
852 1975 937 2013 causa
976 1960 1120 2032 postulant
1133 1960 1270 2031 adjuvari,
1283 1960 1337 2015 nisi
1347 1969 1377 2015 et
1390 1961 1443 2032 ipsi
1454 1978 1517 2017 cum
1531 1962 1608 2017 omni
1617 1962 1773 2018 intentione

132 2048 361 2120 poenitentiae,ita
371 2049 465 2102 omnia
474 2049 608 2102 focerunt.
620 2048 669 2102 llle
680 2065 746 2119 ergo
757 2048 829 2102 alius
837 2049 933 2112 irater,
977 2050 1089 2114 mentis,
1105 2053 1162 2102 tam
1179 2049 1208 2103 in
1224 2049 1397 2104 orationibus
1406 2066 1490 2122 quam
1499 2049 1528 2105 in
1541 2052 1617 2106 omni
1630 2053 1775 2124 operespi·

134 2138 186 2209 qui
196 2141 432 2209 nonpeccaverat,
445 2154 494 2207 pro
505 2138 591 2191 fratrc
602 2138 649 2208 qui
671 2146 833 2208 peccaverat
846 2136 937 2208 poeni-
978 2137 1073 2193 rituali
1089 2155 1150 2209 quae
1165 2139 1222 2193 Deo
1236 2139 1339 2209 placita
1354 2144 1422 2193 sunt
1432 2139 1558 2207 iecerint,
1575 2157 1630 2194 non
1641 2140 1774 2213 eisprotl·

132 2225 256 2280 tentiam
266 2226 376 2296 agebat,
388 2227 468 2297 quasi
479 2227 574 2297 etipse
584 2233 734 2297 peccasset,
743 2226 856 2298 eoquod
867 2226 937 2279 mul·
978 2226 1053 2281 cient
1065 2225 1269 2297 negligentibus
1279 2232 1308 2281 et
1321 2227 1460 2287 resolutis,
1478 2228 1552 2282 etde
1564 2228 1656 2284 saluta
1673 2230 1774 2285 animae

134 2319 197 2370 tam
207 2314 454 2369 charitatemcirca
462 2332 525 2369 eum
533 2315 657 2369 haberet.
669 2315 875 2369 Vidensautem
884 2314 939 2369 Do·
979 2315 1095 2369 minime
1109 2314 1308 2385 cogitantibus,
1325 2316 1466 2371 orationes
1476 2322 1647 2372 sanctorum.
1666 2314 1703 2372 Et
1716 2319 1775 2374 haec

138 2405 238 2459 minus
251 2403 374 2458 laborem
386 2405 531 2459 charitatis
546 2405 615 2475 ejus.
630 2404 701 2458 intra
712 2420 802 2475 pauca
809 2410 939 2476 tempora
980 2405 1097 2459 audiens
1112 2404 1208 2470 frater,
1226 2409 1409 2476 compunctus
1424 2411 1467 2460 est
1480 2405 1573 2472 corde,
1585 2412 1687 2462 etcum
1698 2408 1776 2462 omni

135 2494 272 2548 revelavit
286 2493 390 2548 sanctis
402 2494 532 2548 Patribus
544 2495 634 2564 qualis
644 2499 719 2548 esset
728 2511 822 2561 causa,
835 2499 864 2548 et
873 2494 940 2565 quia
980 2493 1177 2560 sollicitudine,
1193 2492 1348 2548 secundum
1362 2492 1518 2548 doctrinam
1532 2494 1661 2559 senioris,
1677 2497 1776 2552 tamin

136 2588 255 2655 propter
268 2582 434 2636 charitatem
457 2583 532 2638 illius
547 2583 594 2654 qui
609 2600 665 2638 non
680 2588 852 2655 peccaverat,
867 2587 896 2636 ct
910 2599 939 2637 se
978 2582 1095 2653 jejuniis
1110 2598 1195 2654 quam
1209 2582 1239 2636 in
1253 2580 1426 2638 orationibus
1441 2583 1579 2654 etvigiliis
1594 2585 1776 2657 semetipsum

137 2671 335 2742 aiDixeratpro
345 2672 436 2726 salute
449 2672 553 2735 matris,
567 2673 668 2727 idcirco
677 2672 882 2743 indulgentiam
892 2672 939 2725 do·
980 2671 1091 2738 afflixit,
1107 2675 1136 2732 et
1144 2670 1249 2726 meruit
1262 2671 1485 2727 misericordiam
1499 2672 1778 2730 Domini.Etrecessit

137 2761 219 2815 navit
234 2761 259 2815 ei
282 2761 418 2815 Dominus
435 2762 482 2833 qui
498 2767 648 2832 peccasset.
662 2763 730 2816 Ecce
749 2762 802 2815 hoc
813 2761 854 2815 ita
867 2761 939 2815 sicut
980 2759 1016 2814 ab
1025 2777 1057 2815 eo
1073 2760 1188 2831 spiritus
1202 2759 1354 2816 immundae
1368 2760 1516 2832 passionis.

137 2849 341 2922 scriptumest:
355 2849 427 2914 Quia
446 2850 539 2922 posuit
553 2851 677 2905 animam
692 2868 772 2906 suam
786 2867 836 2922 pro
849 2850 939 2905 salute
1017 2851 1060 2904 lt.
1077 2849 1144 2904 Erat
1157 2848 1271 2920 quidam
1286 2850 1449 2918 monachus,
1466 2856 1495 2906 et
1509 2850 1655 2907 habitabat
1671 2852 1701 2907 in
1715 2867 1777 2907 ere-

136 2937 237 2993 frstris
251 2939 295 2993 sui
306 2939 335 3010 (l
344 2941 425 2993 loon.
442 2944 493 3008 ur).
980 2955 1036 2993 mo.
1052 2938 1185 3003 Quaedam
1199 2942 1293 2992 autern
1309 2937 1403 3009 puella
1412 2955 1446 2993 ex
1459 2945 1600 3010 genereet
1612 2941 1779 3010 cognatione

177 3025 221 3084 13.
232 3027 314 3082 Alius
320 3027 405 3082 etiam
413 3029 501 3083 frater
508 3030 667 3084 molestiam
680 3029 836 3085 sustinebat
850 3047 867 3082 a
881 3029 939 3101 spi·
980 3029 1051 3099 ejus,
1067 3033 1132 3099 post
1141 3027 1278 3099 plurimos
1292 3042 1382 3081 annos
1398 3028 1535 3099 comperit
1549 3028 1578 3083 in
1592 3044 1647 3100 quo
1660 3029 1720 3084 loco
1733 3045 1780 3085 su-

135 3116 197 3172 ritu
212 3116 414 3172 fornicationis.
432 3118 509 3172 Abiit
523 3124 618 3173 autem
633 3119 668 3172 ad
678 3119 827 3190 quemdam
841 3099 970 3191 proba·C
982 3116 1124 3188 pradictus
1139 3116 1291 3171 monachus
1301 3114 1454 3180 habitaret,
1468 3117 1656 3188 etinstigantc
1668 3116 1779 3173 diabolo

135 3205 280 3261 tissimum
292 3207 475 3272 seniorem,et
483 3208 651 3278 precabatur
663 3225 728 3263 eum
739 3208 834 3261 dicens
847 3226 852 3259 :
865 3208 941 3261 Pone
982 3206 1051 3260 abiit
1067 3207 1096 3260 in
1111 3205 1254 3260 desertum
1268 3205 1417 3275 requirens
1433 3221 1497 3259 eum
1524 3209 1636 3275 (Pelea,
1648 3208 1732 3261 libell.
1749 3224 1775 3274 v,

136 3293 193 3350 tibi
200 3293 427 3358 sollicitudinem,
440 3295 600 3350 beatissime
611 3298 705 3361 Pater,
722 3302 749 3350 ct
762 3313 812 3350 ora
822 3312 872 3368 pro
885 3312 939 3364 me,
983 3312 1012 3350 n.
1027 3293 1148 3362 ‘tthuo
1157 3294 1280 3361 invento,
1294 3294 1422 3365 ingressa
1429 3299 1472 3349 est
1478 3293 1608 3349 cellulam
1619 3296 1690 3366 ejus,
1699 3311 1777 3351 asse·

138 3383 208 3456 quia
219 3385 342 3454 graviter
352 3401 397 3438 me
413 3386 561 3455 impugnat
571 3385 663 3455 passio
679 3385 869 3440 tornicationis
886 3386 942 3452 (Pc-
983 3400 1048 3438 rens
1056 3384 1081 3437 ei
1094 3383 1200 3455 quiaex
1208 3399 1312 3453 genere
1322 3387 1350 3436 et
1360 3383 1506 3454 parentela
1515 3385 1576 3454 ejus
1587 3382 1778 3452 fuissetman·

139 3477 209 3542 lou,
228 3474 302 3530 libat.
317 3491 342 3537 r,
360 3490 389 3527 a.
406 3472 456 3542 lb).
467 3475 531 3529 Hac
545 3491 609 3528 cum
625 3474 749 3530 audisset
763 3475 864 3539 senior,
881 3489 942 3527 ora·
983 3473 1075 3544 sitque
1089 3471 1127 3526 ibi
1141 3472 1216 3545 apud
1231 3487 1306 3540 eum,
1331 3475 1361 3525 et
1374 3470 1475 3526 cecidit
1497 3471 1527 3526 in
1547 3473 1659 3527 ruinam
1672 3474 1780 3545 peceati

140 3561 192 3616 bat
203 3562 321 3628 intente,
330 3561 428 3616 diebus
439 3579 472 3615 ac
485 3563 612 3618 noctibus
625 3581 676 3634 pro
686 3579 719 3617 eo
729 3564 882 3634 deprecans
889 3563 942 3616 Do·
983 3579 1047 3617 cum
1062 3579 1105 3617 aa.
1119 3562 1187 3616 Erat
1200 3566 1295 3616 autern
1311 3561 1383 3616 alius
1397 3561 1562 3630 monachus,
1575 3561 1779 3634 etipseinere·

140 3649 213 3707 mini
224 3650 454 3705 misericordiam.
470 3652 576 3706 lterum
600 3659 694 3708 autern
715 3651 845 3706 veniebat
867 3652 941 3705 idom
983 3667 1029 3705 mo
1043 3650 1158 3721 degens,
1168 3650 1222 3721 qui
1237 3666 1301 3705 cum
1316 3649 1351 3704 ad
1364 3649 1522 3705 refectionis
1534 3650 1632 3706 horam
1645 3652 1777 3721 venisset,

139 3736 239 3806 frater,
257 3746 285 3793 et
304 3739 419 3810 rogabat
432 3741 580 3808 seniorem,
598 3748 631 3795 ut
645 3741 733 3811 magis
743 3740 880 3795 intentius
891 3756 941 3811 pro
982 3740 1055 3811 gello
1072 3741 1107 3809 (5)
1123 3755 1187 3794 cum
1197 3755 1280 3811 aqua,
1293 3755 1376 3811 quem
1386 3738 1422 3794 ad
1432 3742 1530 3811 potum
1545 3739 1597 3796 sibi
1608 3757 1781 3813 praeparare

142 3843 178 3883 eo
194 3834 298 3883 oraret.
318 3829 454 3884 Similiter
465 3836 561 3885 autem
578 3847 641 3885 cum
657 3830 733 3885 omni
755 3829 942 3885 sollicitudine
983 3835 1037 3896 rat,
1054 3828 1181 3883 vertebat
1193 3845 1232 3893 se,
1248 3834 1277 3882 et
1289 3833 1351 3883 tota
1364 3829 1495 3900 illaaqua
1504 3829 1674 3885 fundebatur
1682 3831 1712 3886 in
1726 3835 1782 3886 ter-

141 3915 244 3972 beatus
255 3917 349 3973 senior
363 3918 462 3973 orabat
484 3919 620 3974 intentius
641 3936 692 3991 pro
705 3936 757 3973 eo:
780 3919 943 3990 frequenter
984 3934 1055 3972 ram.
1071 3918 1130 3971 Hoc
1145 3922 1240 3972 autern
1256 3933 1307 3988 per
1316 3917 1425 3988 ahquot
1436 3916 1506 3982 dies,
1521 3935 1585 3974 cum
1599 3919 1636 3974 ad
1649 3919 1779 3977 reiectio·

142 4013 241 4063 autem
254 4008 413 4063 venientem
429 4008 464 4063 ad
475 4027 505 4065 se
518 4010 686 4064 monachum
698 4009 793 4063 videns
808 4009 902 4063 senior
915 4013 944 4061 et
984 4006 1185 4072 namvenisset,
1198 4005 1339 4072 ilabebat,
1350 4010 1379 4060 et
1392 4006 1668 4080 enundebaturaqua
1679 4009 1708 4064 in
1721 4016 1780 4066 ter·

142 4096 343 4169 deprecantem
358 4114 387 4152 se
397 4106 429 4153 ut
438 4104 539 4167 oraret,
547 4100 625 4154 valde
633 4099 814 4154 contristatus
827 4096 944 4152 miraba-
984 4102 1095 4162 ram,ut
1105 4110 1161 4150 non
1167 4100 1261 4166 posset
1271 4093 1376 4150 bibere.
1388 4095 1528 4165 Cogitavit
1538 4101 1633 4153 autem
1650 4095 1726 4169 apud
1739 4115 1781 4154 se·

143 4190 194 4241 tur
203 4185 336 4256 quianon
345 4188 491 4242 exaudiret
500 4189 636 4243 Dominus
646 4187 876 4258 orationemejus.
893 4186 944 4240 Ea·
984 4184 1145 4255 metipsum,
1157 4190 1189 4238 ut
1207 4183 1298 4239 abiret
1311 4183 1347 4237 ad
1362 4182 1442 4237 illum
1454 4183 1542 4239 alium
1556 4186 1734 4254 monachum,
1751 4193 1780 4242 et

143 4272 210 4329 dem
225 4278 321 4329 autem
347 4282 428 4331 nocte
444 4277 578 4331 revelarit
597 4277 623 4331 ci
637 4276 774 4331 Dominus
788 4292 850 4347 qum
870 4274 944 4333 circa
984 4274 1089 4329 diceret
1109 4273 1134 4328 ei
1150 4272 1184 4326 de
1198 4272 1307 4342 gellone
1326 4271 1375 4342 qui
1388 4270 1514 4327 vertebat
1527 4290 1566 4341 se,
1583 4280 1611 4329 et
1628 4279 1689 4329 tota
1706 4291 1781 4349 aqua

143 4362 227 4418 illum
241 4363 409 4419 monachum
423 4372 485 4419 erat
491 4367 669 4437 negligentiae
680 4373 708 4420 et
716 4365 832 4436 ignavia
840 4365 944 4420 resolu-
985 4363 1189 4418 ellandebatur.
1204 4360 1295 4432 Igitur
1308 4360 1523 4427 cuminitinere,
1534 4362 1735 4435 vesperesacto,
1750 4365 1780 4420 in

143 4452 197 4520 tio,
214 4457 244 4506 et
253 4452 451 4509 delectationes
459 4472 599 4527 corporeae
609 4455 701 4511 cordis
717 4456 834 4526 ejuslta
848 4459 941 4509 autern
952 4453 1106 4524 nquodam
1112 4452 1228 4523 antiquo
1236 4454 1265 4505 et
1273 4451 1367 4506 diruto
1373 4450 1479 4523 templo
1486 4451 1625 4508 idolorum
1632 4454 1777 4522 dormiret,

143 4547 291 4599 ostensum
308 4549 350 4597 est
363 4550 459 4599 sancto
473 4545 594 4600 seniori:
616 4545 693 4599 Vidit
706 4545 850 4599 sedentem
864 4543 943 4597 illurn
985 4540 1093 4595 audivit
1106 4540 1245 4596 daemones
1260 4538 1335 4594 inter
1348 4556 1378 4595 se
1394 4538 1541 4611 loquentes
1557 4559 1564 4594 ε
1588 4541 1660 4606 Quia
1681 4542 1709 4596 in
1724 4541 1779 4597 ista

143 4631 328 4699 monachum,
336 4638 365 4686 et
375 4633 704 4706 spiritumlornicatiouis
714 4636 744 4688 iu
753 4633 868 4688 dirersis
880 4648 942 4686 mu·
984 4635 1066 4685 nocte
1076 4628 1309 4701 praecipitarimus
1321 4628 1402 4682 illum
1412 4629 1580 4684 monachum
1586 4630 1616 4684 in
1622 4630 1782 4686 fortunatio-

142 4718 249 4774 liarum
258 4721 355 4776 formis
369 4729 434 4777 ante
446 4724 526 4777 illum
541 4724 695 4788 ludentem,
711 4728 841 4788 496OE
851 4720 943 4792 ipsum
984 4732 1064 4777 nem;
1080 4725 1108 4773 et
1132 4718 1190 4774 hac
1218 4717 1344 4784 audiens,
1375 4717 1578 4773 admirabatur.
1598 4719 1668 4774 (tum
1683 4725 1779 4776 autam

141 4824 211 4864 cum
225 4809 265 4864 eis
272 4809 415 4866 delectari.
427 4812 546 4867 Videbat
553 4819 648 4867 autem
656 4819 684 4867 ct
690 4813 821 4883 angelum
830 4809 943 4865 Domini
984 4808 1121 4864 iDuxisset
1133 4808 1202 4875 dies,
1231 4807 1358 4879 pervenit
1385 4806 1421 4861 ad
1436 4806 1614 4875 monachum,
1631 4814 1660 4864 et
1672 4809 1781 4866 invenit

143 4903 289 4954 astantem
299 4906 328 4954 et
342 4901 537 4972 indignantem
550 4903 675 4974 graviter
700 4908 797 4956 contra
813 4899 942 4955 eumdem
985 4914 1049 4954 eum
1063 4896 1229 4970 gravissima
1242 4895 1357 4950 tristitia
1370 4902 1575 4967 oppressum,et
1590 4896 1660 4953 dixit
1667 4898 1780 4965 eiiQuid

142 4987 274 5055 intrem,
292 4991 421 5062 quianon
432 4992 565 5063 surgebat
573 5009 664 5065 neque
675 4990 904 5065 prosternebatse
914 4989 943 5043 in
984 4984 1269 5057 laciam‚srater,quia
1279 5001 1334 5056 qua
1344 4984 1533 5040 horaretleere
1544 4986 1666 5055 voluero,
1683 4989 1779 5045 statim
1834 4984 1840 4996 ’

141 5077 322 5134 orationibus
332 5080 465 5136 adDeum
475 5081 538 5149 3sed
550 5082 639 5152 magis
654 5080 846 5136 delectabatur
863 5080 942 5134 inco·
983 5078 1067 5150 gello,
1077 5093 1159 5148 quem
1174 5074 1210 5129 ad
1225 5090 1307 5129 usum
1317 5072 1641 5144 aquaehabeavenitse,
1659 5078 1779 5135 etedun-

139 5166 331 5241 gitationibus
341 5169 407 5224 suis.
420 5171 484 5225 llaec
499 5175 593 5225 autem
609 5175 792 5225 ostensasunt
805 5186 856 5242 per
870 5185 944 5222 rere·
984 5166 1062 5221 ditur
1076 5169 1192 5238 aqua,et
1205 5179 1261 5217 non
1276 5160 1365 5216 habeo
1381 5162 1448 5234 q'uid
1457 5160 1651 5221 biberc‘lTunc
1666 5183 1780 5241 respon-

140 5255 284 5312 lationem
296 5260 513 5314 sanctoscniori.
525 5261 661 5330 Cognovit
671 5266 765 5314 autem
781 5258 845 5330 quia
861 5259 943 5328 culpa
984 5255 1026 5309 dit
1040 5254 1067 5309 ei
1084 5252 1261 5325 supradictus
1280 5243 1444 5319 monachus,
1465 5252 1560 5308 dicens
1578 5274 1583 5308 :
1605 5255 1647 5310 Tu
1667 5256 1780 5328 quidem

140 5350 176 5401 et
184 5345 360 5416 negligentia
367 5347 441 5401 illius
451 5349 579 5402 monachi
588 5355 657 5412 crat,
669 5354 700 5401 ut
709 5363 765 5401 non
776 5346 943 5401 exaudiren-
983 5340 1085 5401 venisti
1095 5341 1131 5397 ad
1141 5341 1374 5413 meinterrogare,
1387 5340 1454 5412 quia
1463 5342 1729 5413 gellunculusvertit
1739 5362 1780 5412 se,

139 5441 195 5491 tur
211 5436 359 5490 orationes
373 5437 434 5507 ejus
446 5455 452 5503 ;
466 5445 495 5491 et
503 5444 571 5492 tunc
580 5437 650 5491 dixit
657 5436 750 5490 senior
758 5436 798 5491 ei:
811 5436 883 5500 Quia
894 5440 945 5488 tua
985 5438 1014 5487 et
1026 5430 1179 5486 effunditur
1193 5446 1267 5502 aqua
1280 5429 1294 5484 ‘l
1307 5431 1364 5502 Ego
1376 5436 1472 5486 autem
1489 5432 1555 5503 quid
1575 5433 1665 5489 habco
1678 5433 1778 5501 facere,

141 5524 230 5597 culpa
255 5531 307 5592 est,
324 5525 420 5591 frater,
447 5527 495 5597 qui
515 5527 716 5581 condelectaris
730 5524 945 5598 cogitationibus
986 5522 1053 5595 quia
1067 5520 1119 5575 hac
1146 5524 1228 5574 nocte
1243 5519 1329 5575 cecidi
1343 5520 1373 5574 in
1397 5520 1641 5578 luminationem?
1660 5522 1783 5596 Respon-

183 5640 193 5676 ¹
215 5642 301 5710 Nota,
320 5658 376 5779 app
392 5643 769 5781 Dcituqqqulpendmim
783 5642 955 5709 otliciosum3
971 5639 1029 5695 sors
1042 5636 1207 5712 spiritaliter
1220 5652 1250 5692 se
1263 5636 1431 5695 fornicatum
1445 5636 1630 5780 intelligit.2⁴

360 5731 470 5780 all'llob.
611 5761 620 5780 .
