3818 6120
146 245 202 304 515
667 243 718 305 DE
735 242 830 301 Vl'l'lS
849 240 998 299 Parata
1016 239 1124 298 alana
1141 240 1287 301 saluus.
1735 252 1788 310 516

149 374 273 447 Spiritus
298 372 436 445 gladium,
451 371 526 444 quod
543 382 588 426 est
603 367 720 424 verbum
734 369 796 436 Dei,
815 367 945 422 manibus
957 366 1075 426 Asionis
1088 367 1202 424 modurn
1219 368 1456 441 comprehendere
1468 371 1585 429 minime
1595 373 1714 431 studeas
1728 377 1785 445 tne-

147 463 301 536 sumpseris
315 463 471 532 (Epamvr),
486 466 571 532 atque
586 459 710 531 nudique
730 464 758 512 te
772 456 946 530 praestantis·
988 472 1042 526 que
1054 457 1130 511 enim
1145 458 1342 529 comprehendi
1352 465 1568 531 potest),verum
1577 462 1691 535 integro
1704 466 1784 522 corde

148 553 227 608 simis
237 552 323 607 armis
338 550 503 605 instruxeris
518 567 550 605 ac
561 547 722 612 muniveris,
734 547 775 602 ita
789 547 902 601 demum
915 547 946 599 ii·
987 561 1020 600 ac
1033 546 1093 601 aas
1108 547 1166 601 ulla
1179 564 1386 618 supervacanea
1394 550 1611 623 investigatione
1626 554 1697 609 illud
1711 561 1780 623 tene,

147 641 224 696 denti
235 640 371 695 animoad
379 639 552 694 bellumcum
561 638 706 709 impietate
713 634 946 691 committendum
987 634 1119 689 nimirum
1131 636 1241 690 Patrem
1253 644 1282 691 et
1291 637 1393 693 Filium
1402 644 1432 693 et
1442 639 1577 712 Spiritum
1588 650 1721 698 sanctum
1731 660 1783 699 om·

147 730 290 800 egredere,
304 736 337 784 ut
351 746 385 783 ea
402 731 431 783 in
453 729 550 799 sugam
564 743 653 792 versa,
670 732 754 796 atque
776 723 864 795 ipsius
876 723 947 778 duce
988 722 1070 778 nibus
1080 724 1266 779 modisunum
1277 730 1783 804 esse,exoeptaingenitiproprietstc,

146 817 257 872 diabolo
267 818 296 873 in
308 823 414 873 terram
426 818 514 882 alliso,
525 833 542 871 a
552 817 650 871 dextra
661 813 773 869 Domini
786 829 871 867 manu
884 827 947 883 quta
988 818 1016 866 et
1029 812 1221 882 generatione,
1239 821 1266 869 et
1281 816 1456 886 processione
1469 836 1476 884 3
1493 818 1619 890 illudque
1633 820 1714 885 item,
1726 822 1786 877 uni·

146 906 208 961 ritae
229 908 399 980 principium
421 908 510 973 affert,
527 906 669 960 victricem
692 918 826 958 coronam
848 917 946 956 conse-
987 900 1115 971 genitum
1129 901 1231 956 Filium
1253 918 1287 957 ac
1301 904 1352 959 Dei
1373 903 1506 972 Verbum,
1524 912 1553 962 et
1566 907 1669 973 Deum,
1691 909 1786 966 salutis

150 995 255 1066 qumvis,
923 1064 926 1071 Ι
987 994 1090 1044 nostrae
1106 1006 1191 1044 causa
1205 991 1296 1045 Patris
1309 991 1432 1059 decreto,
1443 1010 1476 1049 ac
1495 994 1617 1066 Spiritus
1635 997 1729 1051 sancti
1742 997 1787 1053 ad-

186 1085 447 1145 Cnr.Xlll.—tlum
457 1085 587 1139 Barlaam
597 1081 758 1153 hujusmodi
768 1078 902 1135 doctrinis
913 1094 945 1132 ac
983 1077 1083 1146 juncta
1096 1094 1190 1149 opera,
1214 1080 1365 1136 interram
1388 1081 1581 1151 descendisse;
1598 1083 1660 1139 sine
1681 1086 1787 1142 semino

145 1177 298 1236 salutiferis
312 1175 488 1230 sermonibus
500 1173 574 1245 regis
589 1172 678 1227 silium
693 1169 848 1236 imbuisset,
860 1175 945 1238 atque
986 1165 1016 1220 iu
1030 1174 1132 1222 sancta
1146 1168 1269 1238 Virginis
1283 1186 1316 1224 ac
1325 1170 1375 1225 Dei
1380 1171 1526 1241 genitricis
1540 1172 1634 1229 Mariae
1645 1179 1730 1229 utero
1739 1191 1788 1246 per

147 1270 183 1325 ad
197 1267 322 1324 divinum
336 1264 509 1336 baptismum
523 1267 716 1334 praeparasset,
731 1259 821 1330 eique,
833 1264 866 1312 ut
878 1272 945 1311 con·
987 1254 1125 1326 Spiritum
1140 1265 1268 1343 sanctum
1283 1265 1460 1332 conceptum,
1471 1276 1503 1315 ac
1516 1261 1578 1316 sino
1589 1262 1650 1317 ulla
1660 1261 1724 1316 labe
1737 1280 1787 1334 go·

145 1357 265 1413 suetudo
282 1355 346 1419 sert,
366 1353 402 1408 ad
416 1353 524 1423 aliquot
542 1352 601 1405 dies
618 1351 749 1421 jejunare
768 1364 800 1402 ac
815 1345 944 1419 precibus
986 1343 1086 1407 nilum,
1104 1344 1313 1417 perfectumque
1335 1347 1480 1403 hominem
1494 1349 1638 1418 ellectum
1660 1350 1786 1423 illudque

146 1445 307 1501 incumbere
326 1440 510 1514 precepisset,
536 1440 572 1493 ad
596 1455 660 1493 eum
685 1436 782 1492 crebre
808 1435 945 1490 ventitare
985 1438 1131 1503 praterea,
1156 1435 1248 1505 ipsum
1277 1436 1430 1506 perfectum
1445 1437 1546 1503 Deum,
1570 1454 1604 1493 ac
1629 1439 1786 1510 perfectum

146 1551 203 1589 non
217 1531 371 1588 desinebat.
388 1536 474 1600 atque
494 1527 589 1582 omnia
602 1526 762 1581 orthodoxae
791 1525 856 1579 fidei
874 1523 944 1594 dog·
985 1521 1128 1577 hominem
1140 1539 1211 1589 esse,
1225 1541 1258 1579 ex
1268 1524 1377 1579 duabus
1387 1526 1506 1592 naturis,
1520 1527 1787 1585 hocestdirinitstc

146 1628 224 1678 mata
250 1621 303 1693 ipsi
320 1618 460 1685 tradebat,
482 1617 663 1688 divinumque
690 1614 873 1685 Evangelium
896 1628 944 1667 ex·
985 1617 1014 1664 et
1027 1610 1212 1678 humanitate,
1224 1629 1256 1667 ac
1268 1612 1298 1667 in
1309 1613 1419 1669 duabus
1432 1616 1541 1671 naturis
1555 1616 1748 1688 intelligentia
1759 1624 1787 1675 at

144 1710 275 1783 ponebat,
296 1725 329 1764 ac
343 1714 479 1781 praeterea
502 1705 668 1777 apostolicas
692 1702 902 1758 cohortationes
915 1705 974 1783 etB
985 1700 1129 1756 voluntate
1143 1707 1172 1756 et
1179 1703 1341 1773 operatione
1351 1704 1495 1759 etarbitrii
1508 1703 1640 1761 libertate
1649 1705 1786 1777 praeditis,

144 1800 345 1872 prophetarum
354 1799 415 1851 loca
427 1797 490 1867 ipsa
500 1793 675 1866 explanabat.
688 1794 760 1848 Nam
771 1808 835 1846 cum
845 1791 888 1845 vir
896 1790 944 1846 ille
986 1794 1070 1860 atque
1085 1790 1162 1844 omni
1178 1791 1287 1846 ratione
1301 1792 1440 1863 perfectis,
1452 1795 1533 1864 juxta
1546 1810 1679 1849 nornrarn
1694 1812 1728 1850 ac
1740 1811 1786 1849 ra·

144 1889 279 1944 divinitus
287 1886 391 1942 tradita
405 1883 669 1954 doctrinapolleret‚
678 1897 790 1936 omnem
802 1886 861 1935 tam
872 1884 945 1934 vete·
985 1876 1091 1932 tionem
1108 1879 1220 1951 utrique
1234 1886 1351 1947 natur-a,
1367 1881 1421 1936 hoc
1433 1888 1477 1936 est
1489 1882 1591 1938 divina
1605 1889 1636 1938 et
1654 1884 1785 1941 humana

144 1978 184 2034 ris
198 1993 283 2049 quam
299 1974 363 2030 novi
375 1972 549 2029 Testamenti
569 1971 704 2042 scripturn
719 1969 883 2024 memoriter
897 1984 943 2023 re-
985 1973 1212 2035 consentaneam,
1220 1971 1644 2043 uuaautemflmcomposita
1652 1988 1782 2044 persona

144 2066 259 2122 citabat.
283 2065 409 2135 Cumque
429 2062 523 2116 divino
543 2060 649 2132 Spiritu
664 2059 796 2113 incitatus
811 2058 940 2122 ferretur,
985 2054 1061 2120 Haec,
1076 2055 1201 2128 inquam,
1222 2057 1388 2130 simpliciter
1411 2063 1496 2129 atque
1521 2060 1583 2115 sine
1601 2061 1662 2116 ulla
1674 2062 1786 2117 curiosa

143 2154 348 2211 adolescentem
359 2168 430 2207 verae
442 2151 490 2206 Dei
504 2149 611 2204 notitiae
626 2149 688 2204 luce
702 2146 885 2202 collustravit.
903 2147 942 2201 Eo
984 2143 1199 2216 investigatione
1219 2147 1335 2218 accipe:
1358 2163 1410 2203 nec
1427 2148 1496 2204 illud
1513 2149 1674 2221 intelligere
1692 2151 1783 2221 stude,

143 2249 239 2299 autem
250 2243 296 2298 dic
310 2258 365 2313 quo
383 2240 569 2312 baptizandus
585 2244 654 2301 orat,
670 2236 787 2292 docendi
800 2252 885 2290 causa
898 2235 943 2289 his
984 2249 1107 2304 quonam
1118 2240 1197 2306 pacto
1205 2235 1255 2290 Dei
1265 2235 1351 2291 Filius
1359 2237 1483 2308 seipsum
1494 2238 1692 2303 exinaniverit,
1700 2246 1783 2312 smne

142 2333 177 2388 ad
192 2349 257 2388 eum
273 2329 363 2387 verbis
377 2328 509 2384 utebatur
527 2345 532 2380 :
549 2327 589 2381 En
605 2325 709 2381 Christi
727 2324 851 2395 sigillum
872 2323 943 2378 acei-
984 2338 1016 2376 ex
1030 2322 1163 2394 virgineis
1182 2324 1365 2395 sanguinibus
1385 2325 1469 2381 homo
1489 2327 1550 2383 sine
1569 2306 1680 2383 semino
1698 2335 1781 2401 amne

142 2439 218 2495 pere.
228 2426 313 2493 atque
324 2418 457 2475 dominici
467 2417 560 2471 vultus
570 2414 676 2470 lumine
684 2413 844 2484 consignari
856 2414 940 2479 (Prot.
983 2412 1160 2483 corruptione
1182 2412 1271 2469 tactus
1295 2413 1397 2482 fuerit3
1414 2422 1465 2471 aut
1483 2432 1606 2487 quonam
1620 2423 1704 2489 pacto
1719 2418 1781 2473 dua

142 2514 188 2581 ivl,
204 2511 312 2581 Deique
322 2508 406 2575 tilius,
419 2523 451 2561 ac
461 2505 561 2560 vivifici
577 2503 697 2575 Spiritus
711 2502 849 2573 templum
869 2501 942 2557 effici
983 2506 1090 2556 naturas
1104 2499 1134 2555 in
1148 2518 1234 2556 unam
1256 2519 1406 2573 personam
1419 2505 1610 2560 convenerint.
1629 2506 1704 2560 Nam
1723 2506 1782 2561 hnc

143 2614 288 2670 properas,
446 2646 462 2671 ο
984 2605 1044 2658 quae
1063 2589 1197 2645 divinitus
1210 2590 1289 2646 nobis
1303 2609 1321 2646 a
1342 2591 1488 2662 Scriptura
1502 2599 1601 2649 sancta
1615 2594 1693 2649 dieta
1705 2602 1780 2657 sunt,

179 2686 316 2751 Quocirca
322 2685 351 2739 in
361 2685 473 2739 Patrem
484 2687 513 2737 et
521 2681 623 2736 Filium
630 2685 658 2735 et
664 2679 799 2751 Spiritum
812 2683 942 2733 sanctum
982 2677 1038 2732 nde
1052 2683 1148 2734 tenere
1158 2679 1291 2735 docemur
1307 2698 1313 2734 :
1328 2681 1443 2741 modum
1454 2688 1550 2737 autem
1562 2683 1717 2749 nescimus,
1732 2700 1787 2739 nae

143 2775 234 2841 crede,
247 2780 384 2843 sanctam,
394 2773 520 2844 inquam,
536 2787 570 2825 ex
583 2786 640 2841 qua
653 2768 710 2822 vita
723 2767 834 2822 initium
850 2766 939 2833 duxit,
983 2782 1120 2837 exponere
1138 2784 1294 2839 possumus.

142 2863 319 2929 Trinitatem,
333 2879 394 2934 quae
408 2863 437 2916 in
452 2860 542 2915 tribus
553 2857 680 2931 personis
690 2864 720 2912 et
728 2872 785 2912 una
794 2855 940 2911 divinitate
1017 2855 1106 2910 Crede
1120 2855 1222 2912 Filium
1242 2857 1303 2925 Dei,
1320 2859 1370 2930 qui
1383 2876 1434 2931 per
1455 2861 1561 2915 viscera
1581 2860 1791 2919 misericordia

141 2952 308 3019 celebratur,
324 2968 366 3015 ac,
378 2957 514 3022 quantum
525 2947 639 3019 quidem
649 2946 685 3001 ad
695 2961 828 3018 personas
839 2949 867 2998 et
879 2959 941 3015 per·
981 2960 1037 2998 suae
1048 2944 1131 3000 homo
1138 2945 1228 3001 factus
1235 2952 1288 3015 est,
1297 2963 1395 3003 omnes
1405 2965 1453 3004 ess
1462 2949 1602 3005 humanas
1609 2950 1790 3020 affectiones,

140 3042 251 3097 sonales
261 3040 447 3113 proprietates
466 3037 576 3103 attinet,
588 3036 722 3092 distincta
735 3041 788 3101 est,
803 3038 940 3106 quantum
982 3049 1043 3104 qua
1067 3035 1210 3090 naturales
1231 3042 1307 3103 sunt,
1323 3053 1375 3092 nec
1393 3037 1460 3092 vitio
1483 3037 1597 3106 dantur,
1614 3040 1781 3112 suscepisse.

139 3137 235 3186 autem
250 3129 285 3185 od
301 3128 461 3192 essentiam,
477 3128 626 3198 conjuncta
642 3123 809 3196 etcopulata
828 3141 833 3176 :
851 3138 940 3177 unum
981 3120 1065 3178 Fame
1073 3123 1159 3190 enim,
1172 3130 1309 3196 quantum
1317 3126 1352 3180 ad
1364 3127 1660 3183 humanamnaturam
1668 3128 1782 3197 attinet,

138 3218 392 3289 Deumingenitum
402 3232 565 3288 agnoscens,
575 3221 755 3286 atqueunum
766 3211 868 3267 Filium
880 3209 941 3265 uni·
981 3226 1013 3264 ac
1027 3211 1074 3265 siti
1085 3211 1230 3280 laboravit,
1247 3219 1274 3268 et
1289 3213 1429 3281 dormint,
1444 3220 1473 3270 et
1487 3215 1517 3270 in
1533 3232 1642 3287 angore
1655 3223 1778 3273 versatus

137 3305 670 3380 genitum,Dominumnostrumlesum
680 3301 832 3365 Christum,
842 3300 938 3354 lumen
981 3305 1033 3366 est,
1045 3306 1073 3355 et
1082 3317 1133 3372 pro
1152 3301 1256 3357 nostris
1270 3303 1469 3374 iniquitatibus
1483 3304 1518 3359 ad
1531 3312 1654 3361 mortem
1668 3305 1776 3375 dumus,

138 3397 173 3452 de
183 3397 299 3462 lumine,
310 3396 401 3451 Deum
414 3411 509 3450 verum
525 3393 560 3448 de
575 3393 633 3449 Deo
643 3408 717 3451 vero,
728 3390 857 3462 genitum
872 3393 939 3443 anto
981 3388 1112 3460 crucique
1123 3390 1232 3451 afflxus.
1244 3408 1277 3446 ac
1291 3391 1440 3462 degustata
1453 3399 1544 3448 morte
1555 3394 1706 3465 sepultura
1719 3396 1777 3451 adc-

139 3487 232 3542 omuia
246 3486 358 3541 secula.
372 3483 494 3552 (Etenim
509 3498 541 3536 ex
557 3481 630 3536 bono
646 3481 729 3534 Patre
745 3478 836 3534 bonus
851 3477 939 3532 Filius
981 3483 1042 3533 ctus
1055 3485 1107 3546 ost,
1121 3479 1216 3534 divina
1227 3480 1339 3536 interim
1353 3482 1586 3538 naturaabomni
1601 3484 1777 3556 perpessione

137 3577 250 3646 genitus
266 3579 317 3639 est,
334 3578 402 3628 etex
416 3570 561 3642 unigenito
573 3566 940 3639 luminesempiternumlu·
980 3582 1012 3620 ac
1027 3567 1183 3623 mutatione
1197 3568 1286 3624 libera
1296 3577 1437 3626 manente.
1449 3571 1566 3627 Nullum
1577 3571 1656 3628 enim
1666 3574 1777 3631 omnino

138 3681 203 3720 men
231 3663 346 3728 effulsit,
372 3678 405 3715 ex
432 3676 498 3715 vera
515 3659 572 3713 rita
592 3657 717 3712 vivificus
743 3654 805 3711 sons
822 3654 937 3728 prodiit,
980 3656 1188 3727 perpessionem
1210 3657 1298 3729 ipsius
1321 3663 1430 3714 naturae
1448 3657 1483 3714 ab
1504 3659 1582 3714 omni
1600 3661 1778 3733 perpessione

138 3759 167 3807 ot
180 3752 340 3823 exipsamet
346 3749 481 3822 potentia,
493 3747 557 3803 Filii
564 3745 691 3819 potentia
703 3744 826 3809 emicuit,
836 3743 886 3815 qui
896 3749 941 3798 est
981 3743 1080 3799 alienae
1094 3744 1291 3814 attribuimus3
1309 3763 1406 3802 verum
1424 3734 1454 3802 in
1469 3764 1503 3803 ea
1517 3752 1624 3804 natura
1637 3766 1726 3822 quam
1740 3766 1778 3807 as·

137 3839 270 3911 splendor
278 3835 511 3909 gloriae[Hebr.1],
524 3833 684 3891 etVerbum
694 3850 757 3889 vere
769 3831 936 3899 subsistens,
979 3833 1102 3905 sumpsit
1115 3851 1180 3890 eum
1192 3851 1306 3907 passum
1320 3842 1349 3890 et
1362 3836 1504 3909 sepultum
1514 3853 1576 3892 esse
1585 3839 1775 3909 agnoscimus

138 3928 228 4001 quiin
247 3926 384 3999 principio
401 3930 471 3989 erat,
488 3930 517 3979 et
537 3923 612 3996 apud
626 3923 717 3979 Deum
733 3925 803 3989 erat,
820 3927 849 3976 et
863 3921 938 3977 Deus
980 3937 1012 3975 ac
1025 3920 1119 3977 divina
1124 3922 1215 3994 gloria
1226 3930 1342 3980 amorte
1355 3924 1392 3980 ad
1402 3924 1488 3980 vitam
1500 3931 1529 3980 et
1536 3924 1776 3984 immortalitatem

137 4025 199 4074 erat
212 4019 303 4091 [loen.
317 4015 353 4089 1],
367 4013 497 4087 principii
511 4028 609 4085 expers
624 4017 653 4067 et
666 4010 871 4083 sempiternum
888 4025 939 4081 per
980 4009 1130 4066 excimum
1144 4029 1214 4080 esse,
1225 4018 1310 4084 atque
1324 4013 1354 4068 in
1368 4014 1451 4069 coelos
1466 4014 1636 4083 modicae,
1649 4015 1776 4072 tandem·

137 4123 222 4179 quern
237 4104 332 4162 omnia
352 4104 513 4169 factasunt,
530 4107 590 4157 tam
605 4117 668 4173 quae
682 4099 769 4156 oculis
783 4103 938 4154 cernuntur
979 4110 1033 4165 que
1045 4111 1157 4151 rursum
1167 4097 1328 4170 cumgloria
1337 4105 1486 4156 venturum
1496 4115 1566 4166 esse,
1576 4106 1611 4156 ut
1621 4100 1657 4156 de
1671 4101 1776 4157 risisse

137 4214 221 4270 quam
237 4212 297 4268 qua
307 4193 384 4250 cerni
396 4193 565 4265 nequeunt.)
575 4190 707 4246 litunum
719 4188 854 4261 Spiritum
870 4203 937 4243 sarr-
977 4185 1096 4240 mortuis
1117 4187 1287 4243 sententiam
1310 4188 1392 4256 terat,
1408 4194 1492 4262 atque
1505 4189 1661 4263 unicuique
1683 4207 1736 4264 pro
1747 4205 1775 4247 so

135 4293 222 4353 ctum,
234 4302 267 4341 ex
281 4285 365 4339 Patre
380 4281 588 4354 procedentem,
599 4294 762 4351 agnoscens,
773 4279 863 4334 Deum
874 4292 937 4349 per·
977 4288 1010 4327 ac
1024 4274 1142 4330 meritus
1152 4282 1196 4331 est
1209 4277 1346 4347 rependat
1356 4278 1462 4342 (Mettis.
1474 4293 1518 4333 xrs
1528 4280 1717 4349 morasus).
1730 4279 1776 4337 lle·

134 4375 248 4442 sectum,
258 4373 380 4429 etvitam
394 4371 568 4435 afferentem,
578 4386 610 4424 ac
619 4367 800 4424 sanctitatem
807 4365 934 4439 praeben·
943 4352 967 4414 D
977 4370 1094 4434 surgent
1108 4363 1182 4420 enim
1197 4366 1311 4431 mortui,
1324 4372 1352 4422 et
1364 4367 1559 4423 excitabuntur
1571 4368 1622 4440 qul
1635 4368 1667 4424 in
1683 4384 1774 4425 monn·

134 4468 202 4529 tem,
233 4458 332 4515 eadem
355 4457 502 4512 voluntate
530 4453 690 4526 preditum,
716 4452 939 4524 omnipotentem
979 4452 1082 4508 mentis
1096 4459 1171 4509 sunt.
1183 4456 1274 4525 Atque
1288 4455 1329 4510 illi
1342 4456 1455 4526 quidem
1466 4456 1515 4528 qui
1529 4457 1634 4513 Christi
1645 4456 1774 4514 mandata

134 4550 264 4606 eamdem
275 4545 463 4603 eternitatem
473 4542 634 4610 habentem,
647 4558 712 4597 vere
722 4540 936 4597 subsistentem.
979 4541 1196 4609 observaverint,
1206 4549 1234 4599 et
1243 4544 1273 4600 in
1279 4550 1356 4600 recta
1365 4545 1421 4601 lide
1428 4546 1521 4601 exhac
1530 4546 1771 4611 umsxcsssenot

134 4636 356 4708 adhuncigitur
365 4634 481 4690 modum
491 4633 605 4687 Patrem
617 4630 754 4686 etFilium
764 4635 793 4685 et
801 4629 938 4702 Spiritum
978 4632 1772 4709 sempiternamvitamhaereditariopossidebunt3quisu·

134 4734 263 4783 sanctum
275 4722 499 4791 adora,intribus
508 4720 636 4794 personis
646 4736 697 4776 seu
706 4716 934 4792 proprietatibus,
977 4725 1035 4775 tem
1047 4721 1208 4794 inpeccatis
1222 4738 1284 4778 sese
1297 4723 1483 4796 corruperint,
1499 4731 1584 4796 atque
1601 4741 1619 4780 a
1631 4729 1712 4780 recta
1723 4723 1772 4781 hdo

134 4821 218 4888 atque
230 4815 261 4870 in
275 4830 334 4869 una
347 4813 504 4868 divinitate.
519 4808 684 4866 Communis
702 4807 777 4864 enim
787 4806 831 4863 his
845 4806 936 4863 tribua
977 4811 1405 4886 deflexerint,'adsernpiternum
1415 4813 1583 4887 supplicium
1595 4812 1773 4871 abiturisunt

134 4902 416 4973 estdivinitas,atque
427 4917 485 4956 una
491 4900 619 4972 ipsorum
627 4903 729 4953 natura
739 4903 791 4965 est,
804 4913 862 4953 una
871 4894 935 4951 sub·
978 4901 1107 4970 (leons).
1115 4899 1427 4956 Credenecullammali
1433 4901 1772 4974 essentiam,uecregnurn

134 4992 247 5052 stantia.
275 5007 332 5046 una
344 4990 444 5062 gloria,
469 5006 557 5045 unum
582 5003 710 5060 regnum,
725 5003 783 5041 una
795 4985 931 5058 potentia,
974 4987 1064 5043 ullum
1078 5004 1139 5042 esse
1154 5006 1160 5053 ;
1176 5004 1227 5044 neo
1240 4990 1370 5062 principii
1384 5006 1483 5062 expers
1503 4989 1573 5046 illud
1588 5006 1651 5045 esse
1671 4996 1771 5057 statne,

133 5096 190 5135 una
199 5078 530 5135 auctoritas.(iommune
539 5083 635 5133 annm
644 5083 688 5133 est
697 5075 766 5131 Filio
777 5080 805 5130 et
815 5074 932 5147 Spiritui
974 5079 1023 5130 aut
1049 5076 1079 5130 in
1097 5077 1189 5148 seipso
1215 5079 1363 5143 exstitisse,
1386 5079 1429 5133 vel
1451 5078 1536 5134 etiam
1563 5095 1582 5134 a
1603 5079 1665 5135 Deo
1682 5088 1773 5135 ortum

131 5174 237 5235 sancto,
255 5165 330 5238 quod
343 5183 376 5220 ax
386 5166 470 5220 Patre
479 5171 546 5221 sunt
558 5182 565 5218 τ
579 5170 685 5220 atvero
698 5163 775 5219 Patri
786 5164 932 5236 proprium
972 5165 1090 5220 traxisse
1100 5166 1206 5237 (procul
1220 5183 1237 5221 a
1249 5173 1279 5222 te
1288 5176 1326 5222 srt
1335 5167 1393 5223 hac
1410 5165 1696 5234 absurditas),rarum
1705 5182 1772 5240 opus

131 5263 175 5312 est
202 5254 359 5327 ingenitum
382 5271 453 5321 esse,
479 5255 550 5310 Filio
573 5254 703 5326 genitum
721 5269 792 5322 esse,
814 5252 931 5324 Spiritui
972 5260 1099 5309 nostrum
1114 5271 1146 5309 ac
1160 5254 1264 5310 diaboli
1278 5257 1330 5311 hoc
1344 5256 1609 5327 essc,qu0dnostra
1621 5255 1773 5311 incuriset

131 5345 253 5418 denique
269 5342 448 5415 processisse.
972 5343 1144 5414 negligentia
1162 5344 1281 5417 obrepit,
1297 5352 1448 5417 propterea
1461 5344 1536 5418 quod
1548 5343 1641 5401 liban
1654 5343 1774 5401 arbitrio

166 5435 211 5491 Sic
226 5432 313 5505 igitur
325 5431 383 5489 hac
396 5428 479 5487 crede
491 5448 497 5485 :
510 5435 541 5485 at
551 5429 741 5501 generationis
755 5436 806 5487 aut
818 5445 930 5504 proces·
970 5432 1081 5505 prediti
1097 5449 1204 5502 sumus,
1220 5450 1253 5490 ac
1267 5440 1367 5507 sponte
1385 5439 1483 5490 nocua
1491 5438 1549 5489 tam
1565 5432 1675 5490 bonum
1691 5449 1775 5507 quarn

970 5518 1078 5578 italum
1092 5520 1233 5594 eligimus.
1253 5521 1296 5579 Ad
1312 5523 1372 5580 hac
1384 5538 1474 5581 unum
1486 5520 1629 5597 baptisma
1655 5539 1690 5579 ea
1703 5536 1777 5597 aqna
