3818 6120
136 257 204 316 1085
702 338 712 353 .
782 259 951 318 rauthan
974 254 1186 314 PROOEMIUll·
1453 253 1455 256 ⁴
1697 248 1766 308 1086

132 383 195 438 dica
204 381 321 437 Petrum
331 381 366 436 de
379 381 448 453 ipso.
464 382 583 438 Sanctus
590 384 788 456 hieronymus,
805 386 885 455 cujus
900 383 1056 456 inAgiani.
1072 379 1341 506 Sagmiconjectura
1352 375 1484 432 suislocis
1496 376 1619 447 inopere
1646 375 1764 430 uosdam

131 455 184 510 hac
195 470 225 507 re
229 453 367 524 judicium
379 453 730 524 probatsanctusGelasius
738 456 927 538 l,praesatione
968 455 1050 511 istius
1059 454 1105 508 fur
1136 452 1174 506 ris
1185 449 1419 531 indicabimusUt
1428 447 1518 530 magis
1525 392 1732 528 autombciem
1738 452 1767 502 et

129 526 159 580 in
167 525 238 580 libro
246 525 379 579 adversus
390 525 564 595 Pelagianos,
577 527 616 580 ait
630 544 655 579 2«
667 526 810 581 Palladius
820 527 927 582 servilis
967 527 1068 582 intima
1082 522 1201 580 Palladii
1215 522 1402 602 introspicras‚
1416 525 1485 573 scito
1499 535 1591 589 ipsum
1605 515 1692 600 tuisse
1706 518 1764 599 dis·

130 596 263 668 nequitiae
289 596 419 650 haeresim
442 596 621 666 Pelagianam
639 597 798 652 instaurare
812 605 928 653 conatus
969 598 1091 669 cipulum
1113 593 1223 664 Evagrii
1236 592 1343 646 Pontici
1362 591 1526 661 Origenistae
1544 590 1667 643 haeretvcx
1682 594 1765 644 toties

130 673 206 722 est.»
223 668 344 722 Sanctus
353 667 536 738 Epiphanius,
554 684 570 722 e
590 669 635 722 ist.
648 668 683 723 ad
698 671 834 724 loannem
847 671 927 724 Jero-
969 668 1004 722 ab
1018 667 1140 723 Ecclesia
1150 664 1285 728 damnati,
1300 663 1334 717 de
1346 674 1403 733 'quo
1413 663 1499 743 'plura
1513 661 1709 743 annotavimus
1724 664 1765 714 to·

128 738 386 821 solymitauum,sic
397 738 487 809 inquit
500 757 522 791 :r
538 686 695 795 Palladium
705 757 770 795 vero
785 740 923 808 Galatam,
968 756 1014 794 mo
1025 741 1059 806 V,
1078 737 1265 807 [Bibliothecae
1277 736 1402 816 lffatruml
1412 738 1491 786 mitio
1501 732 1566 816 libri
1582 732 1765 813 Evagradlm

149 827 177 864 ur
212 809 333 863 nondam
350 809 430 863 nobis
444 810 545 864 charus
559 810 621 877 suit,
639 817 667 865 et
678 828 753 865 nunc
767 812 926 866 misericor·
968 812 1003 865 de
1013 827 1042 866 se
1052 814 1173 864 testatur
1186 806 1328 862 Palladius
1342 821 1371 858 ru
1391 805 1443 857 hac
1453 804 1598 868 Laustasa,
1619 819 1683 884 cum
1698 806 1739 856 art
1756 817 1762 853 :

127 827 176 935 dia
187 828 238 935 bei
251 880 367 951 indiget,
375 897 450 946 cave,
460 881 526 952 quia
541 882 588 936 Ori
611 883 670 936 enis
685 882 815 937 haeresim
827 883 926 953 praedi·
969 880 1131 952 «Respondi
1143 895 1188 932 me
1203 893 1263 932 esse
1278 875 1467 947 peregrinum,
1476 880 1504 928 et
1517 875 1551 928 de
1566 874 1683 928 Galatiae
1699 889 1764 944 par-

130 958 177 1006 cat
191 952 317 1017 etdocet,
335 967 370 1005 ne
381 952 453 1005 forte
465 953 574 1022 aliquos
588 899 623 1006 de
635 954 737 1024 populo
753 952 804 1008 tibi
819 954 926 1008 credito
969 952 1044 1008 tibus
1050 952 1154 1017 venire,
1169 955 1197 1004 et
1211 963 1299 1003 uuum
1308 964 1341 1001 ex
1358 946 1467 1015 Evagrii
1482 945 1615 1000 fratribus
1625 961 1686 1026 esse
1700 961 1765 999 oon·

128 1023 164 1077 ad
179 1022 392 1094 perversitatem
402 1023 446 1076 sui
457 1023 573 1077 inducat
584 1025 697 1078 erroris.
713 1044 724 1076 r
740 1025 805 1079 llaec
814 1030 928 1079 sanctus
968 1023 1058 1079 fessus
1072 1039 1145 1077 sum.
1173 1039 1185 1073 r
1210 1020 1288 1075 Idem
1308 1019 1487 1072 affirmarunt
1508 1015 1711 1082 Socr·ates„hb.
1727 1030 1763 1082 1v,

129 1094 928 1165 Epiphanius.lltresPalladiigestas,vafriciemetodium
969 1112 1029 1177 cap.
1053 1093 1095 1160 18,
1121 1091 1347 1162 etNioephoruS‚
1363 1088 1411 1141 lib.
1436 1103 1549 1159 x1,cap.
1576 1086 1669 1168 ibat
1694 1086 1765 1169 nihil

128 1165 159 1219 in
172 1170 300 1219 sanctum
309 1164 513 1235 Hieronymum
519 1165 647 1236 pluribus
655 1167 927 1248 exponunthnnales
968 1182 1072 1221 mirum
1084 1164 1120 1218 sit
1130 1163 1154 1218 si
1169 1162 1267 1216 eodem
1280 1161 1339 1214 luto
1354 1175 1482 1213 errorum
1498 1174 1552 1228 quo
1564 1159 1698 1228 Magister
1712 1163 1766 1213 tm-

129 1235 324 1300 Ecclcsisstici,
335 1240 412 1289 tomo
422 1236 498 1290 VEx
512 1236 613 1306 quibus
627 1236 757 1291 omnibus
767 1238 856 1293 disces
866 1253 927 1309 quae
968 1243 1029 1292 ctus
1039 1235 1181 1290 Palladius
1189 1233 1282 1287 fuerit.
1290 1230 1492 1295 Quociraacum
1504 1230 1563 1310 hoc·
1571 1245 1640 1310 opus
1650 1229 1767 1284 laudaut

128 1307 198 1360 tides
214 1305 372 1361 adhibenda
388 1305 425 1360 sit
442 1306 571 1362 haeretico
591 1308 698 1362 homini
720 1309 885 1380 Origenistae
900 1315 929 1363 et
970 1310 1098 1364 Socrates
1109 1311 1138 1361 et
1151 1304 1335 1375 Nicephorus,
1352 1307 1384 1355 ut
1397 1317 1454 1356 non
1467 1301 1541 1355 imus
1556 1302 1663 1354 mlieres
1677 1301 1767 1355 multa

129 1377 291 1446 Pelagiano,
302 1377 332 1434 in
342 1377 386 1431 his
399 1379 555 1459 presertim
570 1395 632 1450 quae
648 1380 682 1434 de
697 1379 865 1451 quibusdam
883 1380 927 1435 sui
968 1380 1009 1434 illi
1023 1380 1114 1433 inesse
1131 1376 1212 1430 utilia
1226 1380 1255 1429 et
1266 1378 1351 1439 recta,
1360 1373 1400 1426 ita
1412 1377 1520 1426 certam
1535 1377 1579 1426 est
1589 1371 1652 1425 illos
1675 1372 1765 1452 qualis

129 1447 269 1503 similibus
284 1449 428 1503 monachis
449 1449 547 1504 eadem
573 1451 623 1505 fuli
644 1451 689 1505 ine
708 1451 802 1506 tinctis
828 1452 858 1506 in
875 1451 928 1506 hoo
968 1450 1111 1506 Palladius
1125 1446 1210 1501 suerit
1226 1461 1284 1501 non
1296 1443 1409 1517 penitus
1423 1449 1600 1515 perspectum
1623 1440 1764 1497 habuisse.

131 1535 217 1590 opere
231 1519 340 1591 prodit:
357 1536 389 1574 ac
402 1521 524 1574 maxime
538 1468 692 1577 verendum
706 1538 741 1576 ne
752 1523 862 1594 aliquos
876 1539 927 1593 pro
969 1522 1110 1576 Hactenus
1120 1519 1175 1573 ille.

129 1591 234 1645 sanctis
249 1591 381 1659 venditet,
399 1591 446 1662 qui
464 1592 579 1646 fuerunt
593 1593 768 1664 Origenistae,
794 1594 835 1648 vel
850 1594 929 1648 Pela·

577 1775 978 1985 honoralum
1015 1811 1324 1948 auctoris.

169 2063 261 2126 204
272 2060 305 2114 In
319 2059 371 2114 hoc
381 2059 453 2116 libro
468 2061 573 2133 scripta
588 2066 640 2129 est,
655 2077 711 2132 qua
724 2060 755 2114 in
768 2060 873 2115 virtute
895 2058 1056 2126 utebantur,
1073 2059 1235 2114 exercitatio
1256 2065 1284 2115 et
1296 2058 1470 2115 admirabilis
1484 2057 1547 2112 vitae
1562 2054 1676 2127 agenda
1689 2052 1763 2107 ratio

128 2147 277 2204 beatorum
292 2153 321 2203 et
334 2155 494 2205 sanatorum
500 2151 617 2205 Petrum
628 2150 675 2223 qui
685 2148 824 2221 degebant
840 2149 869 2202 in
880 2149 1047 2216 solitudine;
1067 2155 1100 2204 ut
1113 2166 1160 2204 eos
1170 2150 1338 2204 emulantur
1352 2166 1384 2204 ac
1400 2149 1545 2203 imitentur
1560 2145 1608 2217 qui
1622 2145 1764 2198 caelestem

129 2237 229 2292 volunt
238 2238 324 2292 vitam
339 2255 431 2310 agere,
449 2245 478 2294 et
491 2257 552 2311 quae
568 2240 603 2294 ad
616 2255 735 2311 regnum
751 2238 884 2294 caelorum
899 2237 1020 2305 deducit,
1037 2238 1111 2292 viam
1125 2238 1249 2310 ingradi;
1273 2255 1433 2311 anuumque
1453 2236 1604 2291 mulierum
1618 2231 1763 2298 memoria,

130 2330 160 2381 et
172 2325 341 2398 inclytarum
352 2332 475 2381 matrum
489 2328 573 2382 aDeo
588 2328 799 2400 inspiratarum,
816 2344 877 2398 quae
891 2342 994 2396 magno
1004 2330 1033 2380 et
1042 2325 1108 2381 lorti
1118 2327 1212 2381 animo
1223 2327 1335 2382 virtutis
1346 2324 1550 2381 exercitationis
1561 2336 1694 2395 peregere
1708 2335 1767 2374 cer-

130 2414 250 2481 tamina,
267 2421 299 2470 ut
312 2416 453 2487 exemplar
466 2421 649 2487 proponatur,
659 2421 687 2471 ct
697 2432 776 2470 amor
789 2415 926 2470 excitetur
939 2414 974 2469 iis
990 2431 1051 2487 quae
1072 2417 1251 2471 continentiae
1270 2433 1301 2470 ac
1316 2414 1462 2482 castitatis}
1472 2414 1570 2468 volunt
1583 2427 1684 2467 corona
1695 2407 1768 2463 redi·

132 2503 208 2570 miri,
223 2503 404 2558 exsententia
417 2508 446 2558 et
458 2505 602 2558 voluntate
615 2504 677 2572 viri,
692 2505 739 2575 qui
750 2510 793 2560 est
808 2504 884 2558 varia
902 2520 934 2559 ae
951 2505 1098 2576 multiplici
1118 2505 1246 2560 doctrina
1267 2504 1411 2577 praeditus,
1433 2503 1558 2558 moribus
1577 2501 1719 2574 pacificus,
1737 2503 1767 2552 et

131 2593 216 2648 corda
231 2592 304 2663 pius,
323 2598 472 2663 menteque
486 2593 644 2664 religiosus,
662 2593 733 2647 etin
752 2594 788 2648 iis
805 2609 866 2665 quae
879 2598 946 2648 sunt
959 2611 1029 2666 opus
1044 2594 1190 2665 egentibus
1205 2594 1444 2649 communicandis
1464 2591 1598 2657 liberalis,
1611 2594 1639 2646 et
1651 2593 1766 2661 propter

130 2697 244 2737 morum
255 2681 408 2736 bonitatem
423 2682 521 2736 multis
535 2682 602 2736 viris
616 2683 728 2737 eximiis
740 2689 783 2737 est
795 2683 825 2738 in
839 2683 956 2738 summis
968 2683 1122 2739 honoribus
1131 2685 1306 2756 prepositus,
1323 2690 1352 2739 et
1363 2684 1477 2739 omnino
1491 2681 1649 2737 custoditur
1661 2679 1766 2733 virtute

130 2770 218 2826 divini
232 2770 362 2842 Spiritus.
379 2771 434 2836 Qui
448 2771 561 2843 quidem
575 2772 655 2826 nobis
667 2772 762 2843 jussit,
776 2773 828 2839 vel,
841 2772 865 2826 si
880 2789 977 2827 verum
988 2759 1179 2844 potiusdicere
1194 2778 1331 2845 oporteat,
1344 2774 1380 2827 ad
1391 2789 1489 2829 eorum
1501 2788 1562 2844 qua
1574 2775 1641 2825 sunt
1650 2769 1768 2824 meliora

130 2861 397 2932 contemplationem
406 2861 492 2916 hebes
506 2866 675 2916 nostramet
688 2862 819 2917 obtusum
835 2862 964 2917 excitavit
977 2862 1132 2933 ingenium,
1150 2868 1182 2917 ut
1195 2864 1231 2917 ad
1245 2863 1454 2935 proponendam
1476 2862 1512 2915 ad
1531 2860 1699 2915 imitandum
1713 2857 1767 2912 vir·

129 2954 225 3004 tutum
235 2949 669 3006 exercitationisdecertationem
682 2955 844 3005 sanctorum
855 2956 883 3005 et
896 2950 1101 3006 immortalium
1117 2958 1146 3006 et
1160 2951 1331 3024 spiritalium
1342 2956 1456 3022 patrum
1470 2955 1643 3016 nostrorum,
1660 2948 1718 3019 qui,
1735 2951 1767 3003 ut

130 3040 191 3096 Deo
202 3040 356 3112 placerent,
372 3041 402 3094 in
416 3041 487 3096 dura
503 3048 532 3096 et
554 3058 653 3113 aspera
671 3042 837 3097 tractatione
852 3041 977 3113 corporis
992 3040 1077 3096 vitam
1097 3047 1224 3112 egerunt,
1243 3041 1441 3113 praeclarorum
1458 3038 1630 3093 athletarum
1648 3038 1735 3092 vitam
1748 3054 1767 3092 a

131 3129 213 3185 nobis
226 3129 396 3200 descriptam
412 3131 448 3184 ad
470 3148 534 3186 eum
556 3131 742 3198 mitteremus,
759 3131 981 3202 uniuscujusque
1001 3147 1033 3185 ex
1048 3130 1158 3200 magnis
1182 3134 1311 3185 strenuas
1325 3129 1502 3201 praedicando
1526 3127 1653 3182 virtutes.
1675 3126 1767 3181 Divini
1851 3171 1855 3178 .

132 3222 228 3273 autem
241 3218 326 3289 hujus
340 3222 369 3272 et
382 3218 516 3291 spiritalis
526 3220 659 3275 desiderii
674 3225 784 3275 amator
795 3225 837 3275 est
853 3221 971 3287 Lausus,
986 3218 1031 3274 cui
1046 3225 1109 3291 post
1123 3219 1248 3274 divinum
1272 3218 1407 3273 auxilium
1433 3218 1567 3273 mandata
1581 3221 1625 3272 est
1640 3215 1767 3270 custodia

132 3306 266 3361 divinitus
276 3305 365 3360 afflati
377 3312 405 3361 et
418 3307 542 3377 religiosi
557 3307 682 3379 imperii.

171 3392 232 3464 Ego
246 3394 333 3465 igitur
347 3394 395 3466 qui
405 3400 434 3449 et
442 3395 538 3466 lingua
549 3413 612 3451 sum
624 3396 792 3464 ineruditus,
802 3396 994 3469 etspiritalem
1006 3396 1194 3469 cognitionem
1202 3395 1532 3469 summisquodammodo
1541 3394 1627 3450 labris
1637 3393 1729 3465 attigi,
1739 3398 1769 3448 et

133 3483 266 3554 indignus
280 3501 343 3539 sum
360 3485 407 3557 qui
417 3501 577 3540 recenseam
588 3486 747 3556 catalogum
762 3486 919 3557 spiritalem
929 3487 1016 3542 vitam
1031 3487 1176 3558 agentium
1187 3491 1349 3542 sanctorum
1362 3487 1489 3551 Patrum,
1506 3489 1535 3540 et
1550 3484 1575 3538 si
1588 3481 1766 3538 reformidem

134 3572 266 3644 praecepti
280 3573 503 3643 magnitudinem
515 3573 588 3644 quod
602 3589 678 3628 meas
693 3574 765 3631 viras
774 3581 897 3646 superat,
916 3581 945 3630 et
955 3571 1066 3647 jussum
1082 3593 1155 3648 aegre
1169 3576 1267 3643 feram,
1282 3575 1357 3646 quod
1372 3581 1546 3644 etmagnam
1556 3577 1703 3628 externam
1720 3588 1767 3626 sa·

132 3659 280 3733 pientiam,
297 3667 327 3730 et
341 3662 496 3733 spiritalem
512 3663 630 3733 requirit
645 3663 875 3735 intelligentiam
891 3666 1027 3720 reveritus
1039 3671 1134 3720 tamen
1146 3666 1269 3737 primum
1279 3669 1308 3719 at
1323 3666 1383 3735 ejus
1394 3665 1442 3737 qui
1452 3664 1487 3718 ad
1498 3665 1550 3721 hoc
1559 3660 1767 3734 exsequendum

135 3766 188 3804 nos
198 3751 327 3806 excitavit
340 3751 481 3819 virtutem,
498 3759 527 3807 et
540 3759 673 3824 reputans
687 3771 785 3808 eorum
796 3755 843 3825 qui
860 3755 918 3809 haec
931 3755 1028 3827 legent
1041 3755 1202 3821 utilitatem,
1220 3759 1248 3808 et
1262 3755 1445 3809 extimescens
1463 3753 1620 3825 periculam
1635 3751 1709 3823 quod
1724 3767 1768 3805 es·

135 3857 196 3896 sem
209 3840 346 3908 aditurus,
363 3841 417 3896 etsi
428 3843 493 3913 jure
507 3858 607 3913 parere
622 3859 791 3910 recusarem,
808 3860 872 3898 cum
886 3845 1031 3916 egregium
1047 3844 1169 3917 prImum
1179 3846 1291 3915 jussum
1302 3843 1401 3898 divinae
1416 3842 1607 3914 ascripsissem
1621 3841 1770 3896 Providen-

135 3929 192 3995 tiae,
209 3945 366 4002 magnaque
380 3947 447 3985 usus
461 3947 551 3985 essem
566 3931 721 4001 diligentia,
737 3938 900 3987 sanctorum
922 3935 1040 3989 Petrum
1059 3933 1259 3988 intercessione
1273 3938 1392 4000 erectus,
1413 3933 1448 3986 ad
1472 3949 1505 3987 ea
1527 3948 1590 3987 sum
1608 3947 1768 4003 aggressus,

134 4018 223 4073 veluti
238 4020 359 4090 quodam
373 4019 538 4090 compendio
553 4021 750 4091 praeclarorum
772 4023 943 4078 athletarum
966 4028 995 4079 et
1015 4038 1182 4093 magnorum
1204 4022 1328 4076 virorum
1343 4038 1454 4077 summa
1464 4022 1555 4076 solum
1567 4021 1723 4076 certamina
1741 4025 1771 4077 et

136 4110 219 4181 signa
234 4107 402 4165 describens.

178 4203 270 4264 205
283 4197 342 4252 Nec
356 4199 532 4255 solummodo
542 4200 682 4255 clarorum
696 4200 830 4268 virorum,
844 4200 891 4273 qui
903 4200 1038 4274 optimam
1053 4216 1085 4254 ac
1100 4198 1362 4271 praestantissimam
1372 4214 1403 4252 ex
1414 4197 1517 4252 virtute
1525 4197 1611 4252 vitam
1620 4214 1712 4268 egere,
1721 4196 1769 4252 sed

137 4287 224 4342 etiam
238 4288 384 4343 beatarum
398 4287 548 4343 mulierum
558 4306 619 4360 quae
629 4289 659 4343 in
673 4290 911 4347 excellentissime
924 4290 988 4345 vitae
996 4305 1100 4361 genere
1107 4305 1137 4343 se
1152 4289 1267 4343 honeste
1278 4304 1435 4343 exercuere.
1445 4287 1480 4341 Et
1488 4287 1647 4358 aliquorum
1655 4286 1769 4359 quidem

137 4394 177 4431 ex·
185 4377 220 4430 iis
234 4393 328 4431 sacros
341 4378 434 4432 vultus
443 4382 476 4432 ut
490 4378 550 4450 ipse
562 4395 657 4432 coram
667 4379 789 4433 viderem
803 4397 866 4434 sum
879 4380 1020 4450 dignatus,
1033 4377 1081 4448 qui
1087 4379 1147 4448 jam
1159 4381 1224 4432 anta
1235 4382 1300 4432 sunt
1309 4376 1495 4432 consummati
1504 4376 1533 4430 iu
1542 4376 1697 4431 certamine
1709 4374 1770 4446 pie·

136 4465 223 4533 tatis;
239 4465 397 4537 aliquorum
419 4472 515 4521 autem
538 4467 681 4522 coelestem
694 4468 757 4525 vitae
772 4468 978 4523 institutionem
991 4465 1075 4520 didici
1096 4482 1113 4520 a
1132 4465 1232 4520 divinis
1253 4465 1375 4522 athletis.
1399 4465 1501 4521 Multas
1518 4471 1614 4520 autem
1634 4464 1772 4530 orbesat

136 4556 242 4611 multos
252 4555 335 4622 vicos,
353 4560 382 4609 et
395 4557 552 4626 speluncas,
569 4562 598 4612 et
616 4558 711 4626 omnia
725 4558 907 4614 tabernacula
920 4556 1025 4612 deserti
1043 4555 1245 4611 monachorum
1266 4554 1388 4627 pedestri
1411 4555 1511 4610 itinere
1527 4555 1633 4621 obiens,
1647 4554 1770 4625 diligan-

136 4643 245 4698 tissime
261 4644 434 4699 consideravi
446 4660 544 4699 eorum
558 4645 693 4717 pietatem
704 4662 736 4700 ac
750 4646 925 4718 religionem.
935 4647 1028 4717 Atque
1042 4661 1105 4701 cum
1122 4662 1183 4718 quae
1198 4643 1300 4716 partim
1316 4643 1429 4716 quidem
1444 4645 1504 4717 ipse
1514 4645 1570 4699 vidi
1585 4643 1769 4716 scripsissem,

138 4733 242 4804 partim
258 4738 352 4788 autem
364 4750 426 4804 quae
440 4735 571 4789 assuetis
586 4735 716 4791 Patribus
726 4735 830 4803 audivi,
847 4751 1016 4806 magnorum
1031 4735 1155 4789 virorum
1170 4734 1333 4799 certamina,
1353 4740 1381 4790 et
1395 4734 1555 4802 mulierum,
1573 4749 1635 4805 quae
1655 4738 1772 4806 propter

137 4838 216 4892 spem
231 4822 261 4876 in
276 4823 420 4878 Christum
440 4829 521 4878 erant
539 4824 669 4878 fortiores
684 4841 769 4895 quam
783 4840 880 4879 earum
899 4824 1005 4879 ferebat
1020 4830 1131 4889 natura,
1147 4824 1231 4894 huius
1247 4822 1309 4877 libri
1324 4822 1435 4895 scriptis
1454 4823 1641 4889 mandassem,
1658 4822 1722 4878 misi
1735 4820 1770 4876 ad

137 4916 202 4964 tuas
218 4928 299 4966 aures
314 4913 419 4967 amicas
427 4912 584 4968 divinorum
596 4913 781 4985 eloquiorum,
794 4914 964 4984 optimorum
975 4915 1098 4968 virorum
1112 4920 1141 4967 et
1151 4913 1345 4984 religiosorum
1356 4913 1449 4978 decus,
1462 4911 1674 4983 fidelissimique
1684 4916 1713 4967 et
1725 4927 1771 4967 ra·

139 4999 232 5069 ligiosi
245 5000 357 5072 imperii
373 5002 513 5072 splendor,
525 5019 659 5073 germane
674 5008 703 5057 et
718 5002 823 5058 Christi
838 5003 927 5058 amice
944 5019 1022 5058 serve
1044 5003 1094 5057 Dei
1110 5003 1209 5069 Lause,
1224 5019 1275 5074 pro
1290 5019 1323 5056 ea
1337 5019 1399 5074 quae
1422 5001 1491 5056 mihi
1512 5002 1586 5057 inest
1607 5001 1770 5074 exiguitate,

138 5088 360 5159 uniuscujusque
374 5107 407 5144 ex
423 5090 526 5145 Christi
537 5091 649 5145 athletis
661 5096 722 5146 tam
736 5092 867 5147 masculis
881 5108 967 5164 quam
980 5091 1092 5148 feminis
1105 5091 1215 5162 insigne
1230 5108 1342 5155 nomen,
1362 5092 1530 5164 exprimens,
1546 5096 1575 5147 et
1587 5109 1621 5146 ex
1636 5093 1733 5164 multis
1745 5095 1776 5146 et

137 5178 249 5248 magnis
261 5178 482 5251 uniuscujusque
496 5179 695 5236 certaminibus
706 5197 795 5252 pauca
808 5181 930 5237 breviter
941 5199 1091 5254 exponens.
1101 5180 1291 5237 Plurimorum
1305 5198 1416 5254 quoque
1428 5199 1519 5254 genus
1529 5182 1616 5238 etiam
1626 5182 1771 5254 adjiciens,

141 5271 170 5322 et
183 5267 292 5334 urbem,
309 5271 338 5322 et
351 5268 442 5322 locum
457 5269 623 5325 mansionis.

174 5356 354 5411 Meminimus
362 5362 456 5411 autem
468 5358 592 5413 virorum
601 5363 630 5413 et
638 5358 798 5427 mulierum,
813 5360 905 5431 quiex
918 5361 1020 5417 virtute
1028 5362 1140 5434 quidem
1150 5360 1235 5415 vitam
1242 5359 1364 5433 perfecte
1374 5360 1566 5427 instituerunt,
1574 5363 1688 5432 propter
1698 5373 1773 5413 orro-

138 5445 241 5516 gantia
256 5450 351 5500 autem
366 5453 484 5501 matrem
495 5447 608 5502 inanem
621 5463 682 5519 qua
692 5453 807 5503 vocatur
819 5450 949 5520 gloriam,
959 5451 988 5505 in
998 5451 1126 5505 infimum
1139 5449 1294 5505 inferorum
1304 5449 1478 5518 barathrum,
1487 5447 1773 5519 etsundumpraecipi-

138 5535 192 5589 toti
206 5534 326 5602 fuerant,
338 5541 367 5589 et
380 5553 440 5607 quae
451 5536 533 5607 longo
543 5542 704 5608 temporeet
713 5537 834 5608 plurimo
846 5538 999 5595 laboresibi
1008 5545 1185 5613 pepererant,
1193 5540 1396 5612 amplectenda,
1407 5546 1437 5595 et
1446 5538 1582 5595 acerrimo
1592 5535 1685 5591 studio
1694 5551 1770 5591 com-

139 5623 266 5693 paranda
276 5624 482 5680 exercitationis
493 5624 648 5694 benefacta,
664 5642 720 5681 uno
730 5628 866 5700 temporis
875 5632 1018 5683 momento
1027 5628 1190 5700 arrogantia
1203 5634 1310 5685 etvaua
1319 5629 1354 5685 de
1366 5645 1397 5684 se
1409 5626 1591 5701 persuasione
1606 5624 1770 5682 amiserant.

140 5709 240 5767 Gratia
254 5715 349 5768 autem
361 5713 451 5770 nostri
462 5714 626 5783 Servatoris,
642 5720 671 5771 et
684 5722 845 5773 sanctorum
858 5717 975 5774 Petrum
989 5718 1175 5792 providentia,
1185 5724 1214 5776 et
1228 5718 1364 5776 viseerum
1378 5716 1568 5785 miseratione,
1580 5714 1669 5790 erepti
1679 5719 1772 5773 sunta

140 5799 333 5874 spiritualibus
340 5803 443 5862 diaboli
453 5803 570 5878 laqueis,
578 5808 608 5865 et
615 5811 778 5865 sanctorum
787 5806 915 5881 precibus
929 5808 1479 5884 recuperavenurtprioremvitamquam
1486 5804 1648 5878 agebantur
1656 5804 1770 5866 virtute.
