3818 6120
11 246 15 259 ¹
127 242 182 305 843
640 244 689 301 DE
707 243 971 320 mutarerunt
988 239 1096 297 LIBER
1114 234 1260 293 PRIMUS.
1715 232 1768 295 344

129 371 246 431 mittens
262 386 313 442 par
334 372 425 424 totam
443 367 585 425 civitatem
604 370 717 427 eosdem
746 373 798 429 Dei
811 372 1043 440 amicosteum,
1055 382 1091 421 ne
1103 363 1206 428 tardet,
1220 359 1349 419 sedillnd
1360 359 1508 432 Prophetae
1523 359 1768 433 dictumprotiuus

131 476 289 518 oecouomos
312 463 341 513 et
364 456 545 512 cancellarios
567 457 630 527 tibi,
651 461 814 534 etreliquos
827 461 929 534 quibus
969 457 1159 514 exclamamus
1174 453 1251 509 :Cito
1264 451 1400 522 anticipet
1421 467 1472 506 nos
1496 450 1690 506 misericordia
1702 455 1762 517 tua,

132 557 193 607 erat
205 548 349 621 dispositio
361 547 480 603 civitatis
491 548 667 615 credita,n0n
681 552 929 623 permisitmensu·
969 546 1087 605 Domine
1103 546 1183 609 (Psoi.
1196 541 1480 613 axxv111);quomodo,
1492 545 1646 613 puteanus
1660 557 1770 596 conser-

131 656 193 696 ram
201 639 434 710 qualemcunque,
444 637 488 690 vel
496 638 605 708 pondus
616 655 733 709 parvum
742 641 784 695 vel
794 657 929 712 magnum
970 652 1068 692 vorum
1083 638 1243 689 nostrorum
1258 632 1407 703 petitiones
1421 648 1485 687 cum
1500 631 1576 687 omni
1592 630 1770 687 testinatione

130 729 161 784 in
175 732 234 781 tota
248 725 358 780 civitate
373 743 379 792 3
396 725 445 780 sed
460 726 598 780 omniain
609 744 668 782 uua
681 729 826 801 Campana
840 734 929 785 state·
970 725 1105 781 debemus
1115 720 1664 796 perage1·e,memorcsDominidicentes:
1675 721 1769 792 lnqua

131 833 164 871 ra
181 814 247 881 (20),
260 813 495 870 modioetartabe
504 813 572 885 tlt),
585 816 705 872 vendere
718 822 747 873 et
760 834 854 874 emere
865 834 929 874 con·
970 831 1105 871 mensura
1113 812 1203 867 mensi
1209 810 1494 876 fueritisremetietur
1500 810 1577 865 vobis
1583 810 1693 878 (blattis.
1709 809 1767 883 ru).

130 902 424 971 mnabatuascribens
433 903 462 958 in
469 902 675 976 subscriptione
683 907 930 963 succenditionem
971 905 1007 959 Et
1019 903 1167 973 Prophetae
1187 900 1290 974 iterum
1308 897 1503 969 perbibentis:
1525 897 1768 962 Quemadmodum

132 1008 184 1064 per
202 1007 315 1046 omnem
333 991 488 1062 regionem,
516 991 667 1048 habentem
686 993 807 1050 formam
833 996 927 1051 hanc:
970 987 1258 1063 perfecistiprittibi?
1271 989 1333 1042 Una
1341 987 1525 1059 ergodiernm
1533 987 1617 1041 simili
1629 986 1714 1041 modo
1725 987 1769 1040 hic

136 1081 282 1135 «loannes
302 1080 416 1135 humilis
431 1086 460 1135 et
478 1081 595 1153 exiguus
610 1099 706 1139 servus
718 1100 862 1139 servorum
878 1084 932 1140 Do-
972 1077 1435 1150 mirabilisprocedens,ctinsolito
1450 1077 1510 1130 loco
1522 1076 1769 1147 praesidensusque

43 1154 49 1169 ³
133 1168 204 1223 mirri
218 1169 307 1224 nostri
321 1170 387 1223 lesu
411 1169 526 1236 Christi,
550 1170 680 1226 omnibus
699 1172 751 1227 sub
766 1176 932 1244 paupertate
973 1171 1008 1224 ad
1023 1169 1123 1223 horam
1145 1167 1283 1238 quintam,
1301 1172 1330 1221 et
1349 1166 1462 1220 nemine
1477 1165 1636 1230 accedente,
1653 1170 1769 1221 maestus

133 1262 230 1313 nostra
248 1257 423 1328 degentibus,
441 1258 544 1330 quique
554 1259 589 1314 ab
599 1260 697 1314 eodem
708 1261 864 1317 Dominoet
874 1263 932 1317 Deo
974 1265 1002 1314 et
1016 1259 1219 1329 collacrymans
1231 1255 1361 1322 recessit;
1373 1255 1450 1309 nullo
1466 1261 1562 1310 autem
1577 1254 1700 1308 audente
1706 1269 1770 1323 cum

132 1351 230 1402 nostro
239 1345 379 1417 regimini,
389 1348 460 1401 haec:
472 1349 589 1419 Egregie
603 1348 685 1404 beato
698 1350 794 1416 Paulo,
807 1367 857 1422 per
867 1367 931 1407 eum
973 1349 1148 1417 interrogare
1154 1361 1267 1400 causam
1274 1344 1411 1409 rnoeroris,
1424 1348 1538 1398 sanctus
1547 1342 1722 1414 Sophronias
1731 1341 1771 1396 ait

134 1436 182 1509 qui
196 1436 226 1490 iu
240 1451 273 1490 eo
290 1435 611 1506 loquebatur,Christnm
623 1437 750 1508 jubente,
761 1444 790 1493 et
803 1440 933 1496 omnibus
974 1438 1009 1491 ad
1025 1453 1090 1491 cum
1105 1433 1367 1504 secretotilticcnim
1378 1438 1520 1497 erattunc)
1531 1452 1537 1486 ἱ
1547 1432 1614 1496 Quae
1621 1448 1706 1487 0ῆῦΒῦ
1717 1435 1768 1497 ⁰⁸2»

134 1524 227 1596 legem
236 1530 367 1597 ponente,
379 1525 497 1580 Obedite
512 1527 669 1597 prepositis
678 1527 777 1583 vestris
791 1534 820 1582 et
836 1528 932 1601 subja·
973 1525 1025 1583 Dei
1039 1522 1446 1588 curator,retinentisanimum
1455 1527 1537 1576 tuum
1546 1528 1675 1576 sanctum
1686 1519 1771 1574 tristi-

134 1617 194 1668 oete
207 1613 248 1667 eis
260 1631 267 1680 3
279 1613 333 1683 ipsi
347 1613 422 1667 enim
437 1615 614 1685 pervigilant,
631 1616 712 1686 quasi
727 1617 868 1673 rationem
879 1632 932 1691 pro
972 1613 1131 1669 tiaelomnes
1139 1613 1298 1683 quippenos
1306 1616 1423 1682 repente
1434 1609 1618 1665 conturbavit.
1633 1609 1688 1673 Qui
1701 1608 1772 1663 dixit

134 1700 283 1756 animabus
296 1702 396 1756 vestris
407 1703 543 1758 reddituri
560 1706 650 1771 (Hebr.
667 1707 726 1773 sint
744 1724 750 1760 :
766 1706 857 1761 credit
870 1710 964 1790 tan-B
973 1704 1000 1758 ei
1014 1708 1162 1757 mansueta
1173 1718 1239 1757 voce
1255 1700 1362 1755 :Hodie
1371 1698 1425 1769 (23)
1438 1698 1553 1752 humilis
1567 1699 1691 1753 ioannes
1706 1713 1771 1769 qua·

134 1790 234 1846 tillitus
244 1806 316 1857 mea,
333 1791 523 1847 verbodtvino
538 1792 699 1848 obedientes
715 1811 773 1859 vos,
790 1796 933 1867 suscipere
974 1794 1141 1863 iemcnnque
1152 1790 1310 1846 mercedem
1325 1806 1342 1844 a
1355 1789 1486 1860 quopiam
1498 1804 1554 1843 non
1569 1787 1771 1858 habuit,nequc

134 1879 285 1952 petitiones
296 1885 407 1934 nostras
418 1886 450 1934 ut
460 1897 493 1935 ex
503 1882 570 1946 Deo,
581 1887 670 1936 etnon
681 1899 714 1936 ex
726 1883 850 1951 homine,
858 1885 933 1940 unde
975 1883 1087 1938 christo
1101 1898 1152 1953 pro
1167 1879 1324 1935 innumeris
1338 1882 1458 1951 peccatis
1472 1879 1533 1948 ejus
1542 1877 1648 1948 aliquid
1658 1876 1769 1941 obtulit,

134 1968 189 2023 hoc
208 1968 308 2033 sciens,
325 1984 425 2022 moneo
451 1969 617 2024 charitatem
628 1976 759 2036 vestram,
775 1977 808 2026 ut
825 1988 934 2044 nequa·
973 1969 1281 2041 sicutneealiquando.
1300 1968 1471 2023 Cuisanctus
1484 1966 1658 2037 Sophronias
1670 1965 1771 2020 divini·

136 2074 220 2130 quam
244 2057 273 2112 in
291 2058 423 2129 quopiam
445 2064 569 2112 vestrum
591 2066 726 2130 appareat
740 2061 934 2130 hujuscemodi
976 2066 1022 2115 tus
1036 2059 1198 2130 inspiratus,
1211 2057 1356 2128 respondit
1379 2057 1452 2127 (mox
1468 2055 1542 2110 enim
1557 2054 1696 2110 intellexit
1710 2070 1773 2109 cau·

135 2147 337 2219 pravaricatio.
354 2146 491 2217 Denique,
507 2152 539 2200 ut
553 2147 594 2201 ait
607 2148 861 2219 divinaScriptura,
870 2150 934 2205 Sta·
975 2165 1037 2203 sam
1052 2147 1087 2202 ob
1099 2163 1185 2218 quarn
1200 2147 1274 2201 idem
1293 2145 1461 2200 tristabatur
1474 2144 1641 2215 patriarcha)
1657 2161 1664 2198 ε
1683 2142 1771 2197 llodie

134 2239 226 2289 teram
238 2239 405 2305 magnumst
413 2251 528 2304 parvam
539 2235 603 2289 odio
612 2235 697 2291 habet
708 2237 781 2292 Deus
790 2241 877 2303 (Pron.
886 2242 932 2305 xit.
976 2236 1089 2308 quidem
1102 2237 1226 2306 gaudere
1236 2240 1265 2289 et
1275 2235 1366 2290 lactari
1378 2230 1772 2304 lszoportetmeatissimm

136 2324 166 2381 Si
179 2341 245 2380 raro
259 2323 322 2395 quis
344 2323 508 2395 apparuerit
525 2329 590 2395 post
603 2331 771 2395 praesentem
798 2326 936 2399 subscrip-
975 2325 1193 2380 veracitereuim
1203 2324 1381 2378 beatissimus
1396 2339 1435 2388 es,
1448 2322 1488 2376 ita
1502 2321 1653 2392 pacificans
1665 2337 1683 2374 a
1693 2318 1773 2374 Citri-

135 2412 221 2470 tionis
244 2417 348 2468 nostrae
362 2412 562 2477 conditionem,
584 2413 746 2469 istiusmodi
770 2415 878 2470 crimen
894 2416 935 2470 in·
976 2421 1019 2470 sto
1030 2414 1168 2468 creditum
1183 2413 1235 2468 tibi
1246 2429 1371 2483 gregem,
1388 2417 1421 2465 ut
1433 2411 1541 2466 nullam
1559 2409 1664 2464 babeat
1677 2414 1774 2464 contra

136 2503 241 2566 cidens,
257 2502 402 2556 universas
416 2501 564 2556 facultates
574 2518 640 2556 suas
660 2502 859 2573 indigentibus,
878 2521 935 2560 non
976 2503 1135 2575 proximum
1145 2519 1226 2556 suum
1238 2501 1372 2556 litemaut
1381 2499 1564 2566 dubietatem,
1580 2498 1629 2553 sed
1639 2499 1775 2552 volutan-

135 2591 242 2658 volens,
257 2590 319 2645 siue
337 2591 476 2656 mercede,
491 2595 623 2661 apponet.
642 2610 654 2642 x
676 2592 760 2663 Ergo.
773 2597 807 2648 ut
818 2594 936 2664 dignum
975 2591 1124 2663 gelossine
1137 2591 1228 2661 litigio
1242 2595 1271 2645 et
1284 2589 1345 2645 sine
1364 2589 1470 2660 judicio
1491 2587 1619 2643 homines
1633 2603 1695 2642 esse
1710 2583 1773 2640 seci-

137 2679 284 2744 memoria,
299 2680 390 2734 ethoc
417 2679 510 2749 ipsum
531 2678 674 2750 publicum
700 2687 871 2754 praeceptum
890 2683 936 2738 hic
977 2680 1023 2735 sti.
1040 2681 1090 2735 lile
1105 2684 1200 2735 autem
1226 2696 1290 2734 vere
1309 2679 1386 2733 mitis
1398 2683 1504 2750 pastor,
1520 2672 1774 2746 credensquoddi-

137 2784 243 2841 ponere
252 2767 456 2823 festinavimus.
653 2770 662 2792 ⁸
976 2774 1051 2824 ctum
1068 2775 1129 2824 erat
1142 2784 1320 2833 verumcssc,
1337 2767 1471 2823 oculosin
1486 2766 1587 2821 culum
1609 2763 1772 2829 extendens,

174 2857 239 2912 Cir.
254 2857 338 2913 Ν-
354 2857 484 2912 Relatum
496 2862 540 2912 est
551 2863 647 2912 autem
656 2858 808 2929 aliquando
822 2859 887 2916 huic
895 2861 936 2916 di·
976 2858 1104 2913 dicebat:
1125 2858 1237 2912 Gratias
1245 2855 1363 2928 egotibi,
1375 2856 1459 2921 Deus,
1477 2855 1542 2926 quia
1565 2859 1595 2909 et
1602 2852 1774 2908 immeritam

137 2945 242 3002 vinitas
254 2946 422 3018 sapientiam
437 2948 674 3019 consecuto,quod
688 2949 832 3019 persenia
846 2950 935 3005 eccle-
976 2947 1238 3018 pusillanimitatem
1253 2961 1346 3000 meam
1353 2944 1509 3000 sacerdotio
1522 2942 1643 3014 fungi,et
1657 2957 1702 2996 me
1717 2938 1774 2995 exi·

138 3034 187 3089 siae
200 3039 323 3089 rectores
339 3035 425 3105 empti
440 3051 574 3107 personas
584 3035 744 3107 acciperent
752 3037 827 3091 circa
845 3038 1064 3110 dispo-egnum
1083 3041 1112 3090 ei
1135 3042 1321 3106 peccatorem,
1337 3034 1512 3089 sacerdotem
1530 3039 1611 3087 tuum
1624 3030 1728 3094 vocari,
1745 3034 1774 3085 ct

139 3123 256 3179 sitiones
269 3124 453 3195 captivorum.
470 3123 546 3188 Quos
552 3123 622 3179 nibil
636 3124 792 3196 negligens,
804 3142 937 3182 convoca-
977 3141 1091 3198 pascere
1103 3122 1300 3178 rationabilem
1309 3122 1695 3194 gregemtuumdignatuses.
1712 3119 1775 3174 Mox

137 3212 200 3280 vit3
226 3218 255 3268 at
267 3213 410 3268 neminem
437 3213 549 3284 penitus
573 3230 752 3285 exasperans,
773 3217 937 3286 superauxit
977 3231 1044 3285 ergo
1063 3213 1296 3285 pusillanimitate
1305 3212 1382 3267 omni
1392 3209 1667 3283 deposita‚gaudium
1681 3208 1711 3263 in
1723 3208 1774 3263 hu·

138 3301 282 3358 mercedes
291 3318 353 3373 quoe
372 3302 413 3357 eis
434 3302 513 3383 psius
527 3302 676 3370 dabantur,
685 3319 793 3375 ponens
806 3305 933 3374 verbnm,
976 3303 1096 3360 militate
1118 3303 1241 3358 multum
1262 3302 1304 3357 iili
1318 3301 1416 3357 adfuit.
1428 3302 1509 3356 Hunc
1523 3316 1587 3354 vero
1600 3300 1644 3368 tut
1657 3297 1773 3370 quidam

137 3396 277 3464 quatenus
286 3408 406 3447 munera
415 3376 567 3462 equolibet
580 3392 750 3449 omnimodis
762 3409 819 3449 non
830 3396 936 3468 accipe·
978 3392 1071 3464 aiunt)
1083 3392 1113 3447 in
1126 3392 1179 3447 hoc
1191 3391 1318 3446 imitatus
1333 3396 1377 3447 est
1398 3389 1609 3455 Constantinus,
1640 3387 1688 3459 qui
1713 3390 1776 3458 post

137 3486 219 3536 rent:
236 3480 385 3547 Quoniam,
400 3480 502 3552 inquit,
519 3480 592 3551 ignis
602 3487 749 3536 consumet
762 3482 861 3538 domos
873 3500 937 3538 mu·
978 3483 1139 3538 Heraclium
1150 3482 1349 3552 imperatorem
1363 3480 1480 3545 exstitit,
1489 3480 1569 3550 cujus
1579 3483 1608 3533 et
1622 3477 1774 3532 filiuserat.

138 3586 208 3626 nera
222 3568 430 3641 accipientium.
456 3570 495 3623 Ex
508 3573 576 3623 tunc
590 3569 677 3640 igitur
690 3570 874 3642 pergratiam
886 3571 938 3627 Dei
1015 3573 1080 3627 Gar.
1096 3572 1144 3627 vl.
1158 3571 1293 3642 -Hujus
1307 3570 1396 3625 saneti
1412 3567 1578 3642 patriarchae
1601 3565 1776 3638 temporibus

139 3658 353 3714 abundaverunt
375 3657 475 3712 domus
496 3673 603 3725 eorum,
614 3657 655 3712 ita
672 3664 706 3713 ut
718 3658 836 3730 quidam
850 3676 883 3714 ex
897 3660 937 3716 eis
979 3661 1160 3716 ascendentes
1170 3661 1263 3716 Persae
1278 3659 1336 3731 (tt)
1349 3659 1558 3730 captivaverunt
1575 3661 1603 3712 et
1622 3651 1775 3728 depraedati

139 3748 242 3803 additae
250 3747 304 3803 sibi
315 3746 452 3802 mercedis
462 3747 650 3818 quantitatem
660 3747 846 3804 dimitterent.
979 3755 1047 3805 sunt
1071 3750 1191 3821 Syriam.
1216 3750 1315 3821 ltaque
1330 3765 1400 3820 pene
1428 3765 1525 3804 omncs
1541 3746 1588 3819 qui
1603 3742 1776 3816 effugiebant

176 3836 241 3891 Car.
257 3836 326 3890 V.-
341 3835 457 3890 Discens
470 3851 537 3889 vero
551 3835 702 3907 aliquando
722 3836 826 3892 iterum
838 3837 939 3895 illeter
978 3854 1081 3894 manus
1091 3839 1288 3903 Persarum,ad
1297 3835 1775 3909 nomenhujusterbeati,tanquarn

139 3925 226 3991 dives,
240 3922 436 3996 quodquidam
446 3923 580 3995 injuriam
588 3926 795 3997 paterenturab
806 3927 937 3984 adversa-
978 3929 1013 3983 ad
1028 3933 1142 3999 portum
1163 3928 1224 3983 siue
1240 3929 1327 3982 tinctu
1358 3926 1550 3992 accurrebant,
1579 3924 1614 3980 ab
1630 3940 1664 3979 eo
1679 3928 1710 3978 ct
1722 3921 1774 3994 ipsi

138 4014 189 4070 riis
203 4012 272 4080 suis,
289 4018 317 4068 et
330 4014 455 4068 volentes
469 4013 547 4068 adire
565 4015 746 4082 eum,timore
759 4017 939 4073 cancellario·
978 4018 1113 4088 suffragio
1126 4022 1155 4073 et
1169 4017 1345 4088 susceptione
1362 4016 1470 4088 pertrui
1492 4015 1678 4087 postulantes.
1701 4013 1775 4077 Quos

139 4120 204 4159 rum
216 4108 245 4158 et
253 4101 375 4159 ecclesiae
389 4102 568 4158 defensorum
579 4102 637 4172 (ii)
650 4109 735 4175 atque
747 4104 773 4159 ei
783 4107 938 4162 astantium
979 4105 1138 4162 beatusiste
1147 4106 1268 4178 hospitio
1282 4106 1444 4177 recipiebat,
1461 4111 1490 4160 et
1503 4103 1704 4160 consolabatur
1722 4119 1775 4158 non

138 4191 555 4266 prohiberentur,cousideravit
568 4193 624 4247 tale
640 4193 707 4264 quid
714 4194 773 4249 Deo
791 4201 937 4268 acceptum
977 4199 1114 4268 tanquam
1123 4195 1308 4266 captivos,sed
1318 4196 1398 4267 quasi
1408 4201 1510 4250 natura
1518 4192 1654 4249 veraciter
1663 4193 1774 4247 iratres.

139 4283 285 4355 negotium
301 4300 307 4350 ;
324 4287 353 4337 et
366 4287 467 4354 quarta
483 4287 604 4337 etsexta
618 4282 689 4337 teria
707 4283 817 4355 publice
830 4302 938 4357 ponens
978 4285 1118 4342 Continuo
1129 4300 1196 4355 ergo
1204 4284 1331 4356 plagatos
1339 4284 1452 4355 quidem
1468 4290 1496 4338 et
1509 4284 1637 4338 infirmos
1646 4281 1677 4337 in
1690 4297 1775 4337 xeno-

138 4374 237 4430 seliam
248 4377 277 4428 et
290 4372 346 4426 duo
356 4387 480 4437 scamna,
494 4371 610 4426 sedebat
623 4377 690 4426 ante
706 4373 861 4441 ecclesiam,
878 4375 935 4430 col-
946 4374 1086 4463 ndochiis
1101 4380 1130 4429 et
1140 4374 1312 4429 nosocomiis
1329 4373 1395 4428 fecit
1409 4373 1582 4434 recumbere,
1610 4370 1775 4443 praecipiens

137 4460 430 4536 loquensquibusdam
439 4460 562 4515 strenuis
574 4461 936 4535 virisautsanctailvange·
979 4479 1076 4518 curam
1091 4463 1132 4518 eis
1144 4468 1173 4517 et
1196 4462 1364 4517 medicinam
1385 4463 1475 4534 gratis
1489 4461 1615 4532 impendi
1631 4478 1639 4527 3
1661 4465 1693 4515 et
1709 4465 1775 4514 tunc

137 4552 179 4608 lia
191 4568 249 4625 prm
256 4549 386 4605 manibus
393 4548 614 4608 tenenanullum
623 4550 696 4605 tanti
706 4550 832 4623 obsequii
837 4568 937 4623 appro·
979 4552 1435 4623 recedere‚quaudouuusquisque
1446 4568 1542 4606 eorum
1553 4549 1669 4623 propria
1682 4548 1776 4605 volun·

138 4640 276 4713 pinquare
298 4639 352 4695 sibi
366 4638 542 4711 permittens,
573 4643 688 4710 excepto
712 4655 768 4696 uuo
791 4641 938 4696 defensore
979 4647 1038 4696 tate
1051 4643 1142 4697 vellet.
1160 4641 1346 4708 Emumvero,
1363 4641 1479 4713 quicum
1492 4640 1701 4695 saniesscntet
1715 4652 1777 4708 cge-

139 4728 417 4794 ecclesia,licentiam
427 4734 456 4783 et
467 4728 666 4783 confidentiam
680 4728 749 4784 dare
760 4729 937 4786 testinansse
978 4731 1017 4799 ni,
1032 4729 1183 4786 veniebant
1197 4730 1232 4784 ad
1247 4746 1345 4801 rogam
1355 4728 1554 4791 libamentis
1561 4727 1777 4799 quidemsingu-

139 4818 217 4875 adire
229 4818 405 4886 uolentibus3
422 4817 523 4890 quibus
532 4822 561 4874 ct
571 4817 718 4874 confestim
731 4819 807 4891 quod
820 4820 937 4891 dignum
978 4821 1020 4876 las
1034 4820 1151 4892 siliquas
1165 4818 1268 4886 dabat;
1283 4818 1549 4874 mulieribusautem
1564 4824 1592 4871 et
1602 4816 1777 4888 puellis,tan·

141 4907 397 4978 erut,perecclesiae
419 4907 579 4963 defensores
594 4907 728 4976 faciebat,
750 4912 779 4964 et
792 4909 937 4981 praecipie·
978 4927 1062 4982 quam
1090 4909 1292 4964 infirmioribus
1309 4907 1462 4972 membris,
1485 4906 1576 4962 binas.
1592 4905 1776 4961 Venientibus

140 4995 190 5051 bat
202 5001 234 5052 ut
244 5012 430 5052 nemoeornm
438 4997 939 5070 grutarst,quoadusqueordinarent
978 5003 1072 5055 autem
1087 4997 1256 5071 quibusdam
1271 4997 1376 5052 indutis
1383 4994 1557 5051 ornamentis
1568 4995 1662 5050 aureis
1674 5001 1703 5050 et
1709 4995 1776 5050 dex·
1832 5046 1836 5059 ,

140 5084 347 5157 apientiam
360 5085 539 5143 audientibus
553 5086 664 5144 dicebat
685 5105 691 5142 :
708 5088 797 5143 Sinos
810 5088 938 5144 homines
976 5089 1138 5155 tralibns,et
1148 5086 1337 5160 quarentibus
1346 5087 1563 5158 eleemosynam,
1572 5084 1734 5140 referebant
1742 5085 1777 5141 de

141 5174 301 5241 existentes,
316 5175 530 5245 permissionem
554 5193 666 5250 semper
680 5193 731 5249 pro
754 5177 937 5249 petitionibus
978 5179 1019 5234 eia
1033 5177 1199 5251 patriarchae
1215 5176 1245 5231 hi
1263 5175 1365 5247 quibus
1375 5179 1438 5232 erat
1455 5191 1524 5246 roga
1536 5174 1777 5246 creditaddquos

139 5263 245 5321 nostru
258 5263 394 5319 habemus
405 5264 582 5336 ingrediendi
595 5268 712 5322 domum
720 5265 815 5335 Dei,et
826 5267 938 5340 petitio·
974 5269 1077 5325 seems
1090 5269 1138 5323 ille
1149 5273 1229 5323 torvo
1244 5267 1323 5323 oculo
1346 5282 1379 5321 ac
1392 5280 1490 5322 severa
1512 5281 1578 5320 rooe
1593 5280 1673 5332 usus,
1688 5281 1777 5337 quau-

140 5370 191 5412 nes
201 5358 313 5410 nostras
327 5359 408 5410 notas
425 5355 517 5411 iacere
531 5355 567 5422 ei,
577 5356 706 5413 videlieet
718 5356 890 5413 intractabili
902 5373 936 5414 ac
977 5376 1063 5432 quam
1072 5357 1149 5415 mitis
1166 5363 1240 5414 esset
1253 5363 1282 5414 et
1295 5357 1371 5413 visus
1381 5356 1488 5422 hilaris,
1499 5355 1571 5412 dixit
1585 5373 1592 5409 :
1609 5353 1639 5410 Si
1658 5354 1778 5427 quidem

140 5444 218 5504 omui
232 5448 367 5502 creaturae
375 5445 606 5518 supereminenti,
615 5451 701 5520 atque
710 5464 826 5521 operam
835 5447 936 5506 damus
976 5448 1092 5506 humilis
1106 5447 1230 5515 ioannis,
1248 5447 1306 5504 imo
1325 5445 1430 5504 Christi
1458 5445 1668 5520 dispensatores
1691 5445 1777 5503 vute·

140 5551 197 5610 quo
208 5549 305 5609 preces
318 5538 421 5593 noema
434 5534 616 5608 impleantur,
631 5551 746 5595 necnon
760 5542 790 5597 et
803 5554 935 5612 rogamus
976 5555 1046 5610 esse,
1061 5539 1155 5596 divino
1172 5541 1311 5612 precepto
1327 5536 1388 5594 nne
1414 5535 1566 5594 ealliditate
1591 5534 1715 5603 obedite,
1730 5535 1778 5593 di·
