3818 6120
129 279 183 342 fflb
767 294 888 353 VERBA
906 296 1102 355 SENIORUM.
1718 292 1771 354 986

128 411 300 470 revelatione
308 428 487 485 cognoscens,
499 416 638 472 dicuntei:
648 418 767 476 Sanctus
776 421 924 493 Pyoterius
935 429 958 486 Α
968 429 1027 479 toto
1037 438 1152 495 corpore
1160 421 1398 494 prius,ereuntem
1404 418 1439 474 ab
1445 417 1561 474 ecclesia
1567 420 1643 474 claro
1652 418 1767 492 quidem

128 503 157 556 te
171 501 266 559 videre
279 502 430 560 desiderat.
442 505 510 560 Erat
524 506 598 560 enim
609 506 653 562 vir
666 508 747 565 same
761 527 794 564 ac
803 512 926 567 nominis
966 513 1044 568 vultu
1054 511 1230 584 candidoque
1236 526 1361 583 corpore,
1378 508 1623 565 daemonesautem
1639 509 1686 582 qui
1701 515 1768 566 aute

128 591 254 662 grandis.
263 594 430 665 Cumquead
439 593 746 666 eumtuissetexhibita,
758 600 926 673 vidissetque
966 601 1101 657 tenebant
1114 618 1189 666 oum,
1206 605 1305 671 postea
1317 598 1353 652 de
1368 598 1450 669 longe
1461 603 1621 670 sequentes3
1637 604 1768 655 sanctum

128 694 224 750 panno
233 680 354 736 frontem
363 681 620 754 ipsiusinvolutam,
634 687 753 757 projecit
761 689 926 760 seadpedes
968 707 1033 745 uero
1060 690 1191 762 angelum
1204 690 1285 760 juxta
1309 689 1401 760 ipsum
1417 686 1609 743 ambulantem
1629 688 1723 744 latum
1739 693 1769 744 et

129 765 229 840 ipsius,
246 769 357 826 dicens:
374 771 495 827 Benedie
504 789 559 840 me,
570 773 672 846 inquit.
688 776 767 840 Quod
780 795 877 834 rursus
891 780 927 834 ad
968 778 1767 853 promptumetgaudentemsupraeumvalde.Paulusvero

129 856 207 913 illius
217 860 302 931 pedes
314 865 382 915 tunc
390 866 418 915 et
431 860 493 933 ipsa
504 862 578 929 feeit,
589 879 622 918 ac
631 864 701 918 dixit
713 881 719 920 :
730 867 772 921 Tu
786 883 831 921 me
845 867 928 922 bene·
969 868 1085 923 exiliens
1099 884 1162 923 cum
1177 867 1281 938 gaudio
1291 864 1440 931 clamabat,
1452 864 1620 921 benedicens
1631 866 1722 922 Deum
1738 870 1768 922 et

128 945 309 1014 dic,domine.
321 949 426 1006 Omnes
439 967 549 1007 sorores
561 951 768 1025 obstupuerunt
781 956 875 1022 simul,
888 957 928 1011 di·
968 957 1081 1012 dicens:
1099 955 1282 1013 Oinetiabilis
1293 954 1486 1010 misericordia
1499 954 1549 1009 Dei
1565 960 1593 1010 et
1608 955 1733 1012 bonitas!
1748 973 1764 1011 o

128 1042 243 1093 centes:
259 1038 333 1107 Noli,
348 1038 429 1107 abba,
440 1040 525 1096 talem
532 1041 666 1114 injuriam
678 1043 817 1101 sustinere
829 1065 835 1114 ;
851 1046 929 1102 fatua
970 1046 1069 1102 divina
1083 1045 1278 1101 miserationes
1293 1045 1354 1116 eJ'us
1367 1048 1396 1098 et
1408 1043 1620 1099 innumerabilis
1642 1044 1765 1102 bonitas!

129 1132 174 1183 est
187 1128 262 1184 euim
269 1128 324 1184 ista
334 1145 420 1202 quam
429 1131 530 1188 cernis.
543 1133 577 1186 Et
586 1119 861 1206 sanetus'Pyoterius
876 1136 929 1191 hoe
970 1135 1094 1190 Correus
1113 1140 1208 1191 autem
1219 1139 1248 1189 et
1268 1133 1421 1190 ascendens
1437 1149 1521 1205 super
1544 1133 1632 1188 altum
1647 1135 1768 1205 gradum

128 1215 198 1289 ipsis
221 1217 352 1274 omnibus
372 1219 426 1274 ait:
446 1219 511 1287 Vos,
531 1221 633 1293 inquit,
658 1224 727 1279 estis
741 1224 842 1293 fatuae3
861 1241 928 1281 nam
969 1241 1073 1296 magna
1087 1241 1152 1280 voce
1165 1223 1292 1279 dicebat:
1317 1219 1424 1289 Venite,
1440 1222 1533 1277 videte
1547 1239 1633 1295 opera
1651 1223 1763 1279 Domini

128 1305 190 1361 haec
201 1310 231 1361 et
238 1312 332 1362 vestra
345 1313 374 1363 et
384 1325 448 1363 mea
458 1316 501 1365 est
512 1311 614 1366 Ammo
624 1309 688 1381 (46).
701 1313 839 1369 Hocenim
850 1315 880 1370 in
895 1332 929 1372 ea
970 1331 1054 1386 quam
1064 1313 1202 1368 terribilia
1211 1319 1287 1378 sunt,
1297 1317 1326 1367 et
1336 1313 1413 1367 omni
1420 1317 1534 1384 stupore
1546 1311 1640 1383 digna.
1656 1311 1767 1379 Venite,

128 1400 231 1450 uocant
244 1395 285 1450 illi
311 1396 429 1452 seminas
444 1398 614 1470 spirituales.
631 1401 666 1455 Et
680 1403 813 1473 deprecor
826 1404 926 1471 Deum,
968 1392 1061 1459 videte
1075 1419 1138 1458 eum
1154 1402 1276 1475 quivult
1294 1416 1391 1457 omues
1407 1401 1535 1457 homines
1551 1402 1668 1466 salvare,
1686 1401 1765 1456 etad

131 1482 180 1550 ait,
208 1489 241 1538 ut
249 1484 368 1556 dignum
384 1486 446 1557 ipsa
460 1487 490 1541 in
502 1488 548 1543 die
560 1489 659 1558 judicii
674 1508 784 1547 merear
796 1492 927 1550 inveniri.
969 1493 1141 1564 agnitionem
1150 1491 1275 1547 veritatis
1289 1492 1384 1546 venire
1395 1490 1418 1555 (l
1431 1492 1515 1556 Tiro,
1532 1488 1573 1563 11).
1585 1490 1770 1557 Venite,ado·

131 1572 192 1638 Quo
206 1574 315 1641 audito,
329 1591 426 1630 omnes
440 1576 524 1631 simul
538 1579 573 1633 ad
588 1580 673 1650 pedes
691 1581 779 1652 ipsius
800 1583 928 1654 procide·
969 1572 1063 1637 remus
1078 1581 1290 1653 etproeidamus
1301 1585 1447 1646 anteeum,
1462 1585 1490 1634 et
1500 1579 1640 1635 dicamus:
1657 1581 1769 1645 Quiatu

130 1666 208 1726 runt,
225 1662 341 1734 singulm
355 1665 433 1720 varia
451 1673 565 1738 peccata
578 1669 603 1722 ei
617 1670 731 1741 propria
745 1673 924 1731 confitentes,
969 1672 1045 1726 solus
1051 1677 1150 1742 potens
1158 1687 1188 1725 es
1197 1668 1514 1741 peceatadimittere.rtd
1520 1669 1592 1722 hanc
1601 1685 1696 1724 rocem
1705 1669 1769 1740 ejus

129 1750 275 1832 Aliaenim
283 1752 400 1809 abluens
411 1756 507 1811 sordes
517 1758 601 1813 catini
612 1776 698 1830 supra
707 1776 770 1814 eam
784 1778 814 1816 se
823 1760 960 1849 fudisseB
970 1777 1067 1815 omnes
1078 1758 1420 1830 cucurrerunt,cupientes
1431 1757 1529 1812 audire
1539 1775 1600 1831 queo
1611 1757 1770 1815 dicebat.Et

85 1918 88 1922 ι
129 1838 249 1909 dicebat,
258 1841 315 1898 alia
324 1860 390 1899 vero
398 1845 523 1918 colaphis
533 1864 660 1903 camase
670 1848 844 1905 verberatam
854 1867 927 1923 saepe
969 1846 1769 1919 convenientibusomnibusreserebatPaulusquaevidisset

129 1930 323 2000 memorabat;
338 1934 395 1988 alia
414 1951 497 1991 nares
514 1937 602 2008 ipsius
616 1938 707 2010 sinapi
720 1939 850 2010 impletas
865 1958 882 1995 a
896 1958 927 1996 se
968 1936 1157 2011 antequamin
1167 1938 1312 1994 ecclesiam
1323 1937 1641 2009 intrarentquaepostee
1653 1936 1767 1991 iterum.

130 2021 337 2085 essedellebatr
354 2030 461 2079 caeoerae
470 2042 582 2098 quoque
594 2026 718 2082 diversas
726 2028 886 2085 referebant
897 2047 927 2086 se
968 2029 1002 2084 Et
1017 2029 1204 2099 interrogavit
1218 2028 1297 2083 illum
1311 2027 1413 2089 virum,
1431 2031 1463 2080 ut
1474 2027 1580 2081 diceret
1591 2025 1618 2080 ei
1640 2041 1765 2092 eausam,

130 2107 281 2181 eiinjurias
291 2111 439 2184 irrogasse.
449 2115 747 2187 Proquibusomnibus
756 2125 869 2173 sanctus
880 2119 926 2173 ille
967 2118 1113 2190 proquaei
1122 2116 1600 2172 subitotantammutatiouemDeus
1609 2115 1766 2171 donaverit.

128 2194 198 2253 fusis
209 2199 267 2255 Deo
281 2201 409 2272 precibus
423 2220 553 2274 egressus
568 2210 620 2260 est.
636 2206 704 2261 Post
717 2224 821 2278 paucos
831 2213 927 2263 autem
969 2208 1059 2262 Homo
1070 2224 1136 2278 ergo
1151 2206 1198 2262 ille
1213 2206 1355 2261 convietus
1371 2204 1495 2270 aPaulo,
1521 2220 1616 2259 coram
1638 2202 1768 2259 omnibus

130 2286 190 2343 dies
204 2304 261 2344 non
275 2290 367 2347 ferens
381 2292 430 2347 illa
441 2299 548 2348 tantam
561 2295 605 2349 sui
613 2295 742 2366 gloriam,
754 2302 891 2369 tantoque
897 2314 927 2351 se
969 2297 1017 2368 qui
1032 2297 1105 2351 circa
1118 2297 1210 2368 ipsum
1225 2300 1306 2350 erant
1320 2299 1417 2366 aperte
1428 2293 1562 2361 narravit,
1578 2293 1694 2348 dicens:
1710 2294 1768 2364 Ego

130 2377 229 2433 nolens
238 2381 810 2458 sororumhonorecumulari,gravarique
821 2404 851 2441 se
866 2403 927 2442 cre·
969 2390 1099 2457 peccator
1111 2385 1196 2440 homo
1210 2401 1282 2451 sum,
1300 2389 1328 2438 et
1347 2385 1435 2439 multo
1450 2389 1577 2463 tempore
1592 2384 1622 2438 in
1644 2383 1767 2439 fornica·

132 2464 202 2521 dens
216 2470 631 2543 excusationibussingularum,
644 2491 756 2546 egressa
766 2482 809 2531 est
822 2477 857 2531 de
871 2493 930 2531 mo·
969 2475 1047 2530 tione
1060 2474 1113 2528 vixi
1126 2490 1216 2545 usque
1234 2489 1308 2529 nunc
1326 2492 1331 2528 :
1351 2473 1513 2545 ingrediens
1526 2477 1628 2528 cutem
1643 2473 1726 2528 modo
1738 2472 1769 2528 in

133 2557 258 2613 nestorio
267 2558 315 2614 illo
322 2560 437 2627 occulte,
449 2567 478 2617 et
485 2579 541 2634 quo
556 2563 630 2631 ierit,
644 2564 673 2619 in
684 2581 805 2637 quemsc
819 2566 930 2621 miserit
970 2568 1095 2618 sanctam
1105 2561 1250 2617 eeclesiam
1260 2562 1321 2629 Dei,
1331 2562 1424 2617 audivi
1434 2560 1713 2633 vocemloquentisin
1723 2577 1766 2627 eo,

131 2643 235 2714 locum,
250 2649 293 2703 vel
307 2666 362 2721 quo
375 2651 431 2706 line
444 2652 585 2720 defecerit,
597 2654 745 2710 adnullius
754 2655 847 2727 potuit
858 2656 930 2711 noti·
970 2651 1019 2708 ubi
1031 2652 1100 2707 dicit
1114 2669 1122 2706 ι
1138 2651 1294 2715 Lavamini,
1314 2651 1414 2707 mundi
1429 2655 1528 2718 estote,
1543 2650 1651 2706 auferte
1661 2650 1768 2706 malum

131 2733 202 2791 tiam
217 2741 370 2808 pervenire.
971 2741 1174 2812 cogitationum
1182 2745 1343 2796 'vestrarum
1358 2739 1393 2795 ab
1406 2740 1493 2796 oeulis
1507 2738 1587 2807 meis,
1609 2738 1708 2795 discite
1719 2738 1769 2795 be·

86 2837 96 2850 ·
168 2823 213 2882 20.
230 2827 322 2884 Beata
337 2831 480 2888 memoriae
498 2833 603 2889 Paulus
627 2833 760 2906 Simplex,
776 2834 929 2908 discipulus
969 2830 1106 2896 nefacere,
1141 2829 1213 2884 etsi
1238 2829 1344 2885 suerint
1371 2834 1487 2901 peccata
1513 2832 1607 2884 vestra
1629 2833 1767 2900 tanquam

130 2912 242 2971 abbatis
256 2918 379 2987 Antonii,
392 2922 516 2978 narravit
527 2922 655 2994 patribus
668 2924 752 2979 talem
765 2941 841 2979 rem:
858 2924 930 2989 Quia
970 2919 1150 2992 phenicium,
1162 2918 1239 2973 velut
1252 2918 1300 2973 nix
1313 2917 1528 2973 dealbabuntur.
1544 2918 1580 2974 Et
1591 2917 1615 2972 si
1625 2916 1769 2973 volueritis
1848 2922 1854 2930 ’

130 3004 283 3077 aliquando
293 3008 409 3065 veniens
418 3010 447 3065 in
462 3011 632 3067 monasterio
642 3012 773 3068 visitandi
781 3014 930 3084 gratia-et
971 3013 1000 3064 et
1013 3007 1159 3065 audieritis
1172 3025 1226 3074 me,
1243 3006 1317 3063 bona
1334 3005 1578 3064 terraecomedetis
1599 3007 1708 3077 (isaia,
1728 3004 1764 3078 ι).

130 3109 184 3166 pro
198 3095 517 3166 tratruminstructione,
526 3107 756 3173 postconsuetnm
768 3103 928 3158 adinvicem
938 3149 960 3212 G
972 3098 1039 3170 Ego,
1056 3097 1156 3170 iuquit,
1174 3097 1326 3152 fornicator
1337 3097 1367 3151 in
1377 3097 1430 3151 hoe
1442 3111 1572 3151 sermone
1584 3099 1770 3167 compunctus

131 3185 362 3253 consolationem,
370 3188 548 3246 intraverunt
559 3190 588 3246 in
603 3191 750 3247 ecclesiam
760 3192 820 3258 Dei,
829 3192 930 3247 missas
971 3204 1034 3243 sum
1044 3187 1138 3253 nimis,
1153 3191 1182 3242 et
1191 3185 1460 3257 ingemiseeusintra
1466 3183 1667 3240 conscientiam
1677 3199 1770 3240 meam

129 3289 212 3329 more
227 3274 308 3331 solito
323 3277 608 3336 celebrare¹.Beatus
623 3298 690 3353 ergo
700 3282 804 3337 Paulus
817 3282 931 3338 intuens
971 3276 1028 3331 dixi
1041 3277 1076 3331 ad
1097 3277 1205 3332 Deum:
1221 3277 1265 3331 Tu
1287 3276 1373 3344 Deus,
1390 3274 1438 3347 qui
1462 3273 1562 3329 venisti
1581 3273 1612 3328 in
1632 3272 1771 3329 mundum

131 3363 170 3418 ad
184 3379 414 3438 unumquemque
424 3369 628 3425 introeuntium
637 3371 668 3426 in
677 3371 831 3438 ecelesiam,
841 3365 933 3427 intenss
971 3370 1131 3439 peccatores
1157 3365 1248 3420 salvos
1262 3364 1364 3432 faeere,
1389 3370 1419 3420 θῖ
1448 3363 1495 3435 qui
1520 3363 1580 3418 ¹¹aess
1605 3379 1667 3434 ‘111ae
1687 3361 1770 3417 ¹¹²⁰d⁰

133 3450 303 3525 debetquali
314 3456 494 3514 animointua
504 3459 634 3526 intraret3
645 3459 848 3516 habebatenim
859 3461 930 3515 hanc
970 3458 1044 3513 lecta
1059 3460 1126 3509 sunt
1140 3454 1292 3526 promisisti
1305 3471 1355 3526 per
1359 3454 1536 3526 prophetam,
1548 3452 1658 3524 comple
1670 3451 1770 3507 effectu

132 3542 257 3615 gratiam
271 3544 930 3623 sibidetamaDeo,utsicvideretunumquem·
973 3552 1002 3602 et
1015 3560 1099 3617 opere
1123 3543 1208 3598 etiam
1223 3544 1253 3598 in
1280 3559 1326 3598 me
1339 3543 1456 3615 indiguo
1470 3547 1500 3598 et
1526 3546 1682 3614 peccatore.
1698 3540 1769 3596 Eece

135 3647 191 3704 qne
206 3633 286 3704 cujus
295 3634 383 3690 animi
397 3642 480 3704 esset,
495 3637 567 3693 sicut
579 3654 630 3693 nos
641 3638 726 3694 iacies
739 3645 849 3695 nostras
858 3639 933 3695 vide-
974 3635 1049 3692 enim
1064 3633 1165 3688 amodo
1175 3633 1309 3705 promitto
1332 3632 1385 3688 tibi
1404 3637 1434 3687 et
1447 3631 1571 3704 spondeo
1586 3646 1725 3698 sermone,
1742 3633 1772 3686 et

134 3723 376 3781 muaadinvioem:
387 3725 437 3781 sed
446 3728 616 3799 etcujusque
627 3730 933 3801 angelumgaudentem
975 3730 1059 3785 eorde
1073 3730 1217 3796 confiteor,
1231 3728 1364 3801 quiajam
1373 3743 1430 3783 non
1445 3743 1529 3798 agam
1541 3725 1616 3782 ultra
1624 3724 1695 3783 illud
1710 3741 1772 3779 ma·

134 3810 166 3866 in
187 3812 236 3867 eis.
267 3814 492 3885 Ingredientibus
517 3833 584 3888 ergo
610 3818 742 3874 omnibus
766 3820 842 3874 clara
865 3819 934 3875 facie
974 3820 1044 3887 lum,
1062 3819 1111 3875 sed
1124 3819 1292 3874 abrenuntio
1316 3817 1392 3873 omni
1408 3815 1561 3889 iniquitati,
1576 3820 1605 3870 et
1618 3814 1707 3870 servio
1719 3812 1771 3870 tibi

135 3906 167 3956 et
180 3901 325 3973 splendido
339 3904 524 3970 vultu‚uuum
537 3905 607 3961 vidit
619 3903 732 3979 nigrum
749 3913 777 3964 et
783 3907 933 3964 obscurum
972 3910 1074 3964 amodo
1087 3909 1116 3963 in
1131 3907 1301 3964 conscientia
1315 3906 1430 3962 munda.
1446 3905 1535 3960 Hodie
1549 3921 1625 3976 ergo,
1637 3902 1766 3971 Domine,

133 4006 252 4063 corpore
279 3997 348 4061 toto,
377 3998 407 4048 et
433 3994 573 4050 demones
591 4012 625 4051 ex
636 4002 756 4069 utraque
776 4003 856 4070 parte
872 4000 933 4070 eJ’us
975 3997 1289 4074 elinhachorasuseipe
1300 3994 1533 4067 mepoenitentem
1544 3998 1572 4049 et
1586 3992 1770 4064 interpellan-

134 4082 446 4139 tenentesettrahentes
453 4086 558 4140 eumad
568 4085 773 4157 semetipsos,et
779 4087 934 4160 capistrum
974 4093 1031 4142 tem
1045 4092 1084 4154 te,
1100 4092 1129 4141 et
1142 4085 1601 4155 renuntiantemomnepeccatum.
1615 4082 1648 4137 Ιιι
1660 4080 1704 4136 his
1717 4080 1769 4152 igi·

132 4169 165 4224 in
179 4170 295 4226 naribus
305 4173 366 4244 eius
387 4173 531 4229 mittentes
547 4191 553 4227 ι
571 4180 698 4230 sanctum
713 4192 778 4230 vero
800 4178 933 4248 angelum
973 4179 1021 4230 tur
1035 4174 1277 4246 promissionibus,
1293 4173 1342 4239 ait,
1358 4187 1487 4245 egressus
1505 4186 1569 4225 sum
1582 4170 1617 4224 da
1642 4169 1769 4236 ecclesia,

133 4259 237 4330 ejusde
246 4260 328 4332 longe
336 4262 484 4333 lugubrem
496 4263 663 4336 tristemque
671 4271 845 4338 sequentem.
858 4267 932 4322 Pau·
973 4269 1100 4319 statuens
1115 4265 1211 4319 anima
1224 4279 1296 4330 mea,
1311 4258 1384 4316 nihil
1397 4260 1474 4319 nltra
1487 4275 1572 4331 agere
1586 4258 1654 4314 mali
1676 4274 1771 4312 coram

132 4347 282 4417 lusam
289 4368 355 4407 vero
366 4353 524 4425 lacrymans
530 4359 559 4410 et
565 4371 652 4410 manu
662 4354 825 4427 frequenter
834 4361 932 4428 pectus
974 4352 1060 4408 oculis
1074 4351 1196 4408 Domini.
1212 4351 1292 4422 Quod
1307 4366 1371 4405 cum
1383 4347 1539 4412 audissent,
1557 4362 1656 4402 omnes
1669 4346 1772 4400 clama·

132 4438 260 4494 tundens
269 4440 384 4496 sedebat
398 4447 464 4497 ante
479 4443 634 4510 ecclesiam,
648 4444 762 4516 plorans
775 4445 856 4500 valde
868 4462 932 4502 eum
941 4431 1074 4498 Dverunt
1087 4442 1123 4497 ad
1136 4440 1289 4496 Dominum
1301 4455 1367 4495 uoce
1385 4454 1498 4511 magno,
1514 4435 1639 4493 dicent&
1656 4453 1663 4492 :
1681 4435 1773 4501 Quam

132 4527 183 4599 qni
193 4528 220 4582 ei
228 4528 292 4584 talis
302 4537 481 4603 apparuerat.
497 4533 551 4598 oui
560 4537 655 4588 autem
667 4533 799 4590 videbant
811 4535 885 4607 quod
894 4536 933 4590 fa·
974 4527 1518 4603 magnificatasuntopcratuullominel
1527 4523 1772 4596 Omssistifflpiess·

132 4616 234 4685 ciebat,
243 4623 335 4675 ettam
343 4622 463 4677 celerem
474 4623 535 4693 ejus
543 4623 740 4692 mutationem,
752 4629 782 4678 et
792 4625 931 4698 lacrymas
973 4621 1013 4676 tia
1027 4620 1116 4676 iecisti
1128 4623 1208 4688 (Paul.
1227 4618 1297 4691 cru).
1319 4619 1496 4691 Quapropter
1521 4619 1704 4688 agnoscentes
1718 4613 1771 4668 hoc

131 4707 930 4787 etluctum,interrogabantroganteseumutdiceretquid
973 4710 1128 4766 Christiani
1141 4710 1176 4764 de
1188 4709 1293 4765 sanetis
1318 4707 1469 4780 Scripturis
1492 4723 1525 4761 ae
1543 4702 1644 4760 divinis
1662 4702 1770 4759 revela·

131 4799 666 4873 essetquodvideret,timentesnequid
675 4802 705 4857 in
714 4804 931 4875 reprehensione
970 4799 1103 4867 tionibus,
1116 4804 1250 4873 quantam
1265 4799 1340 4854 Deus
1355 4796 1458 4853 lrabeat
1471 4791 1710 4850 bonitatemoiroa
1723 4809 1771 4848 eos

130 4886 260 4942 omnium
272 4888 396 4956 vidisset,
413 4906 464 4962 pro
479 4906 534 4961 quo
547 4890 607 4946 haec
617 4891 731 4947 taceret.
747 4893 931 4949 postulabant
972 4889 1021 4962 qui
1034 4889 1070 4944 ad
1085 4906 1151 4944 eum
1164 4890 1263 4944 devote
1277 4887 1451 4958 confugmnt,
1468 4891 1497 4941 et
1511 4900 1561 4957 per
1574 4883 1770 4957 punitentiam

130 4975 301 5032 etiamutad
311 4978 930 5038 missasintraretoumeis.Paulusautemeos
973 4977 1236 5049 emundantpriora
1250 4977 1361 5043 delicta,
1377 4991 1435 5031 ιιοιι
1445 4974 1537 5029 solum
1552 4989 1608 5029 non
1633 4978 1774 5044 coguntur

129 5065 282 5138 repellens,
303 5073 332 5124 et
345 5085 452 5141 negans
467 5086 497 5124 se
512 5070 714 5141 ingressurum,
727 5070 842 5127 sedebat
854 5072 930 5128 foras
971 5084 1069 5141 poenas
1088 5069 1195 5123 solvere
1209 5083 1260 5139 pro
1276 5065 1396 5138 peccatis
1411 5068 1477 5120 ante
1491 5061 1658 5130 commissis,
1674 5077 1775 5118 verum

126 5155 226 5228 jacens
250 5161 279 5212 et
293 5157 406 5229 plorans
430 5159 514 5214 nimis
530 5159 612 5215 illum
627 5161 675 5232 qui
692 5161 718 5215 ei
731 5161 827 5216 taliter
841 5178 928 5234 appa·
971 5154 1423 5229 etiamconsequunturpromissa
1433 5152 1589 5209 bona.Non
1600 5169 1666 5224 ergo
1676 5152 1774 5225 despe-

128 5249 237 5302 ruerat.
253 5247 320 5303 Post
333 5248 480 5320 paululum
494 5255 588 5304 autem
598 5248 713 5304 dimisso
722 5249 846 5305 ecelesiae
861 5267 928 5305 eon·
970 5263 1065 5303 remus
1072 5247 1107 5302 de
1114 5245 1212 5301 nostra
1217 5245 1321 5299 salute:
1332 5243 1476 5316 quiasicut
1484 5241 1643 5315 perlsaiam
1653 5242 1772 5316 prophe·

129 5339 226 5400 ventu,
240 5335 343 5392 iterum
354 5337 459 5393 Paulus
474 5336 638 5393 attendebat
651 5337 776 5410 singulos
794 5345 928 5394 exeuntes
969 5344 1027 5395 tam
1044 5335 1174 5409 promisit
1188 5351 1235 5389 eos
1251 5334 1299 5406 qui
1309 5333 1466 5406 inpeccatis
1476 5331 1666 5389 suntinvoluti
1677 5331 1769 5386 denuo

128 5428 163 5478 ut
191 5441 312 5497 quorum
337 5425 486 5484 introitum
518 5432 679 5500 agnoverat,
709 5426 795 5484 sciret
831 5429 928 5500 quales
969 5425 1188 5492 lavare,etsicut
1197 5425 1290 5479 lanam
1302 5429 1330 5479 et
1344 5424 1437 5481 nivem
1446 5424 1587 5490 dealbare,
1595 5426 1624 5478 et
1633 5420 1771 5476 bonorum

130 5512 250 5582 exirent,
267 5520 297 5571 et
315 5514 385 5572 vidit
397 5516 477 5572 illum
491 5517 583 5572 virum
606 5517 719 5589 nigrum
735 5524 764 5573 et
777 5517 928 5575 obscurum
970 5516 1136 5581 eoelestinm,
1149 5530 1211 5587 quae
1224 5515 1254 5569 in
1270 5514 1391 5571 coelestis
1403 5514 1559 5573 Jerusalem
1569 5510 1680 5566 civiate
1693 5512 1769 5577 sunt,

167 5641 241 5703 uun.
257 5643 378 5714 l.1u‚n.
395 5642 458 5715 loa
473 5643 574 5714 Paaclu
590 5660 615 5704 c.
631 5643 675 5715 23,
693 5661 723 5705 n.
738 5644 767 5706 t.
780 5645 920 5705 Similein
934 5645 1020 5715 auu,
1037 5643 1086 5704 lib.
1101 5656 1133 5713 u,
1146 5657 1208 5717 cap.
1227 5639 1271 5710 u,
1287 5638 1323 5698 do
1335 5638 1463 5714 Eulogio.
