3818 6120
135 204 204 264 1193
763 219 936 280 HISTORIA
952 220 1141 281 LAUSIACA.
1702 223 1772 291 1194

132 331 496 405 etmagisinditferentem,
511 346 724 400 curarunteum
745 361 763 401 a
788 349 964 421 superbia,A
1268 349 1469 407 carmela

131 420 303 479 deducentes
312 441 378 481 eum
398 426 433 481 ad
448 429 636 499 cognitionem
651 451 708 490 sure
723 435 930 507 imbecillitatis,
1217 440 1275 494 Vite
1283 440 1389 495 abbatis
1403 439 1536 496 Sisinnii.

131 509 248 566 illusum
259 530 276 567 a
289 514 415 570 daemone
429 518 575 588 superbiae,
585 528 613 576 et
625 525 729 580 sanctis
740 528 931 598 precibussuis
1008 528 1258 600 Hujusdiscipulus
1267 527 1407 583 sisinnius
1414 527 1538 592 nornine,
1548 527 1596 599 qui
1602 527 1774 600 prodiitqui-

130 599 162 655 in
174 601 325 672 pristinam
339 604 402 660 vitre
416 609 595 665 sanctitatem
609 613 802 671 restituerunt.
972 618 1078 674 demes
1087 617 1181 673 servili
1191 617 1316 684 fortuna3
1329 616 1485 672 ltdeautem
1498 616 1579 683 liber,
1593 633 1697 688 genere
1703 617 1782 690 Cap·

429 730 546 788 CAPUT
561 735 621 791 CVI
973 707 1073 779 pados.
1090 706 1209 779 Oportet
1219 706 1294 761 enim
1307 722 1413 776 genera
1421 722 1533 778 quoque
1557 704 1717 776 significare
1736 703 1774 762 ad

624 778 630 791 ¹
972 795 1092 866 gloriam
1103 794 1207 850 Christi
1221 794 1269 866 qui
1279 810 1331 848 nos
1343 792 1437 849 reddit
1447 794 1655 865 clarosgenere,
1666 810 1775 866 uosque

381 855 440 908 ΠΜ
455 857 561 912 abbam
575 861 690 930 Elpi‘fff·
973 883 1086 939 deducit
1095 884 1131 938 ad
1146 883 1257 938 beatam
1275 887 1408 936 etvcram
1421 882 1607 946 nobilitatem,
1622 898 1775 954 nempera-

170 955 203 1011 In
220 957 450 1014 Amorrhaeorum
474 964 615 1035 speluncis
630 984 692 1038 quae
702 971 807 1025 suntin
822 972 932 1028 Jericho
972 988 1061 1044 gnum
1075 972 1281 1028 emtarumtlic
1290 988 1354 1026 cum
1362 969 1461 1026 fuisset
1472 972 1556 1041 longo
1565 971 1775 1044 temporeapud

132 1059 204 1114 quas
215 1044 282 1100 olim
295 1054 511 1106 construxerant
523 1053 662 1124 fugientes
676 1058 772 1113 Jesum
783 1059 868 1125 Nave,
885 1062 933 1133 qui
974 1059 1088 1117 beatum
1096 1060 1238 1133 Elpidium
1251 1060 1323 1115 acris
1333 1060 1440 1114 athleta
1448 1059 1584 1115 virtutum
1596 1060 1774 1116 exercitatio·

130 1136 201 1188 tunc
215 1136 405 1206 populabatur
418 1139 599 1212 alienigenas,
616 1144 645 1198 in
661 1153 757 1202 monte
784 1149 859 1204 Luca
881 1150 934 1205 tuit
975 1151 1028 1216 nis,
1045 1156 1078 1205 ut
1091 1149 1138 1221 qui
1149 1166 1197 1204 sex
1207 1150 1250 1205 vel
1264 1155 1372 1220 septem
1384 1148 1466 1203 annis
1475 1148 1620 1204 didicisset
1627 1149 1677 1204 viri
1687 1149 1775 1206 virtu·

131 1221 250 1292 quidam
264 1224 400 1296 Elpidius,
418 1229 567 1300 Cappadox
588 1249 701 1302 genere,
717 1242 816 1306 postea
837 1245 933 1294 antem
973 1245 1026 1303 tes,
1043 1238 1275 1294 etsortitudinem
1286 1235 1776 1310 laboruminexercitatione,ispost·

132 1310 266 1382 dignatus
276 1314 471 1386 presbyteratu
485 1322 650 1376 monasterii
662 1324 736 1394 quod
756 1325 814 1380 illic
833 1332 884 1393 est,
895 1328 935 1383 sa·
974 1343 1009 1382 ea
1018 1327 1142 1399 seipsum
1152 1326 1266 1382 inclusit
1273 1326 1456 1382 monimento.
1467 1326 1500 1381 ln
1513 1342 1548 1381 eo
1562 1329 1658 1382 autem
1673 1325 1776 1382 consti·

132 1408 218 1458 etusa
226 1405 373 1462 Timotheo
384 1408 597 1483 chorespiseopo
605 1415 798 1486 Cappadociae,
810 1418 870 1473 viro
878 1419 934 1474 sut·
974 1421 1054 1472 tutus
1062 1421 1121 1471 tres
1136 1432 1234 1481 annos,
1246 1415 1434 1487 perseverarit
1447 1414 1577 1481 Νθίιι
1589 1414 1776 1485 orationibus,

132 1493 336 1550 ficientissimo.
354 1496 382 1551 Is
402 1497 537 1555 habitavit
558 1502 586 1556 in
606 1504 727 1574 quadam
743 1507 884 1576 spelunca,
906 1514 936 1564 et
976 1522 1033 1561 non
1046 1511 1141 1564 noctu.
1152 1521 1209 1560 non
1219 1503 1343 1560 interdiu
1351 1504 1525 1568 sedens,non
1533 1503 1709 1571 accumbens,
1719 1519 1777 1561 uon

132 1586 242 1636 tantam
255 1583 284 1637 in
294 1585 493 1642 exercitatione
513 1592 637 1646 ostendit
665 1594 877 1662 continentiam,
902 1602 935 1652 ut
975 1594 1050 1650 toras
1065 1594 1219 1666 egrediens.
1235 1594 1264 1650 Is
1277 1599 1422 1650 assecutus
1445 1598 1488 1648 cst
1506 1594 1629 1664 gratiam
1642 1593 1777 1650 adversus

133 1687 233 1726 omnes
242 1672 414 1729 obscuraret.
424 1677 580 1733 Vivitenim
592 1680 691 1751 viginti
700 1683 931 1756 quinqueannos,
974 1683 1124 1739 daemones.
1139 1683 1221 1739 Nunc
1240 1689 1338 1738 autem
1353 1698 1480 1737 reversus
1494 1680 1662 1753 inpatriam,
1671 1681 1776 1754 diguus

132 1774 248 1815 vescens
263 1762 354 1817 solum
366 1763 495 1820 Sabbatis
509 1773 538 1821 et
553 1769 722 1837 Dominicis;
738 1777 816 1827 stans
838 1743 967 1829 auternB
975 1777 1020 1826 est
1031 1772 1144 1827 habitus
1159 1771 1354 1844 presbyteratu
1365 1770 1417 1838 3ab
1426 1788 1459 1826 eo
1468 1771 1585 1826 collecta
1598 1770 1776 1828 fraternitate

132 1852 210 1902 totas
224 1855 319 1905 noctes
329 1852 470 1908 cantabat.
479 1855 568 1919 Quem
582 1857 727 1930 sicutapes
738 1877 932 1932 regemsuum,
976 1861 1302 1927 virorumetmulierum,
1312 1860 1378 1916 dato
1392 1858 1777 1933 testimonioimpatibilitatis

132 1936 176 1990 ita
189 1937 339 1993 innumera
351 1941 502 1996 multitudo
513 1944 632 2000 fratrum
646 1953 751 2015 secuta,
763 1949 842 2005 illum
853 1967 935 2006 mon·
975 1967 1027 2024 per
1038 1951 1186 2006 honestam
1196 1949 1520 2015 vitaeinstitutionem,et
1531 1949 1656 2004 mascula
1662 1949 1778 2022 expulsa

133 2029 193 2080 tem
206 2027 353 2082 aedilrcavit
366 2048 372 2083 ε
389 2030 546 2103 licebatque
558 2033 614 2088 illic
627 2035 722 2090 videre
735 2037 810 2108 apud
833 2056 935 2094 unum·
975 2055 1028 2093 sua
1036 2037 1198 2109 cupiditate,
1210 2042 1240 2091 et
1248 2036 1415 2092 laminarum
1426 2035 1544 2091 mollitie
1552 2035 1702 2092 constricta
1709 2052 1777 2092 con·

134 2131 276 2187 quemque
292 2117 415 2172 diversos
431 2120 528 2175 modos
543 2123 606 2177 vitae
620 2125 837 2182 exercitationis.
858 2127 936 2183 tlunc
976 2126 1104 2191 tinentia,
1122 2126 1191 2181 adeo
1215 2131 1248 2180 ut
1262 2124 1414 2197 impleatur
1426 2124 1502 2197 quod
1515 2123 1649 2197 scriptum
1664 2129 1728 2180 est:
1743 2124 1777 2181 lu

134 2204 287 2274 aliquando
309 2206 459 2278 Elpidium,
477 2214 505 2263 ot
519 2227 583 2265 vere
594 2212 744 2284 Elpidium,
764 2215 812 2286 qui
840 2233 935 2272 revera
977 2215 1088 2271 Christo
1095 2216 1160 2270 Jesu
1172 2213 1428 2270 nonestmasculns
1437 2218 1467 2269 et
1474 2213 1660 2282 femina;non
1669 2217 1713 2270 est
1721 2228 1778 2269 ser·

134 2308 185 2363 spe
199 2293 349 2362 gaudebat,
366 2302 395 2350 et
408 2303 523 2369 propter
537 2300 681 2357 Christum
695 2304 852 2359 sustinebat
866 2306 936 2360 aflli-
978 2322 1035 2371 vus,
1050 2321 1101 2359 nec
1114 2303 1186 2359 liber
1192 2304 1292 2376 (Galat.
1303 2305 1353 2372 111).
1366 2301 1416 2358 list
1426 2306 1521 2359 autem
1533 2302 1619 2358 etiam
1629 2301 1780 2375 insigniter

134 2381 267 2448 ctionem,
286 2388 369 2439 noctu
375 2386 542 2456 psallentem
550 2389 765 2447 nobisunacum
774 2409 807 2447 eo
816 2394 934 2464 psallen·
976 2392 1133 2465 hospitalis,
1146 2392 1199 2447 etsi
1213 2397 1309 2446 careat
1321 2389 1555 2463 possessionibus,
1568 2391 1599 2449 in
1608 2391 1780 2466 vituperium

135 2469 221 2534 tibus,
234 2473 506 2546 pupugitscorpius:
522 2494 606 2548 quem
619 2496 684 2534 cum
698 2481 833 2537 calcasset
846 2488 934 2549 stans,
977 2481 1096 2537 divitum
1115 2481 1164 2555 qui
1176 2480 1293 2536 minima
1307 2479 1519 2552 impertiuntur.

136 2574 193 2612 non
204 2560 324 2615 mutavit
336 2562 463 2619 habitum
475 2567 598 2637 corporis
608 2588 614 2635 ;
626 2574 707 2624 tanta
718 2571 868 2626 tolerantia
877 2573 938 2628 nul·
1283 2602 1403 2661 CAPUT
1416 2603 1473 2659 cx.

136 2645 196 2700 lam
210 2647 289 2702 duxit
301 2650 440 2706 rationem
455 2653 560 2709 doloris
573 2672 657 2727 quem
671 2658 773 2713 inussit
800 2661 934 2732 scorpius.

136 2734 226 2790 Porro
240 2743 406 2794 autemcum
417 2741 539 2812 quodam
549 2744 594 2798 dic
610 2745 724 2815 quidam
733 2746 821 2802 frater
829 2751 940 2802 teneret
1171 2732 1230 2786 Vlia
1241 2730 1347 2786 ⁰less
1362 2728 1496 2788 GMMM
1508 2725 1594 2798 (¹57l·

137 2823 260 2880 frustum
274 2829 412 2883 sarmenti
424 2830 506 2898 1154),
521 2832 550 2886 id
564 2834 671 2905 accepit
685 2841 799 2891 sanctus
812 2836 879 2891 dum
893 2854 938 2892 se·
1015 2836 1086 2892 Novi
1101 2853 1153 2908 ego
1180 2852 1277 2892 senem
1295 2837 1446 2909 quemdam
1469 2833 1644 2902 Palestiuum
1664 2848 1779 2907 genera,

137 2912 219 2968 deret
225 2914 253 2968 in
261 2916 509 2987 marginemontis,
517 2921 791 2995 etinlodittanquam
797 2926 936 2996 plantans,
980 2924 1146 2980 Gaddanam
1160 2924 1284 2990 nomine,
1298 2923 1346 2994 qui
1355 2929 1414 2978 toto
1423 2923 1485 2978 vita
1497 2940 1557 2980 suaa
1570 2928 1697 2996 tempora
1711 2922 1782 2980 vixit

137 3002 192 3056 etsi
211 3019 267 3057 non
283 3011 358 3060 esset
371 3014 500 3078 tempus;
517 3025 607 3083 usque
630 3012 700 3067 adeo
726 3019 820 3069 autem
842 3016 937 3078 crevit,
952 3054 968 3080 ,
980 3013 1175 3085 absquetecto,
1184 3011 1353 3067 visitantem
1367 3011 1441 3067 circa
1449 3011 1608 3068 Jordanem.
1623 3012 1704 3068 llunc
1713 3010 1780 3068 bea·

137 3096 236 3146 ettam
253 3094 348 3165 ampla
361 3096 425 3150 vitis
442 3098 538 3165 evasit,
555 3105 588 3154 ut
608 3106 718 3172 tegeret
735 3106 824 3158 totam
852 3084 968 3160 eccle-²¹
978 3107 1041 3158 tum
1054 3101 1211 3165 eremitam,
1222 3099 1381 3156 cumJudaei
1396 3099 1465 3155 moti
1476 3099 1665 3166 emulatione,
1674 3100 1704 3156 in
1711 3098 1781 3156 locis

138 3179 221 3234 siam.
980 3207 1042 3263 quae
1053 3195 1120 3245 sunt
1129 3189 1203 3244 circa
1209 3203 1287 3243 mare
1303 3188 1444 3244 Mortuum
1459 3187 1561 3253 adorti,
1577 3187 1674 3243 stricto
1686 3185 1780 3260 gladio

432 3295 549 3353 cqpqpp
561 3296 644 3354 0qu
980 3278 1156 3342 invasissent,
1176 3277 1278 3332 accidit
1295 3283 1328 3332 ut
1341 3277 1396 3332 tale
1415 3277 1496 3332 lieret
1509 3277 1687 3332 miraculum.
1706 3276 1781 3334 Dum

274 3412 279 3425 ,
388 3397 447 3455 Vim
460 3403 566 3457 obtutis
575 3405 678 3458 [Emit.
977 3385 1074 3426 ensem
1097 3367 1253 3433 extolleret,
1273 3372 1303 3421 et
1322 3366 1407 3421 vellet
1428 3365 1571 3422 Gaddanre
1592 3365 1693 3421 eterra
1709 3365 1781 3422 inte·

977 3458 1075 3523 ritum,
1092 3455 1231 3512 exsiccata
1245 3460 1289 3510 est
1298 3470 1398 3510 manus
1412 3455 1473 3525 eius
1486 3454 1535 3527 qni
1548 3470 1644 3511 ensem
1654 3452 1777 3521 tenebat,

174 3504 246 3558 Cum
260 3503 312 3559 hoc
328 3510 424 3562 sancto
445 3506 496 3563 Dei
513 3509 619 3567 athleta
632 3528 688 3566 una
704 3511 789 3567 etiam
804 3511 936 3569 suitcon·
978 3547 1059 3620 isque
1069 3545 1110 3601 iffi
1122 3545 1164 3600 iq„
1178 3543 1277 3599 cecidit
1291 3549 1323 3598 ut
1333 3560 1389 3598 non
1399 3543 1527 3600 sentim,
1544 3543 1603 3599 1100
1615 3541 1781 3600 auxilium·

136 3598 295 3647 summotus
320 3594 441 3667 inclytus
463 3596 513 3652 Dei
529 3616 625 3656 servus
647 3598 786 3667 AEncsius,
813 3601 855 3656 vir
880 3618 938 3657 ma·
979 3637 1037 3692 Deo
1052 3635 1142 3689 latum
1157 3638 1201 3688 est
1219 3631 1302 3687 beato
1316 3630 1461 3700 Gaddm,
1475 3630 1679 3690 ethwietus
1702 3629 1780 3687 beati

136 3698 201 3752 gne
211 3680 434 3755 existimationis,
447 3691 476 3741 et
488 3688 535 3759 qui
559 3688 612 3744 suit
622 3689 742 3760 insignis
756 3690 786 3745 in
801 3691 937 3746 exercita·
979 3724 1032 3779 viri
1044 3738 1134 3794 usque
1148 3721 1184 3777 ,d
1200 3722 1286 3777 finem
1298 3719 1371 3777 vim,

137 3769 226 3827 tione.
1286 3808 1404 3866 capul*
1417 3808 1490 3867 CXI.

422 3865 539 3921 CAPUT
555 3866 653 3924 cvm·
1248 3900 1307 3955 Vita
1321 3899 1427 3954 abbatis
1440 3899 1517 3955 aava.

323 3970 381 4025 Vlla
395 3971 501 4026 “bilaist
515 3972 660 4028 Emissilll'l'
674 3973 758 4045 (155).
1014 3990 1122 4045 Rursus
1135 3989 1249 4062 quidam
1264 3987 1340 4043 Elias
1354 3987 1508 4043 monachus
1518 3983 1779 4058 probatissimusin

176 4072 212 4127 Et
233 4074 295 4143 ejus
322 4074 409 4131 trater
437 4077 600 4134 Eustathius
625 4079 652 4133 ei
670 4079 776 4134 honore
811 4079 934 4151 aequalis,
978 4077 1076 4133 iisdem
1086 4077 1153 4132 locis
1160 4074 1307 4131 habitabat
1315 4075 1345 4130 iu
1355 4075 1488 4146 spelunca
1499 4093 1506 4142 ;
1517 4079 1548 4129 et
1555 4090 1618 4130 eum
1628 4079 1703 4131 esset
1716 4074 1780 4131 vim

139 4167 328 4234 promptoque
342 4169 371 4219 et
394 4166 479 4221 alacri
505 4168 601 4222 animo
615 4184 747 4223 esemona
757 4168 820 4224 vitre
846 4173 937 4224 certa·
977 4165 1181 4222 honestissimis
1201 4169 1230 4220 et
1242 4164 1272 4218 in
1286 4163 1386 4237 primis
1400 4162 1547 4233 religiose.
1567 4161 1684 4217 vacabat
1692 4161 1779 4218 conti·

139 4249 228 4304 mina.
978 4255 1082 4312 nentia
1096 4258 1125 4309 et
1137 4252 1372 4313 orationi,omnes
1385 4251 1565 4309 advenientes
1577 4248 1778 4322 beaigneexci·

175 4339 215 4392 Eo
230 4349 324 4394 autem
338 4344 473 4412 processit
482 4344 581 4400 beatus
591 4346 716 4417 Elpidius
730 4344 937 4417 impatibilitate
978 4343 1067 4414 piens.
1083 4342 1211 4407 Quodam
1226 4357 1293 4412 crgo
1307 4340 1352 4396 die
1366 4356 1431 4396 cum
1444 4339 1604 4410 complures
1618 4338 1719 4394 iratres
1740 4338 1779 4396 ad

139 4442 242 4498 corpus
248 4445 401 4498 macerans,
413 4439 445 4486 ut
456 4438 517 4488 tota
524 4435 665 4506 eiusllbss)
679 4435 784 4490 ossium
798 4415 971 4489 structuraD
981 4448 1045 4487 eum
1059 4430 1250 4498 accessissent,
1267 4435 1329 4484 erat
1341 4429 1417 4484 enim
1428 4429 1494 4484 illac
1505 4428 1546 4484 eis
1560 4427 1775 4529 manseundum,

139 4516 287 4587 perspicue
297 4525 415 4590 pateret.
427 4521 528 4577 Fertur
542 4528 637 4578 autem
648 4525 700 4578 hoo
715 4540 825 4595 qnoque
839 4523 868 4576 in
878 4523 939 4593 ejus
979 4521 1006 4577 ei
1019 4537 1106 4592 panes
1116 4519 1279 4576 deiecerunt
1291 4537 1298 4587 3
1312 4517 1469 4590 juransque
1480 4515 1778 4573 nobisatlirmabatdr·

139 4602 938 4683 virtutisnarrationibusastudiosisejusdiscipulis.quod
979 4626 1065 4665 cens:
1082 4608 1289 4681 Propemodum
1302 4623 1365 4662 aum
1380 4606 1557 4663 exanimatus
1566 4604 1601 4662 ob
1616 4603 1669 4660 cibi
1687 4620 1777 4677 penu·

138 4691 208 4746 totis
219 4693 447 4768 vigintiquinque
457 4699 539 4754 annis
548 4700 665 4755 nonfuit
679 4699 870 4755 conversusad
884 4699 939 4755 Oc·
978 4699 1060 4754 riam.
1076 4699 1222 4769 Ingressus
1237 4712 1304 4767 ergo
1318 4695 1417 4751 cellam
1432 4710 1553 4752 moerore
1576 4693 1664 4751 animi
1682 4692 1777 4750 conte·

137 4780 296 4849 cidentem;
311 4784 363 4838 etsi
390 4786 529 4857 speluncae
543 4789 648 4843 ostium
664 4794 739 4844 esset
762 4789 885 4859 positum
908 4787 938 4842 in
978 4792 1051 4853 ctus,
1067 4787 1140 4860 qnod
1156 4785 1293 4841 nescirem
1308 4783 1545 4856 quemadmodum
1559 4782 1589 4838 iu
1605 4798 1654 4838 eos
1667 4781 1715 4854 qui
1728 4782 1778 4883 ad·

137 4872 244 4924 montis
258 4873 412 4928 cacumine.
429 4876 528 4947 Neque
542 4882 606 4948 post
619 4877 716 4932 horam
728 4887 835 4932 sextum
849 4877 938 4932 solem
978 4881 1135 4941 ventarent,
1151 4875 1299 4946 implerem
1314 4890 1365 4945 pro
1373 4872 1478 4929 viribus
1487 4887 1648 4928 mensuram
1657 4870 1779 4927 chanta-

140 4958 190 5029 qui
204 4959 370 5016 imminebat
384 4963 479 5034 capiti,
489 4964 560 5019 vidit
572 4982 698 5036 unquam
707 4966 890 5021 inclinantem
901 4964 936 5020 ad
976 4965 1024 5032 tis,
1040 4964 1132 5019 inveni
1147 4969 1206 5019 tres
1217 4967 1344 5018 recentes
1364 4978 1452 5034 panes
1477 4961 1534 5016 illic
1562 4960 1678 5033 positos,
1707 4975 1778 5033 quos
1878 4995 1886 5015 t

140 5047 321 5103 Occidentem
334 5068 340 5116 ;
356 5067 447 5123 neque
456 5054 553 5108 stellas
568 5070 629 5125 qum
644 5055 674 5109 in
688 5071 786 5109 occasu
806 5055 937 5110 oriuntur
977 5057 1058 5111 latus
1068 5054 1161 5126 accepi
1176 5060 1205 5110 et
1219 5052 1346 5127 apposui.
1363 5052 1433 5108 Cum
1449 5055 1544 5107 autem
1557 5050 1656 5124 viginti
1668 5048 1778 5109 vivico-

140 5135 213 5191 vidit
223 5136 322 5207 viginti
332 5139 424 5194 annis.
442 5142 618 5214 Hicmagnus
627 5144 734 5198 athleta
743 5143 894 5214 patientie,
904 5159 937 5198 ex
979 5145 1134 5201 medissent
1146 5143 1182 5198 ad
1196 5143 1365 5207 satietatem,
1379 5139 1518 5212 superfuit
1529 5155 1603 5196 unus
1613 5139 1779 5212 panialium

140 5224 575 5302 quoingressusestspeluncam,
586 5232 833 5287 nondescenditde
845 5237 939 5288 monte
979 5240 1074 5290 autem
1082 5248 1145 5287 curn
1158 5230 1529 5299 sustulissem,usussunreo
1542 5226 1641 5300 viginti
1654 5226 1779 5301 quinque

141 5311 232 5368 donec
250 5314 303 5370 suit
317 5318 454 5387 sepultus.
470 5320 535 5375 llaec
548 5326 615 5376 sunt
627 5321 751 5376 coelestia
760 5321 883 5376 facinora
893 5337 941 5376 co·
981 5322 1089 5378 diebus.
1107 5321 1172 5378 llaec
1185 5318 1292 5376 domini
1304 5317 1398 5390 gratia
1407 5316 1483 5373 tacta
1495 5321 1540 5373 est
1556 5332 1621 5374 cum
1646 5313 1779 5388 hospitali

140 5402 235 5456 conati
251 5409 280 5458 et
294 5404 390 5461 invicti
403 5408 516 5463 athleta
530 5409 642 5481 Elpidii,
662 5410 711 5483 qui
730 5427 805 5467 nunc
819 5426 883 5467 cum
896 5410 941 5466 aui
982 5411 1051 5474 Elia,
1068 5409 1149 5482 cujus
1167 5407 1296 5464 laborum
1322 5405 1565 5466 remunerationes
1585 5408 1692 5479 parat·
1710 5405 1779 5462 suat
1883 5448 1887 5456 .

142 5488 284 5548 similibus
293 5493 372 5566 degit
384 5496 415 5551 in
432 5498 573 5568 paradiso.
983 5499 1058 5571 apud
1067 5496 1221 5570 benignum
1234 5495 1395 5557 nomnen.

288 5591 421 5656 salvor.
436 5596 571 5661 txxru.
1624 5591 1663 5658 ³⁸
