3818 6120
129 217 183 281 aaa
339 202 343 210 ’
695 219 849 278 acuns
867 216 1017 278 111111
1034 216 1142 274 usna
1159 217 1207 274 1v.
1717 218 1769 279 aar

130 349 330 421 etplerumqus
335 348 401 415 vidi,
409 353 443 404 ut
448 346 554 403 dudum
563 347 699 415 dixeram,
707 348 801 403 nnoin
810 348 869 404 loco
875 348 926 402 ha·
935 347 962 408 A
971 344 1064 416 operis
1073 360 1137 416 spes
1143 361 1204 400 osse
1218 361 1275 401 non
1289 349 1411 418 poterat,
1421 348 1518 400 111111
1530 343 1700 400 obedientia
1713 344 1769 400 vir·

131 437 222 494 bitare
232 444 374 505 centenos,
383 438 432 493 scd
446 442 475 492 et
488 436 556 492 bina
565 440 594 492 et
602 441 684 492 terna
693 436 781 492 millia
791 437 821 493 in
828 437 928 492 iisdem
968 439 1014 488 tus
1027 433 1057 488 in
1071 432 1166 488 labore
1180 434 1310 490 durabat.
1323 436 1448 505 Sequens
1460 450 1571 506 quoque
1581 449 1685 500 annus,
1699 449 1768 489 vano

131 527 230 584 viculis
243 544 327 598 agere
336 526 490 582 constabat.
502 527 561 582 Nec
572 542 639 582 sane
651 525 691 580 ibi
702 527 839 581 minorem
849 532 929 598 puto·
968 521 1064 578 labore
1071 527 1183 578 tantum
1194 524 1323 580 effectum
1332 523 1429 579 fratris
1440 523 1538 578 eludit.
1550 523 1646 580 TertIo
1654 523 1769 578 demum

128 616 165 671 tis
178 615 382 671 diversantium
398 615 428 670 in
446 613 626 670 multitudine
645 615 847 670 monachorum
867 631 928 671 esse
968 627 1052 679 anno,
1068 611 1279 668 succedentium
1300 619 1460 684 temporum
1480 611 1595 668 labente
1619 612 1766 679 curriculo,

128 704 271 772 nrtutem,
297 721 382 776 quarn
405 720 503 760 eorum
518 721 578 760 esse
591 704 768 775 cognovistis,
785 704 877 776 quise
892 704 927 759 ab
968 716 1032 756 cum
1047 718 1137 772 neque
1152 708 1233 758 nocte
1247 718 1338 774 neque
1352 701 1397 756 dia
1412 702 1545 774 aquarius
1565 700 1615 756 ille
1635 706 1765 768 cessaret,

128 793 260 849 humanis
273 792 390 850 coetibus
403 798 592 849 removerunt.
601 792 754 865 Praecipua,
770 800 802 849 ut
813 795 873 865 jam
887 794 928 849 di·
967 791 1047 861 virga
1067 791 1170 845 floruit.
1197 792 1254 862 Ego
1272 793 1333 863 ipse
1352 808 1384 846 ex
1406 791 1456 845 illa
1468 791 1579 863 virgula
1589 789 1766 846 arbusculam

128 883 165 950 xi,
182 888 211 937 et
227 884 320 955 prima
333 882 372 938 ibi
385 884 484 948 virtus,
499 882 669 938 obedientia.
686 884 784 955 Neque
799 884 875 938 enim
888 883 927 939 ibi
967 879 1033 946 vidi,
1042 896 1104 951 quae
1113 880 1253 952 hodieque
1263 881 1340 936 intra
1349 880 1623 935 atriummonastcrii
1634 881 1723 934 ramis
1731 880 1766 934 vi·

128 971 212 1027 aliter
224 971 287 1045 quis
300 972 462 1039 adveniens,
483 989 500 1027 a
514 972 676 1028 monasterii
692 971 793 1027 abbate
807 972 926 1044 suscipi·
967 968 1094 1023 rentibus
1100 970 1181 1040 quasi
1187 969 1416 1025 intestimonium
1423 974 1695 1040 manens,qnantum
1702 968 1763 1024 obe·

130 1066 187 1130 tur,
200 1077 284 1134 quam
298 1062 347 1133 qui
362 1067 489 1126 tentatus
507 1062 593 1117 fuerit
613 1066 641 1117 et
657 1062 801 1133 probatus,
817 1061 925 1116 nullum
967 1058 1074 1113 dientia
1085 1058 1198 1127 meruit,
1212 1064 1241 1114 et
1255 1064 1391 1131 quantum
1404 1059 1473 1115 tides
1486 1064 1591 1130 posset,
1608 1059 1741 1115 ostendit.

126 1165 253 1223 unquam
266 1156 456 1218 recusaturus,
472 1151 539 1207 licet
556 1151 676 1207 arduum
694 1151 723 1207 et
736 1151 865 1219 difficile,
881 1151 925 1206 in·
1261 1168 1377 1224 CAPUT
1391 1168 1467 1223 prm¹

128 1239 302 1313 dignumque
312 1239 422 1297 abbatis
434 1241 595 1314 imperium·
967 1275 1108 1330 damonia
1122 1277 1233 1344 ejiciens
1248 1276 1482 1330 eticnsademone
1491 1276 1658 1345 possidetur,
1666 1278 1720 1345 plne
1728 1280 1764 1330 lc·

440 1349 557 1405 CAPUT
570 1349 620 1405 xl.
733 1334 737 1345 ⁸
1182 1379 1246 1418 men
1259 1365 1369 1418 salubri
1380 1365 1550 1418 restituitur.

215 1455 377 1511 111θᾶ1111111
394 1457 841 1551 1111111111111111191111111111111·
1005 1472 1123 1536 Quidam
1132 1471 1275 1527 exsauctis
1285 1471 1417 1526 Patribus
1427 1471 1616 1543 fugandorum
1626 1470 1663 1526 de
1673 1487 1763 1543 corpo

166 1561 296 1618 Boream
307 1561 385 1618 vobis
395 1562 627 1618 duoincredibilis
639 1542 804 1620 obedientia
825 1582 929 1637 magna
969 1560 1045 1616 ribus
1067 1560 1188 1616 obsessis
1208 1561 1367 1615 demonum
1388 1560 1545 1615 incredibili
1563 1560 1700 1632 preditus
1716 1577 1762 1633 po·

130 1651 266 1708 rniracula
280 1652 377 1722 (Socer.
389 1652 479 1722 Sulp,
494 1654 603 1722 dialogo
616 1653 640 1720 1,
656 1671 679 1708 c.
690 1653 743 1722 12).
760 1655 851 1725 Igitur
863 1672 925 1710 curn
941 1683 944 1691 .
968 1655 1079 1714 testate,
1097 1650 1187 1705 multa
1200 1650 1280 1721 signa
1299 1648 1417 1704 faciebat
1433 1648 1502 1718 (Sec.
1518 1650 1610 1720 Solo,
1624 1651 1727 1718 dialog.
1741 1650 1762 1714 1,

91 1812 96 1820 ¹
129 1740 244 1813 quidam
256 1739 344 1795 frater
353 1741 713 1807 saeculiactibusabdicatis,
725 1746 928 1800 monasterium
968 1757 1027 1809 cop.
1044 1739 1099 1810 11).
1115 1740 1179 1794 Non
1202 1739 1294 1793 solum
1315 1739 1390 1794 enim
1412 1755 1544 1810 praesens,
1566 1755 1661 1810 neque
1685 1737 1764 1794 verbo

129 1845 239 1901 magnae
254 1828 444 1902 dispositionis
457 1830 611 1901 ingressus,
622 1831 725 1904 suscipi
731 1849 761 1887 se
772 1840 885 1904 rogaret
898 1834 927 1888 in
969 1832 1089 1896 tanturn,
1104 1829 1153 1883 sed
1167 1833 1196 1883 et
1208 1827 1309 1883 absens
1324 1845 1444 1901 quoque,
1460 1827 1614 1894 Interdum,
1631 1826 1717 1882 cilicii
1725 1827 1762 1881 sui

128 1919 387 1991 congregationem,
401 1917 487 1974 abbas
500 1921 584 1992 coepit
598 1920 624 1975 ei
640 1921 729 1976 multa
744 1938 902 1995 proponere
919 1941 925 1975 ι
968 1917 1088 1973 fimbriis
1098 1922 1149 1973 aut
1158 1917 1283 1990 epistolis
1291 1917 1384 1972 missis
1392 1917 1505 1972 obsessa
1513 1933 1632 1989 corpora
1641 1916 1762 1972 curabat.

129 2024 228 2081 graves
242 2023 303 2063 esse
317 2007 392 2063 illius
408 2007 561 2079 disciplinae
575 2008 695 2079 labores,
711 2027 762 2066 sua
777 2028 842 2068 vero
857 2012 928 2067 dura
969 2007 1020 2062 llic
1030 2023 1097 2078 ergo
1111 2007 1214 2062 mirum
1222 2007 1372 2063 inrnodum
1379 2005 1638 2078 frequentabatura
1647 2007 1762 2079 populis,

131 2097 260 2170 imperia,
275 2113 338 2168 quae
347 2097 454 2152 nullius
463 2097 544 2153 facilc
554 2105 649 2170 posset
657 2099 774 2171 implere
780 2101 926 2173 patientia:
969 2114 1005 2151 ex
1018 2096 1115 2152 multis
1125 2095 1194 2151 locis
1204 2096 1239 2151 ed
1252 2112 1318 2152 eum
1328 2095 1520 2152 venientibus:
1538 2101 1619 2151 taceo
1630 2097 1667 2151 de
1684 2096 1765 2151 mine

131 2185 208 2241 aliud
219 2186 530 2257 potiusmonasterium,
540 2186 764 2244 ubifacilioribus
778 2189 929 2262 legibusvi·
970 2184 1063 2252 ribus;
1079 2184 1212 2258 praefecti,
1230 2187 1356 2252 comites,
1373 2191 1458 2258 atque
1469 2186 1649 2242 diversarum
1663 2184 1765 2256 judices

130 2279 253 2343 veretur,
266 2280 418 2347 expeteret,
430 2282 459 2330 et
466 2293 523 2331 non
534 2282 655 2332 tentaret
662 2278 777 2349 aggredi
788 2279 862 2350 quod
872 2296 928 2334 non
969 2278 1152 2346 potestatum,
1168 2291 1225 2346 pne
1243 2274 1350 2330 foribus
1363 2275 1440 2330 illius
1455 2291 1528 2347 saepe
1540 2276 1704 2346 jacuerunt.
1720 2274 1765 2328 llic

130 2368 227 2437 posset
239 2363 402 2436 adimplere.
415 2365 465 2421 lile
477 2382 543 2421 vero
554 2367 597 2421 his
607 2367 763 2423 terroribus
782 2368 852 2423 nihil
867 2385 929 2440 per·
969 2364 1045 2419 enim
1059 2364 1136 2419 omni
1150 2370 1218 2436 potu
1232 2365 1440 2437 inperpetuum
1454 2365 1567 2436 penitus
1581 2363 1765 2433 abstinuisse

131 2453 248 2522 moveri,
262 2454 311 2509 scd
323 2455 414 2526 magis
423 2471 536 2510 omnem
550 2455 739 2511 obedientiam
754 2457 794 2512 ita
805 2457 928 2529 polliceri
969 2452 1199 2526 projciboseptem
1207 2459 1318 2511 tantum
1328 2453 1765 2510 caricissustentabatur.lnterea

131 2542 226 2615 coepit,
241 2547 275 2599 ut
285 2544 383 2599 sicum
393 2542 480 2599 abbas
491 2544 520 2599 in
532 2544 626 2616 ignem
638 2546 679 2600 ire
690 2546 929 2617 praeciperet,non
969 2547 1064 2596 sancto
1076 2542 1145 2610 vir0‚
1158 2548 1191 2598 ut
1204 2559 1237 2598 ex
1256 2544 1359 2599 virtute
1374 2544 1473 2611 honor,
1489 2543 1529 2599 ita
1544 2560 1578 2598 ex
1596 2543 1706 2599 honore
1721 2560 1764 2596 va·

131 2637 277 2688 recusaret
288 2632 406 2692 intrare.
422 2634 511 2699 Quam
523 2633 598 2689 illius
607 2635 808 2707 professionem
819 2634 867 2690 ubi
882 2634 929 2690 ab·
968 2631 1043 2686 nitas
1052 2632 1135 2703 coepit
1145 2631 1305 2704 subrepere.
1320 2633 1400 2696 Quod
1410 2632 1516 2687 malum
1526 2631 1576 2688 ubi
1586 2632 1636 2687 ille
1646 2632 1764 2705 primum

132 2720 183 2777 bas
200 2722 316 2794 acceph,
336 2739 393 2777 non
415 2727 561 2778 cunctatus
580 2722 709 2795 probare,
723 2722 804 2796 jubet
822 2741 887 2780 eum
900 2725 931 2779 in
972 2721 1065 2792 potuit
1078 2720 1107 2775 in
1122 2738 1152 2776 se
1166 2722 1270 2776 sentire
1279 2722 1412 2792 grassari,
1425 2723 1474 2777 diu
1487 2722 1668 2794 multumque
1678 2722 1765 2777 discu-

133 2810 342 2882 clibanum,qui
351 2812 503 2883 coquendis
513 2811 633 2884 panibus
643 2813 805 2884 parabatur,
813 2813 930 2868 intrare.
972 2815 1032 2865 tero
1046 2816 1162 2866 conatus
1183 2817 1235 2879 est,
1255 2811 1303 2867 sed
1319 2812 1455 2884 repellere
1469 2813 1582 2884 penitus
1595 2829 1654 2866 non
1670 2813 1765 2884 potuit.

132 2901 172 2958 At
185 2900 232 2955 ille
246 2916 303 2957 non
315 2901 426 2956 distulit
434 2917 533 2973 parere
544 2909 692 2974 praecepto,
705 2903 754 2957 sed
764 2903 860 2958 statim
875 2920 932 2959 me·
972 2898 1081 2972 Ubique
1093 2917 1197 2956 nomen
1205 2894 1271 2972 'ejus
1281 2901 1422 2957 daemones
1433 2900 1604 2957 fatebantur.
1616 2899 1768 2956 Excludere

133 2989 195 3045 dias
207 2989 410 3045 flammasnihil
420 2990 718 3060 cunctatusingressus
727 2997 778 3046 est.
792 2991 859 3056 Qua
868 3009 931 3047 mox
942 3005 1029 3090 Gase
1041 2990 1229 3045 confluentem
1242 2991 1377 3063 populum
1391 3007 1448 3046 non
1462 2990 1590 3046 valebat:
1606 2990 1685 3046 virus
1697 2991 1767 3045 inte·

133 3084 195 3134 tam
209 3079 372 3134 audacifrde
386 3079 473 3147 victae,
489 3078 566 3135 velut
579 3080 636 3134 illis
650 3081 792 3151 quondam
805 3081 931 3137 Hebraeis
970 3079 1026 3133 rim
1039 3079 1129 3134 latens
1142 3079 1272 3152 serpebat
1280 3080 1310 3135 in
1319 3085 1442 3152 pectore,
1452 3085 1481 3137 ct
1490 3081 1571 3153 cujus
1580 3086 1655 3136 nutu
1665 3098 1696 3135 ex
1707 3080 1769 3135 alto-

134 3168 238 3242 pueris,
255 3173 409 3237 cesserunt,
425 3173 455 3224 et
467 3168 614 3224 confestim
626 3169 700 3241 fugit
712 3169 884 3226 incendium.
897 3171 932 3226 Et
972 3184 1035 3223 rum
1049 3168 1213 3241 corporibus
1227 3169 1367 3225 demones
1384 3169 1564 3241 fugabantur,
1581 3171 1709 3243 seipsum
1729 3186 1768 3224 oc-

133 3259 194 3332 ipse
212 3258 261 3330 qui
283 3259 427 3330 ingressus
441 3264 493 3326 est,
509 3264 538 3314 et
551 3257 704 3330 putabatur
716 3276 841 3328 arsurus,
856 3259 933 3315 velut
972 3257 1055 3313 cultis
1069 3259 1287 3330 cogitationibus
1301 3258 1432 3314 vanitatis
1444 3275 1566 3333 purgare
1580 3277 1640 3317 non
1651 3265 1767 3333 poterat.

121 3346 234 3421 ,frIgido
249 3363 312 3403 rore
325 3347 468 3420 perfusum
482 3364 512 3403 se
523 3365 584 3404 esse
592 3348 711 3404 miratus
725 3355 779 3404 est.
796 3349 851 3405 Sed
866 3348 933 3421 quid
973 3347 1050 3403 Totis
1059 3347 1284 3421 igiturprecibus
1293 3365 1443 3405 conversus
1452 3350 1488 3404 ad
1497 3349 1662 3418 Dominum,
1673 3350 1769 3416 orant,

133 3437 377 3505 mirum,situum,
390 3438 510 3505 Christe,
522 3438 642 3493 tironem
656 3438 729 3510 ignis
742 3438 789 3494 ille
799 3456 855 3493 non
867 3439 933 3494 teti·
974 3441 1014 3506 ut,
1026 3437 1164 3509 permissa
1175 3437 1204 3492 in
1215 3454 1245 3493 se
1254 3438 1358 3494 diaboli
1374 3444 1523 3511 potestate,
1538 3439 1640 3494 slmilis
1655 3439 1711 3493 illis
1725 3441 1770 3494 fle

132 3526 185 3599 git,
207 3531 241 3581 ut
264 3542 316 3582 nec
339 3525 469 3582 abbatem
484 3528 594 3599 pigeret
615 3528 687 3584 dura
703 3528 861 3595 mandasse,
881 3545 933 3583 nec
973 3532 1018 3582 ret
1030 3527 1325 3600 quosipsccuraverat.
1336 3529 1407 3593 Quid
1415 3528 1585 3584 multisfille
1600 3536 1769 3601 praepotens,

134 3615 303 3687 discipulum
324 3615 473 3687 poeniteret
492 3615 679 3672 obedientiam
700 3617 834 3689 explesse.
861 3617 933 3672 Hinc
972 3616 1020 3671 ille
1030 3616 1118 3688 signis
1129 3622 1214 3689 atque
1223 3617 1373 3674 virtutibus
1383 3623 1442 3673 toto
1453 3618 1717 3690 Orientevulgatus,
1725 3619 1770 3672 ille

104 3734 115 3753 ·
136 3722 204 3777 ergo
212 3704 427 3775 intelligendum
442 3709 485 3760 est
493 3705 798 3777 quantumobedientia
807 3705 933 3762 obtinere
973 3705 1009 3760 ad
1024 3707 1105 3777 cujus
1118 3706 1216 3762 limina
1228 3708 1324 3780 populi
1336 3714 1401 3763 ante
1413 3709 1616 3776 confluxerant,
1627 3713 1771 3780 correptus

135 3794 212 3865 apud
226 3794 316 3849 Deum
327 3794 570 3861 mereamur,dum
580 3794 626 3849 ille
637 3795 685 3866 qui
701 3811 734 3850 eo
744 3812 799 3867 quo
812 3796 933 3852 advene·
975 3796 1132 3851 adaemone
1149 3801 1206 3864 est;
1229 3814 1261 3852 nc
1280 3802 1406 3853 retentus
1420 3797 1450 3852 in
1466 3796 1595 3864 vinculis,
1612 3797 1711 3852 omnIa
1724 3798 1771 3852 illa

135 3886 182 3939 rat
192 3882 238 3936 die
251 3882 583 3956 tentaturinfirmus,per
596 3884 753 3955 agilitatem
769 3885 933 3941 obedientia
975 3901 1036 3957 quae
1050 3890 1241 3956 energumeno
1255 3886 1416 3942 solentfreri
1426 3902 1585 3960 perpessus,
1607 3887 1707 3958 quinto
1723 3888 1770 3942 dc·

133 3971 466 4045 perfectusinventusest.
477 3973 577 4029 Merito
588 3973 661 4042 felix,
668 3974 768 4031 merito
781 3974 931 4047 gloriosus,
973 3991 1052 4030 mum
1066 3992 1163 4031 menso
1177 3981 1313 4048 purgatus
1328 3982 1372 4033 est
1383 3993 1440 4032 non
1451 3981 1563 4032 tantum
1574 3974 1713 4044 daemone,
1724 3976 1772 4032 sed

135 4060 271 4137 probatus
284 4061 454 4127 obedientia,
466 4064 640 4136 glorificatus
653 4070 694 4122 est
708 4065 849 4141 passione.
974 4064 1048 4137 quod
1063 4065 1104 4121 illi
1117 4071 1179 4122 erat
1191 4066 1289 4122 utilius
1298 4071 1383 4138 atque
1394 4066 1527 4139 optatius,
1538 4065 1628 4122 etiam
1637 4066 1770 4123 vanitate.

439 4171 555 4229 CAPUT
567 4174 629 4230 XII.
1271 4173 1388 4230 CAPUT
1397 4173 1470 4229 xlv.

339 4280 427 4338 ,quud
437 4282 610 4338 miraculum
619 4283 785 4343 ,mimia
987 4262 1112 4317 drensita
1125 4264 1300 4319 1111111111
1314 4264 1422 4318 rediens
1433 4264 1565 4334 quomodo
1575 4267 1698 4334 punr'tus
1710 4271 1758 4320 cst.

169 4369 291 4437 Quidam
297 4369 523 4428 itidemfratcrin
530 4372 627 4428 eodem
634 4375 963 4453 monastenoadeum·n
1008 4369 1569 4442 11101θὸοθ1811111811111θά11θὸ0115118
1584 4372 1656 4439 (3111·
1677 4372 1769 4442 Scep,

132 4460 198 4517 dem
211 4460 342 4516 abbatem
356 4460 533 4533 recipiendus
550 4467 645 4529 542
663 4462 816 4533 advenerat
828 4466 928 4533 (Sacer,
970 4460 1072 4528 dialog.
1089 4459 1115 4525 t,
1132 4476 1189 4529 cop.
1206 4459 1367 4530 15)‚genere
1383 4460 1483 4528 clarus,
1494 4459 1728 4516 habensusorcm
1743 4467 1772 4516 et

131 4552 223 4622 Sulp,
240 4548 473 4622 dialop.l,c.13).
489 4551 560 4607 Cum
575 4552 930 4622 primesilexobedientia
971 4547 1060 4602 filium
1074 4550 1232 4619 parvulum,
1247 4566 1311 4604 cum
1324 4550 1352 4605 In
1368 4551 1489 4623 AEgyplO
1503 4550 1636 4607 tribunus
1650 4558 1728 4607 esset
1743 4558 1772 4607 el

131 4640 347 4709 proponeretur,
359 4635 929 4708 acperpetempollicereturadomniavel
969 4637 1161 4711 frequentibus
1178 4639 1327 4694 adversum
1348 4640 1478 4695 Blembos
1502 4639 1604 4714 [Forte
1626 4640 1770 4714 Blemyes]

132 4729 260 4781 eruenta
271 4724 446 4797 patientiam,
459 4742 525 4782 casu
538 4724 624 4781 abbas
639 4727 808 4783 storacinam
822 4730 929 4802 virgam
970 4727 1772 4800 expeditionibusquaedameremicontigisset,sanctorum

132 4812 240 4869 aridam
257 4829 344 4870 manu
362 4812 496 4885 gerebat:
513 4814 587 4869 hanc
600 4814 662 4870 fixit
673 4815 703 4870 in
715 4820 832 4887 terram,
844 4825 929 4892 atque
970 4817 1054 4872 etiam
1064 4816 1245 4873 tabernacula
1252 4820 1396 4891 complura
1406 4819 1529 4889 vidisset,
1543 4836 1561 4873 a
1570 4818 1772 4875 beatoloanne

131 4900 173 4956 illi
187 4901 299 4960 advena
316 4903 345 4958 id
363 4903 455 4975 operta
469 4903 601 4976 injunxit,
624 4911 655 4960 ut
674 4910 733 4962 tam
748 4907 795 4963 dtu
813 4908 928 4981 virgula
969 4908 1087 4962 eremita
1100 4907 1215 4962 verbum
1231 4908 1328 4963 salutis
1343 4908 1458 4979 accepit.
1474 4908 1533 4963 Nec
1545 4909 1770 4965 moratusinuti·

131 5005 236 5061 aquam
245 4990 384 5064 irriguam
392 4993 671 5063 ministraret,donec
681 4995 927 5068 (quodcontrana-
969 4997 1024 5052 lem
1038 4997 1169 5052 militiam
1184 5014 1249 5052 curn
1261 5014 1332 5052 vano
1342 4997 1771 5067 honoreillocontemnera,ere

130 5083 225 5134 tunam
242 5080 312 5148 erati
326 5081 406 5152 vlrga
419 5083 498 5139 arida
513 5084 542 5138 in
557 5084 616 5139 solo
631 5083 728 5140 arehte
742 5085 891 5143 viresceret
905 5088 926 5144 ¹.
968 5103 1045 5142 mum
1059 5092 1220 5142 constanter
1230 5087 1382 5160 ingressus,
1397 5086 1473 5142 brevi
1494 5094 1623 5159 tempore
1642 5089 1673 5144 in
1692 5090 1770 5144 omni

131 5166 280 5239 Subjectus
292 5169 340 5225 ille
353 5169 441 5226 frater
450 5172 526 5227 durae
536 5173 606 5245 legis
616 5173 743 5246 irnperio,
757 5193 858 5248 aquam
866 5194 927 5250 pro
967 5176 1480 5249 generavirtutumperfectusemicuit
1489 5177 1509 5232 ².
1526 5176 1632 5232 Potens
1639 5179 1769 5250 jejuniis,

128 5257 199 5332 priis
212 5257 338 5314 humeris
356 5261 480 5331 quotidie
492 5263 672 5332 convehebat,
687 5281 749 5337 quse
763 5283 780 5321 a
794 5267 857 5322 Nilo
872 5269 926 5323 flu·
967 5267 1128 5322 humilitate
1141 5268 1317 5339 conspicuus,
1328 5267 1383 5321 fido
1394 5269 1502 5332 firmus,
1512 5266 1593 5321 facile
1603 5284 1635 5322 se
1642 5269 1770 5340 antiquis

128 5347 205 5404 mine
219 5363 270 5420 per
283 5347 339 5404 duo
349 5348 406 5404 fere
418 5351 507 5406 millia
518 5352 674 5424 petebatur.
684 5356 803 5428 lamque
812 5375 925 5414 emenso
967 5356 1210 5411 monachisstudio
1216 5357 1327 5411 virtutis
1334 5357 1575 5428 aequaverat.0u1n
1581 5357 1701 5412 interim
1708 5358 1771 5413 sub

130 5438 198 5495 anni
207 5438 308 5512 spatio,
320 5439 399 5494 labor
411 5457 468 5497 non
480 5442 606 5499 cessabat
621 5446 774 5517 operantis,
785 5447 820 5502 de
833 5448 926 5504 fructu
967 5445 1001 5501 iit
1016 5463 1081 5501 eum
1094 5446 1227 5517 cogitatio
1238 5446 1341 5517 injecta
1350 5463 1401 5518 per
1413 5445 1565 5515 diabolum,
1577 5448 1655 5519 quod
1664 5449 1771 5504 ranas

164 5556 173 5593 ¹
190 5554 287 5616 Simile
302 5556 377 5631 apud
391 5557 497 5633 Pelag,
510 5557 594 5618 libell.
609 5575 647 5631 1v,
663 5577 741 5620 num.
758 5561 787 5623 3.
1002 5562 1066 5623 ’Dc
1081 5563 1266 5639 eoRutfrnus,
1282 5563 1329 5620 lib.
1346 5577 1378 5634 n,
1394 5579 1419 5619 c.
1437 5563 1461 5618 l.
