3818 6120
142 257 198 315 593
348 257 433 314 VITA
452 258 672 316 sanctonum
690 258 864 316 Romanu
882 258 1051 316 EREMITAE
1071 259 1115 313 ET
1133 256 1317 314 JOSAPHAT
1336 257 1453 329 lNDlAE
1471 258 1588 315 REGIS.
1731 256 1784 317 abt

140 380 178 436 ob
184 381 312 437 animum
322 398 489 454 pmponens,
497 387 582 455 atque
592 383 680 456 ipsius
686 384 825 440 desiderio
835 385 944 440 inflam-
953 388 979 448 Α
987 383 1122 439 nimirum
1129 381 1175 436 hic
1183 398 1295 454 quoque
1307 381 1490 456 animiipsius
1502 382 1665 439 firmitatem
1674 388 1783 439 austra-

140 478 245 539 matus,
255 487 359 543 speque
370 460 782 543 egregieeonfrrmatus,acfide
796 474 939 540 subnixus,
984 474 1123 529 nuitatem
1138 472 1311 544 explorante.
1337 472 1377 526 Ac
1396 472 1445 539 sic,
1461 471 1574 528 subdio
1589 472 1704 544 degens
1722 478 1782 528 tum

137 559 217 617 illius
231 559 380 617 instinctus
396 566 424 617 et
437 562 553 617 consilia
567 579 617 635 pro
637 562 724 619 nihilo
737 563 877 634 ducebat),
892 581 942 636 pu·
983 567 1052 619 aestu
1062 561 1262 633 conflagrabat,
1284 566 1346 616 tum
1360 561 1463 634 frigore
1479 561 1633 635 obrigebat,
1650 567 1784 635 praestan·

138 649 209 705 dore
224 651 347 706 suffusus
368 657 420 718 est,
434 656 531 723 utpote
543 652 579 707 ad
593 652 726 725 primum,
742 658 774 707 ut
791 653 846 708 dici
859 653 939 718 solet,
984 651 1124 707 tissimum
1134 651 1215 706 illum
1224 651 1404 706 senemvelut
1413 652 1564 724 quemdam
1573 652 1785 724 ingentispretii

141 739 279 812 impetum
294 745 461 812 prostratus.
472 741 773 813 Quapropteralteram
784 742 858 797 viam
873 742 944 797 inire
985 741 1151 797 thesaurum
1160 756 1285 817 quaerere
1301 756 1448 812 nunquam
1463 740 1662 797 intermittens.
1680 741 1784 797 Multas

139 829 227 902 coepit
238 829 350 895 (multas
360 830 463 901 quippe
478 829 532 902 ipsi
544 830 604 885 vitii
614 831 730 886 semitas
742 830 845 901 habet),
859 849 946 887 acra·
986 845 1069 901 porro
1080 829 1277 901 pestiferorum
1291 828 1442 901 spirituum
1455 830 1637 897 tentationes,
1651 847 1683 885 ac
1693 829 1784 885 multa

139 919 191 973 riis
204 920 321 991 spectris
335 936 400 975 eum
415 925 540 975 evertere
550 924 635 993 atquc
650 920 680 975 in
690 926 796 976 metum
808 921 946 993 conjicere
988 918 1085 991 praelia
1096 917 1261 985 sustinebat,
1278 919 1437 990 multosque
1450 918 1518 973 item
1533 918 1653 986 labores,
1670 918 1705 974 ob
1721 920 1784 975 her-

139 1006 293 1062 nitebatur.
305 1008 515 1081 Nonnunquam
525 1009 600 1064 enim
608 1013 670 1064 ater
679 1008 741 1081 1psi‚
756 1014 788 1065 ut
797 1015 848 1076 est,
863 1027 947 1083 appa·
988 1007 1098 1075 barum,
1111 1007 1262 1081 quibusda
1277 1023 1356 1062 more
1365 1006 1519 1073 victitabat,
1536 1009 1683 1079 penuriam
1696 1007 1784 1080 perfe-

138 1095 237 1164 rebat3
255 1113 457 1169 nonnunquam
471 1114 568 1153 rursus
578 1098 746 1167 districtum,
759 1099 885 1170 gladium
901 1106 944 1155 tc·
986 1096 1082 1164 rebat;
1100 1097 1232 1169 quoniam
1246 1096 1352 1151 scilicet
1366 1096 1417 1150 has
1432 1112 1543 1168 quoque
1557 1096 1677 1152 solitudo
1694 1113 1736 1163 ea,
1753 1103 1786 1152 ut

138 1185 833 1260 neusineumimpetumfaciebat,sequeeum,nisi
844 1205 940 1261 quam·
982 1203 1043 1258 quae
1058 1186 1183 1241 siccitate
1204 1184 1356 1252 laboraret,
1379 1201 1462 1257 parce
1480 1185 1632 1240 admodum
1647 1186 1782 1257 produce-

135 1276 261 1347 primum
274 1275 309 1330 ab
320 1276 448 1331 instituto
462 1277 591 1343 resiliret,
599 1293 799 1350 percussurum
814 1278 939 1333 minaba-
981 1280 1033 1330 ret.
1045 1276 1150 1330 Verum
1164 1274 1363 1330 adamantinus
1376 1279 1460 1346 atque
1469 1273 1588 1329 invictus
1603 1274 1691 1346 ipsius
1704 1274 1784 1346 spiri-

135 1365 375 1438 tur.Quandoque
389 1383 488 1421 rursus
497 1367 640 1421 variarum
653 1366 807 1423 bestiarum
818 1367 938 1422 formam
980 1369 1035 1430 tus,
1048 1381 1144 1419 amore
1154 1381 1186 1419 ac
1196 1362 1335 1419 desiderio
1343 1363 1455 1426 ardens,
1468 1361 1630 1434 hujusmodi
1641 1363 1784 1418 molestias

136 1455 259 1521 subibat,
276 1454 408 1510 adversus
423 1454 515 1526 ipsum
532 1455 646 1526 rugiens
665 1472 697 1509 ac
719 1471 856 1527 perquam
870 1457 937 1511 hor·
979 1453 1087 1508 facilius
1108 1452 1216 1508 ferebat
1231 1469 1316 1524 quam
1338 1452 1385 1507 alii
1401 1453 1557 1524 voluptates
1572 1452 1645 1506 ferre
1661 1452 1783 1508 soleant.

133 1545 255 1600 rendum
262 1544 403 1616 mugitum
409 1550 438 1598 et
446 1543 704 1616 strepitumcdens:
716 1550 801 1617 atque
814 1545 936 1601 etiamin
978 1543 1115 1608 Quocirca
1130 1542 1225 1597 divina
1239 1558 1291 1613 ope
1305 1541 1421 1596 minime
1436 1541 1527 1596 caruit
1539 1560 1545 1609 ;
1572 1557 1670 1597 rerum
1686 1559 1784 1599 secun-

132 1634 265 1690 draconis
278 1640 307 1689 et
321 1633 426 1706 aspidis
441 1639 469 1688 ct
487 1632 578 1705 reguli
602 1633 724 1688 formam
738 1651 799 1689 sese
818 1634 936 1690 subinde
977 1632 1045 1687 dum
1060 1631 1189 1687 dolorum
1197 1631 1286 1703 ipsius
1298 1647 1331 1685 ac
1338 1629 1466 1685 laborum
1477 1630 1688 1686 multitudinem
1700 1632 1782 1702 (Paul.

133 1723 358 1779 immutabatht
369 1723 519 1796 praeclams
529 1722 576 1778 ille
586 1741 619 1778 ae
632 1723 847 1780 strenuissimus
860 1708 1073 1796 pugilssxxxrr)
1089 1721 1212 1776 allatroa
1235 1721 1359 1788 Christo,
1371 1721 1451 1791 cujus
1463 1719 1616 1791 cupiditate
1634 1719 1782 1792 flagrabat,
1887 1731 1889 1736 '

131 1814 286 1886 tranquillo
296 1813 391 1868 animo
401 1812 579 1880 consistebat,
587 1818 620 1869 ut
633 1813 681 1885 qui
688 1813 867 1868 altissimum
876 1830 938 1888 per·
980 1810 1197 1878 consolationes,
1216 1815 1276 1864 tam
1291 1816 1377 1864 noctu
1394 1808 1540 1881 quamdiu
1554 1809 1679 1864 animum
1695 1809 1784 1882 ipsius

131 1903 244 1975 fugium
258 1919 341 1958 suum
361 1902 500 1974 posuisset
516 1904 597 1974 (Psol.
617 1904 669 1972 xc).
689 1903 729 1957 lle
743 1908 838 1958 menta
853 1920 938 1959 excu·
979 1899 1183 1955 exhilarabant.
1199 1898 1331 1955 Confecto
1342 1903 1438 1954 autem
1453 1898 1559 1953 biennii
1574 1898 1722 1966 curriculo,
1735 1899 1783 1955 Jo-

131 1992 214 2060 bans,
222 1992 441 2066 pestiferumque
450 1992 581 2065 spiritum
589 1991 720 2059 irridens,
732 1991 859 2048 dicebat:
873 1994 936 2049 Non
978 1989 1080 2062 saphat
1095 1988 1209 2061 quidem
1228 1993 1363 2061 perpetuo
1373 1986 1549 2055 circumibat,
1562 2004 1628 2042 euru
1643 2005 1728 2061 quem
1740 2006 1784 2043 ex-

131 2099 179 2138 mc
190 2081 271 2154 fugit,
280 2100 296 2138 o
305 2082 451 2154 impostor,
465 2081 580 2155 quinam
590 2082 638 2148 sis,
655 2082 704 2154 qui
718 2082 777 2137 haec
791 2083 820 2137 in
833 2100 878 2137 me
893 2099 937 2138 ex·
978 2077 1096 2150 petebat
1105 2094 1244 2150 quaerens,
1253 2083 1339 2150 atque
1354 2077 1389 2132 ad
1404 2078 1493 2132 Deum
1508 2076 1648 2149 lacrymas
1659 2078 1784 2133 fluminis

130 2173 216 2228 cites:
228 2172 363 2227 nimirum
373 2171 421 2244 qui
431 2174 491 2244 jam
501 2172 567 2227 inde
579 2170 614 2226 ab
624 2171 705 2226 initio
713 2172 876 2227 mortalium
889 2189 936 2244 ge·
977 2168 1070 2223 instar
1084 2167 1267 2240 profundens,
1295 2165 1484 2221 meditabatur
1497 2167 1639 2221 clamans:
1660 2166 1783 2222 Ostende

132 2261 361 2334 neripernieiem
384 2261 520 2328 moliaris,
536 2277 587 2315 nee
606 2277 732 2333 unquam
761 2261 935 2334 improbitati
977 2256 1056 2325 mihi,
1073 2257 1201 2325 Domine,
1220 2259 1315 2324 888
1330 2255 1410 2323 mihi,
1435 2255 1562 2327 inquam,
1580 2272 1645 2310 eum
1655 2256 1780 2325 ostende,

130 2352 247 2407 studere
261 2367 294 2407 ac
314 2355 515 2406 nocumentum
534 2349 636 2405 inferre
664 2349 786 2406 desinas.
810 2351 849 2406 Ae
867 2368 934 2406 sane
977 2346 1025 2418 qui
1047 2346 1117 2401 mihi
1137 2346 1179 2401 tui
1195 2345 1317 2401 nominis
1342 2344 1531 2416 cognitionem
1558 2360 1590 2400 ac
1613 2349 1694 2401 tanta
1708 2344 1782 2400 bona

131 2457 219 2513 quam
232 2440 346 2512 pulchre
355 2440 406 2496 tibi
416 2439 580 2495 hichabitus
591 2439 808 2512 quadratham
815 2440 866 2495 hoc
874 2440 935 2514 ipso
976 2434 1142 2501 conciliavit,
1158 2451 1210 2490 nec
1225 2439 1342 2507 propter
1356 2439 1535 2507 peccatorum
1545 2450 1673 2490 meorum
1688 2434 1782 2490 multi-

131 2530 208 2602 quod
216 2529 320 2585 bestias
327 2535 356 2586 et
363 2530 474 2602 reptilia
482 2529 612 2598 imitaris,
620 2526 724 2585 menda
730 2533 787 2585 tua
794 2529 935 2586 feritatem
976 2525 1105 2580 tudinem
1118 2529 1198 2579 tauto
1212 2523 1285 2579 bono
1299 2541 1344 2579 me
1354 2524 1450 2596 priva3
1463 2541 1561 2579 verum
1580 2524 1634 2579 hoc
1648 2524 1779 2592 concede,

132 2624 163 2675 et
173 2619 615 2692 perversitatem,roluntatisque
625 2619 660 2675 ad
675 2636 777 2674 noxam
788 2636 820 2675 ae
827 2625 935 2692 pestem
977 2620 1010 2671 ut
1026 2620 1054 2670 et
1073 2613 1160 2687 ipsius
1175 2618 1325 2685 conspectu
1346 2613 1435 2682 fruar,
1451 2619 1479 2668 et
1495 2613 1571 2669 idam
1587 2630 1651 2670 cum
1666 2630 1699 2668 eo
1712 2613 1779 2669 reli-

132 2707 309 2765 iuferendam
324 2708 576 2781 promptitudinem
590 2709 776 2769 demonstras.
793 2709 867 2774 Quid
879 2708 935 2779 igi·
976 2703 1061 2776 mosae
1077 2702 1284 2759 exercitationis
1297 2707 1441 2758 certamen
1453 2702 1578 2759 subeam.

132 2802 190 2863 tur,
204 2816 222 2853 o
232 2799 326 2864 miser,
337 2815 371 2853 ea
378 2797 541 2871 aggrederis
553 2815 615 2870 quae
625 2799 761 2853 conficere
770 2815 827 2853 non
837 2798 936 2871 potcsl

133 2887 173 2944 Ex
183 2904 239 2963 quo
247 2887 323 2944 enim
331 2887 382 2944 has
391 2892 466 2943 artes
477 2893 561 2960 atque
568 2889 767 2960 haecspectraa
776 2894 826 2943 tua
833 2889 936 2960 impro-

133 2975 366 3078 bimikpmflmfi
377 2977 509 3078 ⁰⁰mpfffi‘
521 2978 666 3079 missajam
674 2977 740 3032 hinc
750 2976 936 3080 ⁵⁰ffi⁰itf¹fffine
977 3017 1091 3086 samita;
1108 3023 1193 3090 atque
1203 3017 1372 3073 monachum
1384 3018 1534 3090 quemdam
1544 3018 1703 3074 solitarium
1716 3019 1778 3074 vita

131 3066 249 3134 allicror,
266 3067 402 3122 Dominus
424 3066 494 3121 mrhr
515 3067 628 3138 adjutor
643 3086 649 3122 :
667 3072 695 3122 et
709 3084 760 3139 ego
780 3066 934 3140 despiciam

132 3157 261 3213 inimiws
283 3173 361 3212 meos
379 3159 451 3226 (Ρωὶ
487 3161 568 3226 cml)
602 3158 636 3211 Et
659 3174 691 3212 su
713 3173 743 3212 er
763 3173 794 3211 as
815 3156 889 3211 idem
906 3115 1067 3213 etCgenus
1080 3107 1220 3163 colentem
1234 3107 1416 3175 nanciscitur,
1433 3124 1554 3179 eumque
1568 3108 1691 3163 maximo
1713 3124 1778 3163 cum

455 3198 460 3210 '
574 3197 580 3212 '
693 3175 711 3229 p
795 3174 813 3229 p
879 3245 922 3256 ..
976 3196 1064 3253 animi
1078 3197 1358 3267 fervorecomplexus
1371 3203 1400 3251 et
1413 3197 1565 3264 osculatus,
1578 3196 1693 3253 ubinam
1707 3197 1777 3253 Bar-

134 3245 303 3311 boeffiaeum'
319 3263 439 3318 qumum
467 3246 496 3301 in
524 3244 740 3301 Similimdinem
764 3250 933 3317 expmfflsn'
978 3287 1053 3341 laam
1073 3285 1223 3353 habitaret,
1239 3285 1443 3353 sciscitabatur,
1460 3286 1600 3358 simulque
1613 3285 1668 3359 ipsi
1682 3302 1777 3343 rerum

132 3335 292 3403 ambulabo,
309 3343 394 3409 atquo
404 3336 508 3393 curisti
523 3336 649 3408 potentia
663 3333 937 3401 corroboratus,leo-
977 3391 1093 3431 suarum
1109 3374 1360 3448 stammexposuit·
1374 3376 1445 3430 cum
1455 3375 1586 3447 igiturex
1597 3376 1658 3448 ipso
1668 3375 1716 3432 ubi
1726 3377 1777 3433 viri

133 3441 198 3481 nom
223 3431 252 3481 et
277 3425 426 3482 draconem
449 3425 616 3481 conculcabo
638 3428 721 3498 [Psoi.
738 3427 793 3495 xc).
811 3424 936 3480 Confun-

133 3514 238 3572 dautur
252 3515 556 3572 eterubescantomnes
570 3515 676 3570 inimici
687 3514 752 3582 mei,
765 3513 938 3570 confundan-

135 3609 180 3661 tur
193 3611 224 3661 et
233 3604 401 3661 erubescant
414 3606 494 3661 valde
508 3606 639 3661 velociter
654 3607 737 3674 (Psal.
753 3606 797 3675 vr).

1012 2838 1062 2893 Dei
1083 2843 1179 2893 autem
1198 2838 1292 2894 favore
1306 2839 1469 2911 speluncam
1482 2839 1635 2911 quamdam
1656 2839 1773 2908 invenit,

976 2928 1165 3000 pervestigata
1182 2927 1312 2982 videlicet
1328 2944 1430 2983 eorum
1444 2945 1493 3000 qur
1506 2944 1540 2984 eo
1553 2945 1584 2984 sa
1599 2929 1779 2986 conferebant

978 3465 1054 3521 illius
1069 3482 1152 3538 quem
1176 3465 1319 3537 quaerebat
1334 3465 1435 3520 domus
1448 3470 1522 3521 esset
1535 3466 1726 3529 intellexisset,
1743 3482 1776 3522 eo

978 3571 1063 3626 quam
1072 3554 1226 3620 celerrime,
1238 3570 1296 3610 non
1305 3570 1385 3609 secus
1394 3571 1426 3610 ac
1435 3554 1622 3627 peritissimus
1635 3554 1776 3628 quispiam

896 3694 901 3707 ,
979 3650 1096 3701 venator
1105 3644 1194 3699 leram
1204 3649 1313 3711 nactus,
1328 3660 1360 3699 se
1373 3644 1500 3711 contulit,
1515 3644 1728 3719 peragratisque
1738 3645 1777 3700 al·

166 3695 228 3751 Hac
243 3697 371 3751 oratione
386 3701 477 3763 utens,
494 3694 640 3767 crucisque
654 3694 744 3765 signo,
760 3695 813 3750 hoc
828 3699 870 3749 est
894 3711 936 3749 m·
976 3735 1065 3791 terius
1086 3735 1234 3806 eujusdam
1255 3734 1331 3790 senis
1349 3734 1496 3790 admonitu
1509 3734 1617 3806 aliquot
1641 3750 1775 3807 passuum

134 3784 212 3841 victis
222 3786 311 3840 armis
324 3786 448 3857 seipsum
460 3785 583 3857 cingens,
601 3785 696 3839 omnia
709 3783 814 3839 diaboli
824 3788 936 3856 spectra
975 3824 1110 3891 millibus,
1129 3825 1210 3880 laetus
1237 3841 1270 3880 ac
1295 3824 1356 3897 spei
1385 3823 1484 3879 mbore
1506 3830 1603 3896 septus
1617 3823 1774 3891 incedebat,

135 3873 217 3931 irrita
230 3874 361 3931 reddidit.
372 3873 526 3930 Confestim
535 3873 713 3929 enimbcstim
729 3873 933 3974 acreptiliain-
975 3914 1193 3986 mquenimirum
1203 3931 1235 3970 ac
1250 3914 1501 3987 puer’quipatrem
1513 3914 1775 3987 quemjampridem

134 3972 193 4022 star
207 3964 279 4021 hami
289 3969 473 4029 evanuerunt,
486 3963 592 4018 etsicut
609 3963 742 4018 fluitcera
756 3962 931 4034 afacieigms
975 4020 1032 4059 non
1046 4004 1116 4059 vidit
1128 4004 1205 4060 brevi
1219 4022 1248 4060 se
1263 4009 1478 4077 conspecturum
1493 4009 1599 4076 sperat·
1616 4005 1691 4060 Nam
1710 4020 1775 4060 cum

136 4055 218 4126 (Μ’
230 4056 327 4124 mul
346 4055 409 4126 Ipse
420 4059 515 4108 amem
530 4053 634 4108 eham
648 4052 774 4125 mutia
784 4055 934 4107 ⁰⁰⁰firma'
975 4093 1085 4148 divinus
1096 4111 1177 4150 amor
1188 4094 1315 4150 animum
1329 4094 1417 4149 semel
1423 4093 1573 4160 obsederit,
1588 4094 1775 4150 multoacrror

133 4144 256 4212 m'laem
263 4143 357 4199 anim
368 4143 607 4215 Ρωῇεἰεοθὺῆωῆ
619 4143 733 4215 De⁰qu⁰
743 4143 849 4214 gratias
865 4159 932 4213 εἶθ’
974 4199 1007 4238 ac
1021 4182 1172 4240 ferventior
1188 4200 1221 4239 eo
1235 4200 1296 4240 csse
1306 4183 1378 4238 solet
1391 4183 1440 4254 qui
1454 4199 1472 4237 a
1485 4187 1588 4237 natura
1602 4189 1708 4238 manat.

132 4232 190 4290 bat.
206 4234 246 4288 at
267 4233 353 4288 etiam
367 4233 525 4304 complures
541 4249 573 4286 ac
587 4231 670 4287 variae
684 4232 788 4299 bestiae,
805 4231 932 4303 variique

131 4322 583 4395 generisaerpentesetdraconcs,
600 4338 670 4393 quos
684 4320 804 4376 solitudo
820 4320 868 4376 illa
883 4336 933 4375 nu·
1010 4320 1092 4375 hstat
1101 4320 1196 4393 itaque
1207 4319 1347 4392 speluncae
1353 4318 1468 4387 foribus,
1480 4318 1570 4390 iisque
1580 4317 1708 4391 pulsatis,
1718 4318 1771 4373 Be-

131 4412 244 4479 triebat,
262 4412 316 4484 ipsi
335 4417 523 4478 occurrentes,
544 4427 600 4466 non
619 4412 680 4483 jam
693 4428 744 4483 per
770 4411 853 4466 inane
868 4427 933 4482 spc-
975 4407 1771 4482 nedie,inquiebat,opotenbauedie,inquamlltautem

131 4502 288 4569 etrum,scd
303 4518 332 4557 re
353 4517 418 4556 vera
434 4500 469 4556 ab
484 4501 545 4573 ipso
554 4499 750 4556 cernebantur.
768 4502 807 4554 Ex
821 4516 876 4571 quo
892 4500 933 4554 cf·
944 4484 969 4543 D
979 4499 1109 4554 Barlaam
1118 4501 1171 4555 hac
1180 4516 1246 4555 voce
1257 4499 1353 4555 audita
1367 4514 1400 4555 ex
1412 4504 1494 4554 antro
1501 4514 1629 4571 egressus
1639 4500 1691 4565 est,
1706 4513 1771 4552 curn

131 4591 281 4648 liciebatur
293 4596 326 4646 ut
336 4596 428 4646 metus
443 4590 556 4663 quidem
570 4607 603 4644 ac
616 4589 720 4645 laboris
734 4589 779 4645 ria
793 4590 877 4662 plena
892 4607 933 4644 es·
974 4604 1025 4660 per
1035 4589 1164 4660 spiritum
1174 4589 1297 4661 agnovit,
1310 4589 1358 4662 qui
1369 4588 1404 4645 ob
1414 4587 1608 4644 admirandam
1616 4587 1695 4642 illam
1711 4603 1771 4642 mu·

131 4677 255 4750 set,ipse
269 4683 364 4732 aulem
379 4682 531 4749 utrumque
546 4676 641 4731 animo
655 4681 683 4730 ct
697 4675 868 4748 cogitatione
883 4692 933 4730 su·
974 4677 1119 4747 tationem,
1131 4695 1209 4751 quaa
1218 4680 1311 4752 priore
1321 4680 1369 4735 illo
1378 4679 1457 4734 vultu
1468 4694 1500 4734 ac
1510 4679 1629 4733 florenta
1637 4676 1770 4749 Jurcnilis

129 4772 255 4840 peraret.
270 4767 343 4821 Nam
357 4771 501 4822 etmctum
515 4765 646 4832 charitas,
664 4771 695 4820 ut
711 4765 860 4838 Scriptura
871 4781 932 4820 ver·
973 4768 1064 4824 atatis
1073 4769 1468 4842 pulchritudinedemigrarat,
1476 4767 1512 4823 ab
1522 4770 1647 4823 extremo
1656 4771 1771 4839 aspectu

130 4854 174 4912 bie
187 4861 264 4922 utar,
278 4856 353 4911 foras
366 4854 497 4912 mittebat
511 4856 619 4927 (lloan.
633 4857 679 4926 rr),
696 4860 725 4910 et
739 4854 866 4910 laborem
879 4870 932 4913 eu-
951 4892 956 4897 -
973 4857 1017 4912 rix
1027 4859 1140 4928 agnosci
1150 4864 1308 4931 poterat,ut
1318 4859 1366 4931 qui
1374 4863 1435 4913 tum
1447 4874 1482 4913 ex
1492 4857 1559 4913 solis
1569 4862 1639 4913 aestu
1647 4861 1771 4913 atrorem

128 4946 235 5021 piditas
248 4945 367 5002 levabat.
379 4946 422 5001 Ad
438 4946 512 5001 hunc
519 4946 615 5018 itaque
625 4946 742 5000 modum
753 4962 818 5001 cum
835 4946 931 5002 multis
974 4948 1169 5014 contraxisset,
1178 4952 1206 5003 et
1220 4947 1285 5020 pilis
1295 4946 1462 5015 abundaret,
1470 4963 1593 5019 acgenas
1603 4946 1693 5002 macie
1702 4963 1771 5003 con·

130 5040 161 5092 et
177 5036 266 5091 variis
279 5034 487 5091 calamitatibus
508 5040 537 5090 et
559 5035 692 5090 arumnis
715 5053 766 5108 per
781 5036 841 5092 dies
856 5037 932 5092 haud
974 5036 1289 5110 lectas,oculosquaalte
1300 5037 1456 5108 depressos,
1476 5042 1504 5092 et
1515 5035 1663 5110 palpebras
1678 5036 1770 5111 lacry-

128 5140 236 5199 paucoa
247 5126 423 5191 colluctatus,
446 5125 481 5180 ad
497 5125 723 5181 sennaaritidem
739 5125 816 5181 illam
832 5127 931 5182 solitu·
972 5127 1202 5183 marumssuentis
1216 5125 1467 5198 undiqueattritas,
1478 5126 1770 5199 atqueingentifamis

129 5216 228 5273 ffinem
251 5216 281 5272 in
310 5232 367 5288 qua
397 5216 527 5270 Barlaam
555 5213 701 5270 habitabat
718 5216 854 5288 pervenit.
878 5217 931 5274 Ubi
973 5216 1123 5272 afflictione
1137 5221 1266 5290 perustas
1285 5215 1410 5272 liaberet.
1422 5217 1460 5272 At
1468 5233 1533 5271 vero
1543 5217 1679 5289 iosaphat
1688 5217 1769 5289 spiri·

128 5305 218 5362 etiam
232 5321 337 5377 aquam
351 5310 461 5369 nactus,
475 5306 620 5360 flammam
634 5304 771 5361 restinxit.
973 5309 1079 5363 tualcm
1089 5312 1198 5380 patrem
1209 5306 1305 5362 statim
1314 5307 1436 5380 agnovit,
1449 5311 1546 5380 utpote
1556 5306 1655 5363 iisdem
1671 5306 1728 5362 oris
1737 5305 1770 5360 li-

168 5393 395 5452 caaxxxvlll.
410 5395 583 5467 -Josaphat
596 5399 692 5450 autern
704 5394 850 5453 biennium
860 5396 931 5453 inte·
972 5397 1128 5453 neamentis
1137 5397 1296 5469 preditum.
1306 5397 1458 5454 Confestim
1468 5397 1564 5471 itaque
1574 5413 1657 5453 senex
1673 5411 1768 5450 versus

127 5499 216 5557 grum
231 5483 262 5539 iu
275 5484 328 5539 hac
344 5483 504 5540 vastissima
526 5484 677 5541 solitudine
693 5485 805 5553 mansit,
822 5487 877 5542 huc
893 5492 933 5543 at·
976 5488 1076 5544 Ortum
1090 5491 1177 5556 stans,
1207 5488 1265 5544 Deo
1279 5504 1390 5562 precem
1405 5504 1469 5544 cum
1483 5487 1640 5561 gratiarum
1659 5483 1768 5540 actione

130 5588 188 5650 que
202 5572 270 5630 illuc
285 5572 429 5643 oberrans,
446 5590 497 5632 nec
510 5574 691 5632 Barlaamum
705 5575 859 5647 inveniens,
875 5577 934 5634 Deo
975 5578 1155 5651 conjunctam
1169 5575 1306 5636 adhibuit.
1330 5576 1466 5650 Dictoque
1490 5577 1590 5643 Amen,
1610 5574 1639 5630 in
1654 5575 1768 5630 mutuos
