3818 6120
293 504 515 670 viil
570 519 918 667 anuuit
972 505 1471 665 ONUPHllll
1531 605 1585 666 Γ

504 670 510 680 -
798 738 1073 885 nhhhivlh.
1519 591 1585 684 Η,

238 940 438 1018 lucrosa
482 927 738 1012 rnrduurio
780 942 834 1027 (a),
877 936 1060 1016 suanm,
1106 929 1378 1004 inmeritum
1406 916 1649 1002 'incuruo

391 1218 723 1412 licaiacus
764 1230 1139 1408 iuletptetia
1180 1229 1501 1400 dantuiri.

162 1497 228 1583 Μ
240 1512 320 1573 Beati
334 1510 472 1588 onuphrii
487 1513 580 1570 Vitam
594 1515 668 1569 inter
677 1514 838 1568 Gracorum
849 1511 1008 1564 commenta
1014 1501 1151 1577 scriptam-
1162 1502 1259 1575 nuper
1271 1504 1374 1575 reperi,
1391 1509 1423 1558 ut
1434 1503 1575 1575 quondam·
1586 1498 1767 1558 avenerabiii

129 1623 162 1660 ac
177 1602 382 1677 prudentisima
406 1606 475 1671 viro,
504 1602 610 1660 scilicet
633 1591 767 1674 Gregorio
787 1599 837 1673 (3),
859 1595 948 1671 ipsius
976 1598 1057 1670 gesta
1082 1589 1224 1660 narrante,
1256 1589 1382 1663 cognovi.
1407 1584 1486 1647 lianc
1512 1592 1699 1665 Paphnutius,
1724 1582 1769 1649 'vii‘

129 1711 240 1766 quoque
253 1695 456 1756 sanctissimus,
472 1681 568 1749 Graecc
583 1709 711 1748 sermone
726 1690 827 1746 retexit
840 1687 876 1743 ab
890 1685 1013 1771 exordio.
1028 1684 1117 1749 Quem
1133 1699 1185 1752 ego
1200 1678 1325 1757 secutus,
1344 1697 1359 1734 e
1377 1679 1472 1737 Graeco
1487 1676 1619 1759 transtuli
1640 1679 1671 1736 iri
1687 1664 1767 1737 uali-

128 1783 353 1854 num4largienue
360 1783 479 1838 Domino
504 1790 536 1838 ut
545 1780 607 1854 ejus
616 1781 768 1853 probabilis
782 1780 841 1833 rita
853 1776 1008 1832 secundum
1016 1769 1088 1827 vires
1097 1787 1174 1826 meas
1185 1771 1600 1847 manifestata‚admiratienem
1606 1770 1768 1859 legentibus

127 1872 251 1946 praebeat
265 1866 294 1927 et
305 1866 502 1927 imitationem.
513 1871 576 1927 Non
586 1869 758 1942 perpendite,
770 1874 873 1940 quaeso,
881 1866 936 1921 mei
951 1862 1089 1920 sermonis
1101 1856 1300 1926 rusticitatem,
1314 1860 1365 1914 sed
1376 1862 1449 1915 tanti
1460 1852 1667 1917 laborisanimo
1680 1858 1769 1941 revol-

128 1948 183 2041 vite
196 1957 460 2041 longanimitatemp
473 1978 558 2033 quam
572 1960 614 2016 vir
627 1960 685 2037 Deo
696 1960 795 2031 plenus
812 1956 951 2030 patienter
963 1951 1107 2018 sustinuit,
1123 1950 1191 2004 dum
1201 1950 1351 2004 mundanae
1365 1943 1498 2005 va'iiitaiiis
1511 1946 1631 2021 gloriam
1647 1938 1767 2022 sprevil,

130 2056 159 2107 et
172 2032 284 2106 coeleste
298 2068 420 2122 regnum
431 2051 557 2106 districte
571 2050 688 2104 vivendo
699 2034 813 2104 sibimet
821 2045 1005 2105 haereditavit.

796 2364 1085 2504 VITA.

168 2573 263 2649 Beata
280 2578 422 2641 mantelia
440 2574 616 2655 Paphnutius
635 2572 763 2657 quadam
782 2576 1084 2659 cogitabo-Ageretur
1096 2580 1144 2663 (5).
1160 2580 1389 2647 Provestiment'o
1402 2580 1514 2660 quoque
1526 2563 1602 2641 foliis
1618 2578 1727 2641 herbii'
1759 2578 1762 2583 ’

133 2669 203 2749 rium
218 2682 247 2732 et
269 2670 386 2730 actuum
404 2670 520 2729 suorum
546 2656 654 2727 secreta
672 2672 767 2728 taliter
784 2670 929 2744 reseravit,
973 2667 1114 2748 utebaiur,
1126 2680 1229 2752 quibus
1244 2664 1402 2734 subteriora
1414 2672 1516 2731 renum
1529 2660 1568 2748 (b)
1576 2664 1720 2753 tantumm'
1750 2668 1775 2747 ,o

133 2767 249 2821 dicens:
973 2768 1111 2839 cingebat.
1127 2770 1189 2824 Tali
1204 2770 1261 2824 viso
1277 2767 1402 2834 homine,
1423 2767 1511 2821 nimio
1526 2765 1695 2836 perterritus
1710 2781 1775 2820 sum

169 2850 236 2917 Gai.
244 2855 267 2910 1.
279 2862 312 2895 ’-”-
322 2848 451 2920 Qiio'dam
464 2852 519 2918 die,
530 2848 598 2906 dum
608 2867 660 2923 ego
673 2845 850 2924 Paphnutius
858 2848 933 2909 solus
974 2862 1091 2924 terrore,
1104 2854 1236 2913 anxiatus
1249 2859 1325 2913 ultra
1338 2861 1423 2927 quarn
1437 2855 1513 2922 credi
1528 2859 1622 2925 potest
1632 2846 1737 2908 timore
1745 2858 1776 2909 et

133 2930 292 3016 tacitusque
305 2938 441 3009 sederem,
457 2934 580 3017 cogitavi
590 2935 620 2995 in
633 2941 715 2995 corde
729 2938 793 2996 mco
804 2932 878 3013 duod
888 2932 934 2997 de·
975 2932 1171 3014 admiratione,
1187 2943 1319 3019 quoniam
1333 2942 1392 3000 tam
1406 2942 1479 2998 mira
1497 2930 1588 2998 ib'rma
1601 2935 1672 2997 rhais
1687 2930 1776 2999 ocutis

135 3014 211 3089 serio
227 3014 363 3104 peterem,
380 3037 409 3087 et
423 3024 555 3086 universa
572 3030 633 3085 loca
649 3028 811 3086 sanctorum
835 3048 933 3086 monu-
975 3052 1120 3107 nunquam
1133 3016 1187 3091 luit
1202 3041 1315 3090 ostensa
1328 3033 1358 3089 in
1373 3021 1619 3107 bumanals'p'ecie.
1636 3019 1713 3096 Quid
1731 3008 1775 3087 3-

134 3123 261 3187 chorum,
278 3123 386 3193 piaque
400 3119 618 3175 conversationis
631 3120 759 3175 habitum
771 3121 931 3187 lustrarem,
974 3141 1066 3178 cerem
1085 3125 1211 3195 ignoravi
1224 3144 1230 3191 ;
1245 3124 1294 3178 sed
1316 3129 1454 3194 quantum
1471 3122 1556 3188 valui,
1580 3121 1679 3192 fugam
1695 3120 1774 3192 petii,

135 3224 168 3266 ac
183 3201 304 3284 quiliter
322 3208 381 3272 Uen
400 3208 603 3275 ministrarent,
619 3206 835 3264 considerarem.
853 3208 933 3264 Unde
974 3215 1156 3285 montemque
1168 3213 1358 3284 propinquum
1367 3211 1476 3266 concito
1490 3225 1573 3265 cursu
1588 3209 1713 3275 ascendi,
1725 3198 1776 3264 ibi·

133 3284 239 3357 titium
247 3294 292 3381 est
305 3283 338 3355 ui
349 3288 453 3355 tacitu's
467 3286 522 3355 liar
537 3290 700 3370 arriperem,
717 3304 746 3352 et
763 3293 793 3353 in
807 3290 934 3354 eremuiri
975 3319 1029 3372 que
1038 3303 1220 3357 tremefactus
1230 3302 1333 3368 corrui,
1351 3307 1488 3372 atqueme
1498 3299 1549 3353 sub
1560 3274 1729 3353 frondiumd
1759 3294 1764 3302 ’

135 3379 219 3446 cursu
236 3378 415 3445 desiderabili
434 3378 625 3462 properarem.
641 3380 731 3467 Rauca
751 3386 848 3460 itaque
870 3394 934 3444 cunt
975 3388 1058 3445 sitate
1076 3408 1093 3444 a
1115 3376 1186 3445 facie
1199 3378 1274 3445 illius
1290 3389 1433 3456 abscondi,
1449 3384 1539 3444 multa
1552 3386 1623 3443 dans
1641 3384 1773 3463 suspiria.

135 3494 211 3551 aqua
223 3479 326 3550 exigua
338 3490 449 3532 mecum
463 3477 580 3548 portavi,
599 3484 634 3531 ne
648 3472 797 3531 deficerem
808 3493 826 3532 a
839 3477 934 3533 labore
979 3485 1071 3545 1⁰0
1085 3479 1179 3534 Deleci
1194 3496 1265 3550 pene
1278 3484 1361 3534 aetate
1373 3485 1402 3533 et
1412 3477 1508 3532 labore
1517 3476 1707 3532 abstinentie.
1723 3474 1774 3533 liic

136 3568 245 3623 itineris
260 3568 353 3639 coepti.
369 3567 475 3631 Quarto
490 3572 586 3621 autem
603 3565 648 3619 die
663 3569 786 3636 peracto,
799 3556 935 3620 alimenta
974 3568 1122 3621 veredum
1137 3585 1182 3622 me
1197 3568 1328 3623 cernebat
1342 3569 1372 3621 in
1383 3571 1479 3621 monte
1491 3568 1643 3637 jacentem,¹
1655 3574 1723 3620 vc'ce
1732 3566 1776 3621 hi·

137 3650 199 3730 qiiae'
223 3652 334 3735 mecum
357 3653 464 3741 sumpsi
483 3654 657 3739 defecerunt,
671 3650 790 3733 meaque
808 3653 935 3709 membra
975 3650 1033 3709 ruia
1044 3645 1184 3723 clamavit,
1200 3656 1312 3711 et'dixit
1323 3676 1329 3711 :
1342 3641 1463 3722 Virlioi,
1473 3640 1611 3709 descende
1624 3644 1773 3723 demerita.

136 3728 214 3803 nulio
224 3732 298 3800 victu
312 3733 467 3799 refocillata
474 3744 548 3797 vires
559 3730 753 3813 perdiderunt.
766 3740 880 3818 illexque
894 3740 936 3798 di·
976 3744 1038 3798 Noli
1052 3745 1166 3812 timere3
1178 3762 1229 3816 ego
1242 3742 1319 3800 enim
1333 3742 1397 3800 sum
1409 3741 1493 3800 homo
1515 3731 1656 3815 passibilis
1669 3735 1723 3798 tibi
1737 3736 1775 3817 si·

137 3835 202 3888 vina
216 3834 375 3888 illustrante
388 3826 490 3903 gratia,
507 3844 583 3886 mora
597 3831 748 3886 imminens
766 3831 860 3886 ablata
875 3838 933 3900 est3
976 3833 1060 3887 milis.
1078 3834 1127 3888 llis
1141 3834 1238 3905 itaque
1252 3835 1412 3889 consolatus
1419 3833 1520 3897 verbis,
1536 3838 1662 3887 mentem
1676 3833 1773 3905 recipi,

138 3918 289 3994 assumptis
309 3938 345 3997 ue
361 3919 468 3975 viribus
481 3920 536 3976 iter
550 3920 667 3992 arripui,
691 3927 776 3991 atque
791 3921 851 3975 dies
864 3922 934 3977 alios
976 3923 1246 3993 moxquedcscendi‚
1263 3924 1336 3978 etad
1347 3924 1438 3977 virum
1452 3924 1581 3977 eandum
1590 3920 1715 3993 perveni,
1731 3924 1775 3976 at-

137 4000 259 4090 quatuor
265 3939 335 4090 nibil
345 4009 484 4081 gustando
496 4004 600 4080 peregi.
612 3987 663 4063 ilis
669 4008 766 4081 itaque
776 4011 932 4083 completis,
977 4028 1030 4085 que
1050 4008 1166 4083 pedibus
1178 4013 1239 4083 ejus
1255 4014 1299 4066 me
1314 4008 1429 4066 timidus
1440 4006 1588 4083 prostravi.
1601 3996 1651 4065 ille
1662 4000 1773 4082 quodue

137 4100 257 4159 rtimiurn
267 4099 461 4166 fessus,humo
469 4103 626 4169 prostratus
633 4090 933 4169 jacuivelutmortuus.
976 4117 1021 4154 me
1035 4101 1185 4171 prohibens
1201 4108 1267 4155 ante
1282 4119 1311 4155 se
1320 4103 1425 4172 jacere,
1440 4091 1539 4171 Surge,
1555 4096 1657 4170 inquit,
1675 4090 1773 4171 surge;

137 4188 282 4265 Extemplo
293 4187 403 4260 duoque
414 4187 519 4242 coelesti
530 4190 636 4243 solatus
646 4184 935 4258 adJ'utori0‚assistere'
975 4195 1007 4242 tu
1022 4190 1097 4242 enim
1112 4207 1141 4244 es
1156 4190 1206 4245 Dei
1218 4206 1326 4255 servus,
1342 4196 1370 4243 et
1384 4189 1491 4243 vocaris
1505 4187 1692 4260 Paphnutius,
1709 4202 1776 4243 san·

136 4270 207 4335 milii
221 4273 277 4333 vidi
292 4277 392 4342 virum,
408 4277 500 4348 gloria
513 4276 682 4345 mirabilem,
694 4278 841 4349 splendore
853 4278 935 4332 terri-
975 4285 1083 4333 ctorum
1098 4278 1215 4332 amicus.
1228 4278 1330 4333 Statiln
1345 4273 1469 4344 surrcri3
1487 4279 1515 4332 et
1533 4277 1661 4349 quamvis
1674 4277 1778 4344 ussus,

135 4349 832 4447 biiebr',pblchritudinelaudabiiem,magnitudine
840 4379 936 4438 proce-
974 4362 1069 4447 tamen
1085 4368 1165 4422 laetus
1175 4375 1241 4422 ante
1252 4384 1317 4422 eum
1332 4352 1402 4434 sedi,
1415 4363 1475 4437 ja'm
1489 4361 1607 4420 ferventi
1621 4350 1773 4434 desiderii,

135 4475 210 4527 rum,
221 4462 337 4530 aspectu
346 4455 619 4528 praeclarquuem
630 4461 662 4510 ut
672 4456 776 4527 aspexi,
789 4456 936 4512 vehemen-
976 4457 1039 4527 quis
1056 4455 1126 4527 ipse,
1146 4462 1175 4511 et
1187 4456 1279 4527 qualis
1294 4457 1353 4526 ejus
1368 4460 1442 4510 esset
1461 4455 1527 4521 vita,
1543 4455 1660 4526 cupiens
1673 4455 1776 4526 digno-

135 4554 180 4603 tar
193 4546 343 4620 obstupui3
356 4543 405 4599 sed
415 4551 510 4599 tamen
524 4544 571 4598 ille
581 4545 659 4599 vultu
672 4545 780 4615 placido
790 4546 934 4613 accedens,
977 4562 1063 4611 scere,
1081 4545 1175 4601 dicens
1190 4564 1196 4598 ε
1215 4546 1284 4599 Ecce
1296 4550 1392 4599 votum
1414 4544 1585 4615 adimplevit,
1602 4544 1651 4614 qui
1665 4559 1712 4598 me
1726 4546 1780 4616 per

136 4636 211 4692 nunc
222 4652 333 4703 manus,
348 4633 424 4689 nuuc
436 4632 511 4689 labia
524 4649 589 4687 mea
601 4634 705 4704 tetigit,
725 4634 850 4705 mihique
862 4635 935 4688 vires
977 4635 1048 4688 hanc
1063 4632 1316 4688 eremumuirexic.
1334 4634 1375 4687 En
1390 4637 1469 4708 artus
1483 4632 1539 4686 'mei
1553 4621 1715 4688 fatiscentes
1727 4626 1778 4688 ali-

135 4720 266 4796 poieuter
284 4716 453 4780 restauravit
476 4720 616 4801 (loannes,
645 4720 735 4777 libello
756 4736 798 4790 111,
820 4739 849 4776 n.
870 4707 933 4807 ¹ii).
977 4724 1051 4795 quod
1062 4723 1188 4777 sentiunt
1197 4716 1339 4790 solatium,
1356 4722 1405 4776 sed
1415 4738 1494 4795 mens
1508 4704 1719 4800 sitibundanon
1732 4710 1780 4807 ad·

136 4815 275 4868 Continuo
289 4802 370 4868 iaetus
384 4813 501 4879 surrexi,
514 4813 628 4883 Deoque
643 4804 821 4883 favente,per
835 4810 933 4879 solitu·
976 4813 1030 4866 huc
1057 4812 1164 4867 invenit
1182 4811 1370 4881 refrigerium.
1393 4811 1498 4865 ldcircc
1513 4798 1551 4877 be,
1567 4810 1671 4878 senior,
1694 4812 1781 4867 eorde

135 4902 231 4956 dinem
244 4902 344 4956 exinde
358 4903 454 4956 decem
471 4907 499 4956 et
511 4907 620 4973 septem
635 4901 745 4955 dierum
764 4917 877 4955 cursum
891 4900 935 4954 di·
976 4902 1075 4956 devoto
1089 4902 1233 4973 deprecor,
1249 4908 1334 4971 atque
1349 4916 1399 4970 per
1411 4900 1502 4955 illum.
1514 4900 1549 4954 cb
1559 4901 1640 4970 cujus
1651 4916 1781 4956 amorem

135 4992 205 5058 rexi,
221 5004 367 5061 quousque
382 4991 418 5045 ml
439 4991 531 5045 locum
546 5006 631 5061 quem
649 4990 785 5044 Dominus
800 4989 869 5044 mihi
893 4989 935 5044 fa·
977 4991 1063 5060 huius
1083 4990 1242 5045 solitudinis
1260 4991 1372 5043 deserta
1391 4988 1511 5055 habitas,
1526 4995 1555 5044 te
1569 4994 1723 5057 contestor,
1747 4994 1781 5045 ut

136 5081 213 5135 mulo
234 5096 285 5134 suo
308 5079 424 5149 indigno
447 5079 610 5150 providebat
624 5078 780 5146 ostendere,
797 5079 911 5150 perveni
927 5098 934 5146 3
976 5079 1051 5133 unde
1065 5080 1103 5134 sis
1118 5079 1168 5134 aut
1183 5078 1322 5150 quomodo
1336 5079 1453 5143 voceris,
1470 5092 1520 5133 seu
1535 5079 1648 5150 quando
1662 5075 1719 5134 buc
1733 5075 1782 5134 td·

135 5169 193 5224 illic
204 5169 239 5223 ab
257 5169 366 5223 itirieris
380 5167 476 5222 labore
490 5169 604 5223 cessavi.
943 5205 964 5266 C
976 5168 1095 5231 veneris,
1115 5168 1221 5239 apertis
1236 5167 1307 5221 mihi
1329 5167 1418 5220 verbis
1445 5167 1603 5222 denunties.
1620 5168 1656 5222 Et
1670 5167 1715 5221 vir
1728 5168 1781 5224 nei

170 5259 237 5314 Car.
254 5258 290 5312 ll.
307 5287 339 5297 -
364 5257 455 5327 Igitur
469 5257 537 5311 dum
556 5257 646 5312 fessus
666 5258 882 5329 requiescerem,
905 5262 933 5311 et
975 5273 1176 5327 recognoscens
1187 5273 1272 5328 quam
1283 5255 1381 5309 libenti
1392 5256 1487 5310 animo
1502 5257 1674 5311 sententiam
1684 5257 1781 5312 suile-

135 5363 221 5419 quam
248 5363 322 5418 aegre
342 5344 379 5414 (l)
398 5344 538 5417 profectus
559 5363 648 5400 essem
664 5348 826 5417 cogitarem,
842 5346 933 5400 virum
974 5345 1049 5400 boris
1064 5346 1200 5407 audirem,
1214 5345 1285 5399 dixit
1298 5345 1386 5398 mihi:

135 5436 231 5509 procul
241 5441 354 5507 aspectu
364 5433 520 5489 terribilem
528 5434 592 5499 vidi,
600 5435 629 5488 in
639 5435 754 5490 modum
763 5435 859 5491 bestiae
870 5435 934 5507 pilis
1011 5435 1075 5489 Car.
1102 5436 1153 5490 lll.
1180 5434 1371 5499 -Quoniam
1394 5440 1433 5499 te,
1455 5435 1543 5489 frater
1560 5436 1670 5501 dilecte,
1696 5434 1782 5491 avida

133 5525 257 5598 undique
267 5526 498 5594 circumseptum,
508 5521 552 5576 cui
560 5527 640 5577 tanta
650 5524 756 5579 scilicet
766 5525 932 5595 capillorum
974 5529 1067 5577 mente
1081 5524 1144 5578 vitre
1159 5540 1228 5577 meae
1247 5525 1347 5592 longas
1361 5540 1501 5578 aerumnas
1516 5525 1585 5579 velle
1600 5525 1673 5578 scire
1683 5518 1803 5594 video,‘

132 5615 278 5689 prolixitas
288 5619 358 5682 erat,
368 5618 510 5685 utcorpus
519 5611 728 5686 illiusipsorum
738 5614 933 5668 diffusionetc-
972 5617 1099 5686 repetere
1114 5629 1159 5666 me
1173 5612 1224 5667 tibi
1242 5628 1299 5667 non
1318 5610 1428 5669 dubites
1444 5615 1495 5670 has
1513 5613 1549 5671 ab
1563 5613 1689 5669 exordio.
1706 5613 1777 5688 Ego,
