3832 6120
143 262 197 322 ⁵17
343 260 431 319 trun
448 257 670 319 saumuuuu
688 257 862 316 BARLAAM
881 256 1051 316 EREMI'PAE
1069 259 1114 316 ΕΤ
1132 260 1315 320 JOSAPHA'I'
1334 264 1446 323 lNDlAE
1465 266 1581 326 REGIS.
1728 273 1780 333 518

140 393 173 444 at
184 387 295 461 Spiritu
309 391 406 444 macto
417 386 447 443 in
459 390 636 458 peccatorum
651 383 845 440 remissionem
854 382 974 445 conii-A
983 383 1104 455 Spiritus
1113 387 1212 452 saneti,
1228 404 1294 442 euni
1312 389 1342 444 in
1356 391 1464 462 piscina
1482 411 1543 465 que
1557 395 1587 450 in
1601 396 1690 468 ipsius
1698 399 1781 456 horto

140 482 211 533 m
985 480 1046 528 erat
1061 474 1220 546 baptizavit,
1236 493 1269 530 ac
1282 494 1439 549 supereum
1456 483 1576 553 Spiritus
1590 487 1679 555 sancti
1688 489 1782 559 gratia

175 568 270 639 Atque
277 567 395 638 insuper
402 564 439 620 ab
448 565 525 620 omni
534 562 597 619 labe
610 580 682 635 pura
696 561 942 634 Chn'stimysteria
985 562 1069 617 veuit.
1082 564 1208 636 Cumque
1220 565 1255 619 ad
1265 566 1354 638 ipsius
1368 569 1525 626 cubiculum
1539 573 1678 638 rediisset,
1695 582 1781 648 atque

137 656 246 729 accipe,
267 655 422 712 certissime
445 655 572 720 credens,
601 652 653 708 Dei
671 653 761 707 nostri
789 668 890 722 corpus
915 655 944 705 et
984 651 1124 707 incruenti
1138 654 1267 708 sacrificii
1284 672 1396 711 sacrum
1414 661 1576 730 peregisset,
1598 663 1781 722 immaculata

136 745 310 817 sanguinem
329 761 402 808 esse,
419 761 481 816 qua
500 741 662 797 hominibus
684 742 739 796 fida
758 740 891 813 preditis,
906 739 942 793 ud
985 740 1088 795 Christi
1104 743 1238 814 mysteria
1252 744 1305 815 ipsi
1320 745 1483 816 impertivit.
1494 751 1649 823 Posteaque
1665 753 1712 809 ille
1720 755 1780 827 spi·

136 840 322 906 peccatorum
339 834 448 889 veniam
462 833 536 888 dono
558 831 644 886 dedit.
662 831 790 886 Christus
813 830 888 885 enim
910 845 943 883 ea
983 829 1040 884 ritu
1055 831 1220 899 exsultabat,
1237 833 1381 888 Christum
1395 834 1486 891 Deum
1500 839 1582 894 laude
1596 848 1680 913 atquc
1688 843 1780 914 gloria

136 928 222 978 nocte
242 940 299 996 qua
311 923 485 987 tradebatur,
498 924 700 975 testamentum
710 934 811 973 novum
823 917 943 988 discipu·
982 917 1115 973 afficiens.

136 1010 250 1067 lisania
260 1011 544 1084 etapostolis,acper
553 1025 600 1064 eos
610 1007 738 1063 omnibus
749 1007 797 1078 qui
807 1006 836 1060 in
847 1007 941 1078 ipsum
1017 1005 1093 1060 Dixit
1106 1014 1201 1063 autem
1216 1008 1252 1062 ad
1267 1025 1331 1063 eum
1346 1012 1495 1067 Barlaam:
1512 1016 1680 1077 Benedictus
1691 1025 1777 1096 Deus,
1886 1005 1897 1015 ’

136 1101 276 1156 credituri
292 1104 406 1160 erantll
416 1101 477 1156 Gor.
494 1105 546 1170 11),
557 1099 584 1152 in
595 1098 654 1153 haec
664 1096 747 1151 verba
762 1096 873 1150 sanxit:
890 1097 941 1149 Ac-
982 1100 1010 1148 et
1023 1095 1108 1149 Pater
1122 1096 1234 1151 Domini
1251 1100 1339 1152 nostri
1354 1101 1419 1156 lesu
1431 1103 1544 1169 Christi,
1552 1107 1599 1176 qui
1610 1127 1661 1179 pro
1671 1112 1779 1185 ingenti

135 1190 223 1262 cipite
233 1191 450 1256 etmanducatc,
461 1188 515 1243 hoc
528 1192 571 1242 est
585 1203 686 1258 corpus
695 1202 790 1240 meum
799 1184 874 1256 quod
889 1200 940 1255 pro
981 1199 1032 1237 sua
1043 1184 1235 1240 misericordia
1249 1191 1425 1258 regeneravit
1448 1191 1477 1246 in
1496 1199 1524 1248 te
1539 1211 1617 1266 spem
1632 1201 1732 1269 vivam,
1749 1206 1778 1260 in

135 1279 216 1333 robis
222 1279 364 1350 inungitur
373 1279 402 1333 in
414 1277 610 1357 remissionem
622 1280 811 1346 peecatorum.
824 1273 940 1328 Eodem·
980 1271 1173 1329 hereditatem
1187 1275 1741 1359 incorruptibilem,etincontaminatam,
1749 1300 1778 1349 et

136 1368 293 1440 quemodo
306 1372 450 1439 sumptum
465 1366 578 1421 calicem
594 1364 662 1435 ipsis
676 1363 809 1435 porrexit,
821 1362 936 1416 dicens:
980 1359 1249 1430 immarcescibilem,
1266 1375 1459 1423 conservatam
1474 1370 1503 1424 in
1518 1374 1595 1428 coelis
1617 1375 1647 1431 in
1666 1379 1777 1438 Christo

136 1457 367 1532 Hicestsanguis
376 1472 456 1510 meus
469 1455 533 1509 novi
547 1453 719 1518 testamenti,
733 1451 780 1522 qui
796 1467 846 1523 pro
862 1450 938 1504 vobis
978 1449 1045 1504 lesu
1055 1450 1175 1506 Domino
1189 1459 1286 1507 nostro
1295 1472 1346 1526 per
1356 1455 1490 1527 Spiritum
1505 1469 1775 1543 sanctumiIPet.1).

136 1547 293 1603 elivmditur
310 1546 340 1601 in
358 1544 552 1600 remissionem
574 1549 761 1615 peecatorum.
779 1541 838 1595 Hoc
855 1540 937 1595 tacite
979 1537 1120 1594 Hodierno
1134 1541 1209 1594 enim
1220 1541 1264 1596 die
1279 1559 1296 1596 a
1309 1551 1422 1615 peccato
1430 1545 1573 1617 liberatus,
1582 1561 1695 1626 accepto
1705 1575 1777 1615 sevu-

135 1635 166 1691 iu
179 1651 275 1691 meam
287 1632 592 1689 commemorationem,
601 1632 664 1703 lpse
679 1631 767 1701 igitur
777 1629 830 1699 Dei
844 1644 936 1684 sermo
978 1626 1095 1697 pitemae
1110 1628 1172 1683 vite
1187 1630 1313 1701 pignore,
1322 1632 1379 1687 Deo
1389 1635 1565 1707 mancipatus
1578 1656 1620 1709 es,
1634 1659 1666 1698 ac
1672 1646 1776 1702 relictis

134 1723 356 1780 rivusetetlicax
365 1723 454 1782 tueor.
463 1721 513 1791 tv),
525 1727 609 1792 atque
619 1737 670 1774 sua
679 1720 783 1773 virtute
796 1718 865 1773 nihil
878 1734 966 1798 nonB
978 1715 1100 1770 tenebris
1111 1716 1206 1772 lumen
1220 1719 1337 1774 induisti
1352 1723 1501 1793 adoptatus
1511 1724 1540 1780 in
1552 1727 1709 1788 libertatem
1717 1734 1777 1805 glo·

136 1812 271 1879 efficiens,
286 1828 337 1885 per
351 1811 476 1866 divinum
490 1827 523 1865 ac
543 1814 752 1864 sacrosanctum
765 1822 934 1873 sermonem,
976 1802 1157 1860 riaefiliorum
1172 1807 1245 1861 Dei:
1265 1808 1409 1880 Quotquot
1421 1813 1507 1879 enirn,
1519 1813 1612 1887 inquit
1624 1819 1680 1886 ilie,
1696 1839 1775 1879 rece·
1867 1869 1869 1872 Α

136 1918 170 1958 ac
183 1902 307 1974 Spiritus
320 1900 411 1956 sancti
429 1899 589 1964 amentum,
606 1915 639 1952 ex
657 1897 807 1953 oblationis
820 1913 893 1968 pane
907 1901 937 1949 et
976 1899 1079 1962 perunt
1097 1911 1172 1962 curn,
1186 1895 1311 1952 dediteis
1320 1904 1489 1969 potestatem
1502 1903 1573 1958 filios
1582 1906 1634 1960 Dei
1648 1910 1719 1977 lieri,
1729 1912 1774 1967 his

138 1990 200 2047 rinc
213 2007 316 2063 corpus
326 2006 410 2045 suum
419 2005 452 2043 ac
462 1988 628 2058 sanguinem
639 1986 825 2057 efficit,atque
836 1985 936 2039 immu-
976 1980 1025 2051 qui
1033 1982 1152 2038 credunt
1166 1983 1196 2038 in
1207 1985 1321 2041 nomine
1331 1988 1392 2058 ejus
1403 1991 1493 2055 (loon.
1505 2000 1535 2058 1).
1543 1993 1705 2066 ltaquenon
1713 2001 1774 2071 jam

139 2084 189 2149 tat,
204 2085 234 2135 et
245 2080 279 2134 iis
292 2096 311 2134 a
325 2077 427 2151 quibus
436 2077 536 2149 cupido
545 2073 936 2147 animopercipitursanctita·
976 2085 1073 2124 servus
1087 2087 1126 2136 es,
1143 2072 1192 2127 sed
1206 2073 1280 2129 iilius
1299 2080 1328 2130 et
1345 2075 1434 2132 haeres
1448 2079 1508 2147 Dei,
1520 2098 1571 2152 per
1586 2084 1730 2143 Christum
1744 2089 1774 2145 in

142 2175 196 2224 tem
210 2175 240 2224 et
253 2169 343 2224 lucem
357 2167 447 2222 affert.
977 2157 1084 2229 Spiritu
1106 2166 1202 2215 sancto
1226 2161 1362 2230 (dativi.
1384 2165 1528 2236 Quocirca,
1553 2171 1726 2243 charissime,
1743 2178 1773 2233 id

175 2258 370 2314 venerandam
392 2255 564 2311 characteris
586 2253 709 2314 Domini,
730 2253 782 2307 hoc
803 2257 855 2317 est,
883 2250 934 2306 Dei
976 2247 1057 2301 stude
1069 2253 1100 2302 ut
1109 2249 1230 2305 mundns
1241 2256 1269 2305 et
1278 2252 1475 2311 immaculatus
1487 2257 1542 2328 ipsi
1556 2259 1717 2332 inveniaris,
1728 2282 1773 2322 su·

145 2340 933 2415 icrbi,hnmanitateuostracausainduti,etligiemadora,
976 2352 1027 2406 pra
1035 2336 1099 2391 iidci
1111 2336 1324 2395 tundamentum
1333 2341 1420 2412 proba
1432 2360 1517 2416 opera
1531 2354 1772 2410 exstruensFidcs

149 2438 264 2493 made
272 2435 446 2501 exosculans,
457 2440 542 2505 atque
553 2433 594 2487 qm
607 2432 772 2487 existimans
788 2437 816 2484 te
824 2429 934 2500 ipsum.
975 2423 1050 2479 enim
1063 2425 1124 2480 sine
1138 2428 1269 2498 operibus
1284 2435 1398 2485 mortua
1416 2438 1469 2499 est,
1489 2439 1727 2505 quemadmodum
1742 2449 1772 2498 et

150 2532 200 2581 met
210 2532 363 2581 creatorem
376 2525 407 2578 in
421 2522 544 2593 imagine
559 2521 696 2577 contueri.
709 2519 853 2591 Siquidem
865 2519 934 2573 ima·
975 2529 1060 2585 Opem
1074 2515 1135 2570 ⁸5³0
1150 2516 1204 2572 fide
1214 2519 1255 2581 (ll
1266 2521 1339 2573 ΜΤ·
1353 2534 1385 2575 111
1395 2539 1401 2588 i
1411 2524 1469 2576 1⁶⁸⁶·
1485 2527 1526 2593 Hi·

151 2614 213 2686 ginis
223 2615 320 2678 honor,
335 2617 368 2668 nt
380 2628 399 2667 a
411 2618 507 2666 sancto
529 2611 587 2665 viro
611 2609 754 2682 proditum
767 2613 810 2664 est
825 2610 930 2675 (Rusti,
1008 2602 1101 2674 Atque
1116 2606 1214 2675 utjam
1229 2607 1307 2678 prius
1322 2626 1367 2663 me
1381 2610 1418 2664 ad
1432 2617 1460 2665 te
1475 2613 1569 2669 dicere
1582 2618 1709 2686 memini,
1726 2621 1773 2676 de-

154 2706 193 2758 lii.
205 2706 234 2759 de
242 2702 350 2773 Spiritu
358 2705 461 2767 sancto,
473 2715 532 2769 cap.
544 2698 599 2767 la),
607 2699 642 2754 ad
654 2697 930 2769 exemplarreiertnr.
973 2693 1065 2762 posita
1073 2695 1134 2764 jam
1148 2695 1225 2749 omni
1235 2697 1351 2763 malitia,
1359 2699 1517 2771 veterisque
1525 2702 1656 2773 hominis,
1673 2709 1721 2779 qui
1730 2726 1773 2765 se·

153 2791 374 2864 Exempiarporro
389 2789 469 2844 estid
482 2789 562 2859 cujus
576 2787 669 2859 imago
679 2787 831 2857 effingitur,
847 2792 932 2855 atque
975 2782 1097 2837 cundum
1117 2782 1221 2837 erroris
1240 2784 1380 2840 desideria
1397 2792 1586 2862 corrumpitur
1597 2796 1700 2864 riphea.
1717 2804 1769 2868 tv),

153 2879 182 2935 ib
196 2898 226 2937 ω
238 2881 388 2937 derivatur.
410 2877 520 2933 Etenim
535 2893 599 2932 cum
612 2876 750 2949 picturam
766 2875 796 2929 in
809 2873 933 2944 imagine
975 2869 1105 2941 operibus
1120 2870 1249 2926 omnibus
1264 2873 1326 2928 odio
1337 2874 1594 2952 habitistanquam
1605 2885 1770 2958 modogeui·

153 2969 431 3037 miQOveram
439 2966 568 3032 sormam,
581 2967 661 3036 cuius
669 2965 761 3034 imago
767 2967 819 3026 est,
830 2961 934 3017 mentis
973 2964 1020 3013 tus
1029 2959 1131 3026 inians,
1147 2960 1315 3016 rationabile
1330 2969 1360 3017 et
1370 2963 1431 3020 sine
1445 2966 1509 3021 dolo
1519 2968 1654 3027 virtutum
1670 2975 1771 3031 laesu-

153 3055 613 3127 oeulistrensimuseumquinostm
620 3049 1040 3118 causasarnemsibiad·cgere
1063 3048 1226 3120 concupisce
1238 3052 1265 3118 (I
1275 3052 1330 3106 Pet.
1348 3055 1388 3121 ιι),
1404 3060 1436 3109 ut
1454 3054 1484 3109 in
1497 3072 1530 3111 eo
1544 3075 1660 3128 crescas,
1685 3068 1771 3135 atque

151 3147 229 3218 junxit
239 3148 283 3221 pie
295 3147 464 3212 adorantem
480 3160 537 3199 non
558 3142 611 3216 ipsi
631 3142 745 3214 quidem
757 3140 874 3213 picturae
887 3138 931 3194 di·
973 3137 1008 3192 ad
1020 3137 1218 3192 mandatorum
1227 3138 1278 3194 Dei
1289 3141 1477 3211 cognitionem
1488 3148 1667 3215 perveniasin
1679 3152 1770 3208 virum

152 3237 280 3293 ,hingem
291 3234 489 3298 atu-ibuentes,
504 3249 602 3287 verum
612 3237 644 3287 ut
652 3229 793 3286 incarnati
802 3228 926 3283 Deiima·
973 3224 1135 3295 perfeetum,
1153 3225 1182 3280 in
1197 3242 1359 3282 mensuram
1366 3229 1457 3284 aetatis
1467 3231 1650 3303 plenitudinis
1666 3238 1770 3295 Christi

152 3325 242 3395 pm·
253 3342 303 3398 pm
310 3328 408 3381 nostro
421 3339 489 3394 erga
498 3340 573 3388 eum,
585 3321 634 3393 qui
643 3326 739 3375 nostra
747 3335 830 3375 causa
845 3318 931 3374 etiam
974 3314 1078 3382 (Epiros.
1086 3315 1120 3378 tv)
1132 3333 1138 3381 3
1156 3320 1188 3370 ut
1202 3332 1258 3371 non
1269 3317 1330 3386 jam
1341 3317 1379 3372 sis
1388 3320 1522 3391 parvulus
1537 3323 1674 3393 sensibus,
1687 3327 1769 3384 vitio-

153 3415 271 3486 mquead
286 3407 932 3477 sarritormamseseexinanivit,amoreacbe-
973 3402 1770 3485 sarumah‘eetionnmfluctibusactempestatejactatuset

153 3503 291 3561 mm
311 3501 538 3574 wmplecwnoes·
562 3500 723 3570 Eodemque
746 3496 932 3553 modoetiam
973 3490 1270 3559 circumactus,verum
1286 3495 1393 3550 malitia
1407 3497 1720 3571 quidemparvulussis,
1733 3507 1769 3562 ad

153 3605 214 3662 pm
229 3593 317 3666 ipsius
330 3589 438 3656 Matris,
460 3595 545 3661 uque
566 3587 692 3644 omnium
710 3593 871 3641 sanctorum
890 3584 931 3639 es,
972 3576 1077 3635 bonnm
1090 3586 1186 3635 autem
1207 3582 1317 3637 firmam
1332 3599 1364 3638 ec
1380 3584 1498 3641 solidam
1516 3595 1639 3646 mentem
1653 3593 1766 3662 habeas,

153 3680 225 3753 m
238 3682 337 3739 ”dem
351 3682 459 3738 mione
471 3679 668 3751 complectens.
684 3675 847 3749 „tqueigem
862 3673 930 3728 nvi.
972 3674 1057 3739 atque
1067 3674 1099 3724 ut
1108 3669 1225 3740 dignum
1236 3676 1278 3725 est
1287 3687 1322 3727 ea
1332 3674 1474 3731 vocatione
1490 3692 1545 3748 qua
1560 3687 1673 3736 vocatus
1686 3699 1724 3740 es.
1739 3684 1769 3739 in

154 3769 198 3827 tn
208 3787 240 3828 ω
249 3772 413 3828 venerandae
426 3769 516 3826 crucis
528 3774 628 3840 typum
641 3766 697 3821 fide
715 3765 845 3830 adorans,
868 3779 931 3818 exo-
970 3756 1170 3813 mundatorum
1181 3758 1294 3814 Domini
1309 3759 1501 3820 observatione
1511 3768 1639 3836 verseris,
1654 3787 1769 3828 excussa

152 3859 251 3927 aare,
266 3860 301 3917 ob
317 3860 459 3917 Christum
473 3857 604 3913 videlicet
626 3872 660 3910 ac
676 3855 766 3910 Deum
789 3858 817 3907 et
831 3850 929 3906 mundi
969 3844 1769 3931 nimirumatqueateremotapriorisvitaevanitate,quem·

152 3946 318 4017 mmm,
333 3950 382 4022 qui
396 3946 496 4003 mutis
510 3951 613 4001 nostra
627 3960 712 3999 causa
726 3956 809 3996 carne
823 3939 853 3994 in
868 3939 931 4010 ipsa
970 3933 1122 3989 admodum
1134 3942 1235 4006 gentes
1248 3937 1396 3994 ambulant
1412 3941 1442 3995 in
1454 3943 1578 4000 vanitate
1597 3963 1695 4004 sensus
1712 3951 1766 4017 sui,

151 4051 283 4110 mm
296 4044 350 4104 m,
363 4034 499 4108 nobisque
512 4035 548 4090 ad
562 4033 707 4090 victoriam
721 4030 853 4085 advena,
872 4027 930 4082 dja.
971 4020 1149 4079 obscuratum
1164 4024 1300 4081 habentes
1313 4026 1496 4098 intellectum,
1517 4033 1632 4090 alienati
1646 4053 1664 4092 a
1676 4039 1768 4110 gloria

150 4119 229 4181 uum
245 4126 428 4182 optinendam
441 4124 494 4179 hoc
507 4123 620 4194 signum
639 4120 726 4176 dedit.
753 4115 930 4174 cohorrescit
970 4110 1031 4177 Dei,
1044 4111 1298 4185 cupiditatibusque
1308 4115 1676 4180 suisetmotibusarationc
1687 4144 1767 4181 aver-

150 4213 211 4269 ffljm
233 4215 280 4270 ffig
302 4231 336 4270 ω
352 4220 476 4270 nemore
489 4211 620 4276 afficitur,
635 4209 723 4280 ipsius
747 4205 804 4261 vim
824 4204 928 4260 intueri
970 4199 1009 4255 sis
1019 4199 1146 4271 subjecti.
1161 4202 1203 4257 Tu
1212 4218 1278 4256 vero
1289 4205 1566 4274 quemadmodumad
1574 4211 1663 4268 Deum
1674 4214 1766 4270 vivum

149 4301 247 4359 nim
259 4304 412 4359 ,astinem
427 4304 459 4359 ln
469 4301 515 4358 his
529 4297 715 4372 dogmatibus,
732 4301 818 4366 atque
833 4293 930 4364 hujus-
971 4293 999 4343 et
1008 4304 1105 4343 verum
1120 4289 1271 4352 accessisti,
1283 4289 1323 4344 sic
1335 4291 1421 4346 etiam
1431 4299 1463 4348 nt
1476 4295 1550 4350 tilius
1560 4297 1630 4354 lucis
1641 4300 1763 4357 ambula.

149 4391 211 4446 modi
222 4392 275 4448 nde
281 4391 468 4465 baptizaberis
476 4407 538 4446 mm
555 4385 719 4444 mutationis
728 4383 819 4439 omnis
833 4371 1088 4454 cuper-DFructus
1096 4377 1171 4431 enim
1178 4377 1298 4449 Spiritus
1304 4379 1381 4434 estin
1388 4382 1465 4438 omni
1472 4383 1762 4460 bonitataetjustitia,

148 4479 434 4554 um‚.1qu02b0mni
448 4478 549 4536 haeresi
562 4493 664 4551 puram
679 4471 819 4546 usquead
839 4476 928 4526 extre·
970 4473 999 4522 et
1007 4466 1124 4521 veritate
1135 4466 1205 4531 (Gal.
1214 4471 1251 4536 v).
1260 4468 1353 4538 Atque
1363 4469 1433 4525 illud
1439 4488 1554 4544 operam
1563 4476 1608 4541 da,
1617 4494 1652 4532 ne
1663 4493 1765 4535 novum

147 4581 211 4624 m
223 4570 285 4627 vim
293 4569 425 4643 'pilitum
434 4569 576 4625 minem:
592 4580 706 4622 omnem
716 4567 812 4618 ,utem
821 4559 925 4615 doctri-
968 4571 1033 4610 cnm
1042 4553 1194 4623 hominem,
1211 4571 1266 4626 quo
1280 4555 1364 4611 hodie
1376 4557 1491 4616 indutus
1505 4579 1545 4630 es,
1555 4565 1641 4636 priori
1649 4567 1766 4638 posthac

146 4658 604 4733 umatqueomniadogmataquae
615 4649 927 4724 huicareprehensione
967 4648 1106 4699 vetustate
1127 4643 1285 4711 labefactes,
1303 4662 1400 4702 verum
1419 4650 1545 4721 quotidie
1562 4652 1592 4707 in
1612 4655 1725 4725 justitia
1736 4664 1766 4713 ct

145 4745 229 4804 iim
240 4747 306 4804 fidei
316 4748 511 4815 masmine,
521 4761 675 4811 exsecrare,
687 4747 771 4813 atque
786 4738 926 4794 abaliena·
967 4733 1116 4789 sanctitate
1131 4739 1159 4788 et
1172 4733 1290 4789 veritate
1304 4736 1536 4794 renovertaNam
1545 4741 1598 4796 hoc
1614 4759 1697 4800 nemo
1707 4761 1764 4802 non

143 4834 337 4894 maneo
352 4853 414 4892 esse
428 4835 565 4892 citatim.
581 4833 629 4890 Ait
653 4831 729 4886 enim
750 4826 923 4901 Apostolus:
967 4822 1178 4894 potastsivelit,
1187 4822 1424 4894 quemadmodum
1434 4826 1547 4894 audisti,
1559 4832 1634 4901 quod
1643 4840 1765 4905 potesta·

142 4921 244 4980 Etiamsi
255 4925 380 4997 Angelus
394 4925 430 4979 de
446 4924 515 4979 coelo
529 4920 700 4993 evangelizet
719 4917 796 4973 vobis
809 4922 926 4989 preter·
967 4915 1024 4965 tem
1036 4910 1145 4967 dederit
1154 4911 1226 4965 tilios
1236 4911 1286 4966 Dei
1293 4912 1363 4979 lieri,
1375 4913 1419 4968 his
1426 4915 1473 4985 qui
1484 4917 1603 4974 credunt
1609 4921 1640 4976 in
1650 4924 1764 4980 nomine

142 5027 217 5085 qum
234 5013 309 5087 quod
330 5011 582 5084 evangelizavimus
603 5009 689 5075 vobis,
711 5007 862 5063 anathema
890 5003 927 5059 sit
968 5000 1127 5071 ejus(loau.
1144 5005 1176 5068 1).
1186 4999 1424 5071 Quapropternon
1431 5003 1491 5074 jam
1502 5006 1554 5062 hcc
1564 5008 1656 5066 dicere
1667 5028 1764 5084 possu-

140 5100 239 5171 lictu).
254 5103 353 5175 Neque
366 5103 443 5158 enim
455 5101 532 5156 aliud
546 5105 590 5156 est
602 5097 795 5169 Evangelium,
810 5099 859 5150 aut
871 5092 927 5147 alia
967 5106 1041 5157 mus,
1058 5107 1109 5144 nos
1120 5088 1237 5144 virtutes
1257 5089 1374 5161 adipisci
1392 5093 1509 5151 minime
1525 5115 1615 5170 posse.
1629 5102 1763 5161 Proclivis

138 5187 210 5258 itae,
222 5197 325 5264 preter
336 5207 401 5248 eam
413 5188 517 5263 quaeeb
526 5185 827 5262 apostolispvmdicata,
841 5190 926 5253 atque
967 5179 1042 5234 enim
1060 5196 1092 5233 ac
1104 5178 1194 5233 facilis
1208 5177 1252 5231 via
1265 5185 1323 5246 est;
1340 5185 1424 5252 atque
1443 5184 1553 5242 etiamsi
1576 5188 1611 5245 ob
1639 5195 1764 5265 corporis

136 5278 260 5337 edivinia
275 5279 407 5336 Patribus
421 5279 451 5334 in
466 5279 549 5334 variis
563 5276 687 5333 conciliis
696 5275 923 5330 confirmataest.
967 5268 1147 5324 afflictionem
1159 5277 1236 5322 arcta
1246 5268 1452 5338 quodammodo
1463 5279 1492 5329 et
1505 5284 1626 5349 angusta
1635 5280 1710 5336 dicta
1721 5289 1764 5337 est

165 5368 306 5425 flamm
317 5369 434 5425 uniret
447 5364 758 5437 Barlaam'atquefflud
773 5362 926 5433 fldgqsym.
968 5356 1135 5427 titatium),
1151 5361 1246 5410 mmen
1258 5356 1709 5439 obfuturornmsuorumspemiis
1723 5386 1766 5425 re-

132 5452 230 5526 holum,
246 5457 322 5531 quod
335 5458 366 5515 in
381 5458 496 5515 Nicoeno
517 5454 634 5512 condho
652 5453 760 5510 editum
776 5457 829 5518 est,
851 5449 925 5521 regis
966 5452 1011 5502 cta
1021 5450 1050 5501 et
1060 5445 1136 5501 clara
1145 5449 1196 5513 est,
1209 5444 1258 5517 qui
1266 5461 1324 5501 non
1330 5449 1415 5504 stulte
1430 5451 1586 5524 ambulant,
1602 5472 1699 5513 verum
1713 5457 1767 5514 Dei

130 5543 185 5605 Alio
197 5545 380 5629 vomunt,
395 5542 548 5604 innomine
563 5547 656 5613 ns!
673 5539 766 5600 Patris
780 5541 809 5597 et
822 5536 888 5598 Filii
897 5541 926 5595 et
965 5533 1139 5592 voluntatem
1149 5537 1244 5590 exacte
1254 5532 1426 5609 intelligunt,
1438 5540 1565 5612 etquead
1576 5541 1767 5601 &micantum
