3818 6120
133 351 176 411 59.
585 349 625 406 IN
643 348 749 406 vlrns
768 345 918 404 PATRUH
937 342 1206 404 PROLEGOHENA
1223 341 1322 399 XXVI.
1731 339 1768 398 60

132 480 246 537 beatius
269 481 345 554 piam
369 477 556 534 rusticitatem
570 492 655 548 quam
669 479 782 534 docum
804 476 935 549 blasphe·
944 479 965 538 Α
975 476 1000 530 si
1014 474 1157 530 miraculis
1172 471 1251 541 clari,
1266 477 1296 528 et
1308 471 1412 544 optimo
1434 474 1490 528 tlne
1504 471 1700 539 consummati,
1723 472 1769 528 vix

132 571 218 625 miem
232 571 343 641 eligam.
358 587 373 622 n
971 565 1073 619 adduci
1089 579 1246 635 possumus,
1264 566 1297 617 ut
1310 562 1459 617 credamus
1470 564 1522 616 hos
1537 562 1601 616 illos
1615 577 1685 627 esse,
1697 577 1769 633 quos

169 659 251 715 Dices
261 662 361 730 quarto
372 662 470 711 contra
482 656 678 712 auctoritatem
689 654 755 711 libri
765 655 864 722 octavi,
878 671 929 709 au·
971 655 1051 709 divus
1066 653 1255 723 Hieronymus
1269 652 1408 707 haereseos
1429 667 1447 705 a
1466 649 1597 706 Patribus
1619 650 1768 706 damnatos

132 753 207 803 ctore
222 746 347 801 Palladio
367 763 373 799 ε
392 745 534 800 Palladius
553 746 598 799 hic
614 745 774 817 origenista
789 745 853 800 suit.
874 744 931 799 aa·
970 742 1079 810 asserit,
1091 748 1120 796 et
1133 757 1191 796 non
1203 755 1317 813 prorsus
1331 740 1410 796 alios.

133 836 253 908 spondet
266 829 396 907 Aloysius'
410 834 580 905 Lipomanus
592 839 668 889 tomo
678 835 717 889 ΙΙΙ
729 835 763 888 de
777 833 850 888 Vitis
862 833 930 887 San·
1007 831 1065 900 Ego
1079 834 1112 883 ut
1124 829 1197 899 quod
1207 828 1297 882 sentio
1305 826 1392 882 libere
1398 827 1497 893 fatear,
1509 826 1768 899 postquamlibrum
1781 874 1783 879 .

133 929 240 979 ciorum
256 942 262 976 ι
277 942 290 975 a
307 923 386 987 Quod
398 924 422 978 is
441 923 693 993 fueritOrigenista
706 939 803 987 necne,
815 923 849 976 ad
864 938 930 994 pro·
971 918 1046 973 hunc
1059 917 1178 971 Palladii
1190 917 1224 971 ad
1239 917 1363 972 Lausum
1386 933 1404 970 a
1416 916 1592 972 sanctissimo
1607 917 1769 988 pariterque

131 1012 255 1084 positum
270 1029 324 1084 quo
334 1013 379 1066 hic
392 1011 463 1066 liber
472 1012 592 1083 scriptus
602 1017 645 1067 est
655 1028 754 1083 parum
769 1011 845 1068 iacit.
857 1012 930 1065 Nam
971 1006 1133 1061 doctissimo
1142 1005 1211 1072 viro,
1219 1005 1347 1060 Ecclesiae
1357 1006 1495 1071 columna,
1504 1006 1612 1060 Joannc
1621 1005 1769 1060 Damasce-

132 1118 189 1156 non
205 1101 410 1173 dogmataiidei
419 1100 448 1154 in
463 1117 505 1167 eo,
517 1102 565 1155 sed
575 1105 737 1155 sanctorum
748 1100 820 1155 Vitae
829 1099 930 1165 descri'-¹
971 1112 1017 1161 n0‚
1030 1095 1060 1149 in
1074 1110 1204 1149 sermone
1214 1094 1261 1148 illo
1270 1110 1366 1159 aureo,
1381 1094 1658 1162 Defunctosvivoram
1669 1095 1769 1162 denefi-

132 1188 248 1256 buntur,
267 1195 296 1245 et
310 1195 352 1257 (ut
367 1189 401 1244 de
416 1189 535 1245 Eusebio
550 1189 714 1245 Caesariensi
729 1189 867 1260 episcopo,
883 1188 930 1259 qui
971 1187 1022 1238 ciis
1030 1187 1046 1253 j
1050 1186 1140 1249 levari,
1155 1182 1299 1255 inscripto,
1313 1187 1459 1254 tantopere
1468 1182 1766 1251 commendatumvidi,

132 1279 234 1349 etipse
253 1278 383 1348 Origenis
404 1277 498 1332 fautor
510 1277 572 1343 suit,
588 1278 628 1332 ait
646 1277 744 1332 beatus
763 1293 835 1349 papa
851 1277 931 1332 Gela·
971 1271 1076 1343 absque
1090 1272 1147 1326 ullo
1170 1272 1347 1327 conscientiae
1369 1272 1499 1343 scrupulo
1520 1275 1613 1326 totum
1634 1287 1704 1342 opus
1725 1269 1769 1326 bis

132 1368 201 1437 sius)
218 1386 232 1419 a
247 1368 365 1438 Propter
375 1383 469 1422 rerum
484 1367 655 1437 singularem
668 1365 807 1432 notitiam,
821 1383 882 1438 quae
895 1365 931 1420 ad
972 1367 1070 1431 terque
1084 1360 1199 1432 perlegi,
1216 1377 1305 1431 eaque
1318 1360 1436 1415 lectione
1446 1376 1510 1414 cum
1519 1359 1636 1414 mirifice
1646 1376 1710 1415 sum
1718 1361 1769 1415 de-

132 1455 348 1510 instructionem
371 1455 503 1527 pertinet,
528 1472 584 1510 non
604 1455 713 1510 videtur
728 1455 929 1519 renuendas»
972 1448 1769 1520 lactatus,tumveroilagrantiquodamcoelestiumrerum

133 1545 289 1616 praesertim
303 1561 367 1598 cum
376 1546 421 1615 (ut
435 1543 538 1614 ingenii
553 1543 642 1597 nostri
653 1542 828 1597 imbecillitas
838 1541 931 1596 videre
972 1537 1111 1592 desiderio
1126 1542 1203 1593 totus
1218 1538 1318 1593 exarsi.
1334 1538 1376 1593 Tu
1390 1543 1495 1604 tamen,
1507 1537 1579 1609 quad
1594 1537 1769 1608 probabilius

132 1633 235 1704 potuit)
250 1632 319 1686 nihil
334 1632 447 1686 hicnon
461 1631 549 1702 pium,
572 1648 628 1686 non
641 1631 828 1687 Christianam
847 1631 930 1685 redo·
971 1631 1000 1680 et
1012 1625 1063 1681 tibi
1078 1627 1167 1681 tutius
1181 1627 1300 1693 videtur,
1310 1642 1437 1698 sequere.
1460 1627 1464 1632 '

133 1721 194 1775 lens
216 1720 368 1791 puritatem
390 1722 509 1791 legatur.
534 1720 730 1791 Approbamus
744 1721 831 1791 igitur
848 1737 928 1791 opus,
1007 1715 1148 1770 Hactenus
1158 1715 1372 1771 doctissimusct
1382 1714 1563 1785 gravissimus
1573 1714 1616 1768 vir
1625 1714 1767 1787 Aloysius,

132 1809 296 1879 scriptorem
312 1817 407 1863 autem
421 1808 472 1863 Dei
493 1808 608 1879 judicio,
624 1825 719 1863 coram
734 1825 789 1879 quo
803 1808 850 1863 ille
863 1796 928 1874 stat‘,
939 1802 1019 1890 Bqui
1033 1804 1150 1858 concilio
1168 1804 1332 1859 Tridentino
1355 1820 1417 1858 cum
1441 1803 1504 1857 aliis
1525 1801 1633 1858 duobus
1653 1803 1770 1875 collegis

133 1912 317 1951 reservamus.
340 1898 413 1951 Nam
432 1895 518 1950 dubia
531 1897 677 1967 praeestis
692 1913 827 1964 asserere,
844 1897 928 1953 nimis
971 1893 1013 1959 (ut
1023 1893 1082 1963 ipse
1098 1892 1228 1963 exprimit
1242 1893 1361 1963 epistola
1375 1891 1547 1946 dedicatoria
1560 1892 1628 1962 [mv]
1652 1892 1770 1947 secundi

131 1985 314 2040 temerarium
329 1984 410 2039 nobis
424 1985 543 2039 videtur.
560 2003 574 2037 s
589 1986 632 2040 lta
645 1985 785 2058 Aloysius.
968 1981 1180 2047 tomi,llenetiis
1191 1981 1318 2053 impressi
1336 1979 1411 2047 1553,
1421 1979 1535 2036 devitis
1545 1980 1721 2049 Sanctorum,
1730 1980 1770 2037 ad

168 2073 249 2128 Dices
272 2073 370 2144 quinto
393 2090 457 2128 cum
480 2074 578 2127 eodem
592 2074 707 2146 Aloysio
727 2090 812 2144 supra
830 2079 929 2128 contra
969 2069 1074 2123 Julium
1088 2086 1191 2141 papam
1204 2070 1253 2137 llll
1269 2070 1389 2141 praeibit.

132 2162 263 2216 eumdem
271 2161 374 2216 librum
386 2161 503 2217 :Verum
513 2161 736 2232 aliudquoddam
747 2163 776 2216 in
786 2163 837 2217 hoc
845 2179 928 2234 opere
1005 2158 1085 2211 Dices
1099 2163 1186 2224 serto,
1198 2163 1296 2213 contra
1305 2158 1493 2212 Vitasomnes
1507 2157 1537 2212 in
1556 2172 1677 2228 genere:
1699 2157 1769 2229 Epi·

133 2266 194 2304 sese
211 2250 300 2316 ollert,
323 2251 395 2320 quod
416 2266 466 2304 nos
480 2250 570 2320 magis
592 2250 724 2304 sollicitos
736 2251 808 2320 [ιιιι]
825 2250 927 2304 reddit.
969 2246 1041 2301 stola
1050 2247 1166 2301 Adriani
1182 2248 1193 2302 Ι
1209 2264 1287 2318 papae
1302 2247 1338 2301 ad
1349 2247 1479 2302 carolum
1494 2261 1600 2317 regem,
1611 2246 1770 2317 quaconfu·

132 2338 422 2410 DivusHieronymus,
435 2340 514 2410 cujus
524 2339 553 2393 in
562 2339 682 2393 Ecclesia
693 2343 773 2393 tanta
783 2344 826 2393 est
836 2344 930 2394 aucto·
969 2339 1012 2389 tat
1021 2342 1215 2407 oppugnantes
1225 2337 1378 2392 secundum
1390 2336 1529 2409 synodum
1539 2336 1691 2403 Nicaeum,
1703 2352 1766 2408 cap.

131 2429 209 2494 ritas,
226 2432 361 2499 quantam
376 2443 473 2481 ornnes
488 2428 601 2490 scimus,
617 2428 647 2482 in
662 2427 780 2498 epistola
794 2443 878 2498 quam
893 2428 929 2482 ad
970 2424 1014 2486 17,
1030 2424 1058 2478 in
1071 2425 1180 2479 actione
1196 2424 1222 2492 5,
1244 2426 1297 2480 hoc
1317 2425 1540 2496 oppugnantium
1566 2430 1768 2496 argumentum

132 2503 343 2587 Ctesiphontem
351 2515 456 2579 scribit,
466 2515 620 2587 suggillans
628 2515 775 2586 Evagrium
783 2516 929 2570 Ponticum
970 2512 1055 2567 citat:
1069 2533 1080 2564 a
1098 2513 1178 2577 Quod
1192 2513 1232 2567 illi
1245 2513 1317 2578 libri,
1326 2514 1397 2568 Vitae
1408 2514 1532 2579 Petrum,
1543 2530 1661 2584 quorum
1672 2518 1769 2570 aucto-

130 2605 210 2670 (imo,
220 2604 373 2663 Bullinum.
386 2609 418 2657 ut
432 2603 588 2673 prolegom.
604 2603 630 2669 l,
642 2602 656 2675 ἓ
670 2604 702 2658 lo
717 2603 807 2663 docuil
819 2604 929 2675 Hyper·
969 2615 1015 2653 res
1029 2600 1205 2671 ignorantur,
1224 2617 1280 2655 non
1293 2617 1408 2673 prorsus
1422 2601 1516 2656 idonei
1530 2601 1586 2656 sint
1597 2601 1769 2657 adtestimo·

131 2690 262 2754 boritam,
283 2691 330 2763 qui
345 2690 448 2745 librum
458 2691 569 2763 scripsit
577 2691 657 2762 quasi
668 2691 702 2746 de
717 2692 871 2758 monachis,
883 2692 930 2747 ob-
969 2688 1017 2743 nia
1028 2689 1128 2753 danda,
1147 2695 1176 2743 et
1190 2690 1226 2744 ad
1240 2690 1298 2744 baec
1314 2707 1374 2761 quae
1383 2690 1413 2744 in
1426 2691 1636 2745 contentionem
1650 2690 1769 2745 veniunt

129 2779 192 2850 jicit
206 2779 231 2833 ei
244 2780 347 2833 multos
361 2779 389 2832 in
402 2795 434 2833 eo
447 2779 518 2833 libro
533 2784 712 2834 enumeratos
726 2781 774 2851 qui
784 2797 928 2852 nunquam
969 2777 1169 2832 confirmanda.
1186 2797 1200 2832 s
1221 2779 1380 2848 Respondet
1393 2778 1533 2833 Adrianus
1548 2795 1638 2850 papa:
1664 2795 1678 2830 ‹
1693 2778 1767 2834 vita

130 2867 245 2934 fuerint,
260 2872 287 2921 et
298 2884 367 2936 quos
382 2865 467 2921 fuisse
481 2866 578 2921 scribit
586 2867 769 2937 Origanistas,
786 2874 814 2922 et
827 2868 863 2922 ab
873 2868 929 2941 epi·
969 2865 1086 2921 Petrum
1098 2867 1159 2920 sinc
1169 2865 1528 2938 probabilibusauctoribus
1542 2866 1658 2921 minime
1671 2866 1701 2921 in
1716 2867 1768 2921 Ec·

132 2956 223 3028 scopis
237 2956 386 3010 damnatos
400 2955 515 3022 asserit;
533 2956 682 3026 volensque
696 2956 820 3027 apertius
834 2958 883 3028 qui
898 2957 927 3011 hi
969 2954 1051 3008 clesia
1064 2955 1205 3025 leguntur.
1214 2956 1284 3009 Nam
1300 2955 1335 3009 ab
1345 2955 1505 3010 orthodoxis
1515 2955 1669 3010 titulataeet
1678 2954 1768 3010 susci·

132 3050 226 3100 essent
242 3043 375 3110 indicare,
396 3042 560 3114 subJungit:
576 3064 587 3095 ι
604 3045 785 3099 samonium
798 3045 928 3101 videlicet
967 3041 1767 3114 pientur.etleguntur-Magisenimpassionessanctomm

130 3138 160 3186 ct
172 3131 332 3197 Eusebium,
347 3137 376 3185 et
394 3131 587 3203 Euthymium,
604 3138 633 3185 et
651 3131 743 3202 ipsum
767 3132 925 3203 Evagrium,
936 3135 1125 3202 cmartyrum
1139 3133 1212 3186 sacri
1226 3148 1346 3187 canones
1363 3137 1543 3197 censuerunt,
1559 3137 1591 3187 ut
1614 3131 1698 3187 liceat
1715 3148 1766 3188 eas

130 3220 170 3276 Or
189 3236 299 3291 quoque
314 3223 342 3274 et
356 3218 504 3285 Isidorum,
522 3226 550 3274 et
564 3219 666 3274 multos
681 3221 760 3287 alios,
778 3238 847 3292 quos
860 3237 928 3277 enu-
968 3218 1053 3275 etiam
1067 3219 1097 3274 in
1111 3221 1226 3276 ecclesia
1242 3221 1305 3291 legi,
1317 3237 1380 3275 cum
1395 3220 1578 3276 anniversarii
1591 3220 1650 3276 dies
1665 3237 1766 3275 eorum

129 3324 240 3363 merare
253 3308 367 3364 taedium
383 3313 435 3362 est.
452 3326 466 3361 s
482 3307 635 3374 assises,
661 3325 779 3378 quorum
800 3309 830 3363 in
847 3327 928 3365 men·
967 3308 1153 3364 celebrantur.
1168 3328 1181 3361 r
1194 3309 1278 3364 Aliud
1288 3309 1376 3380 igitur
1388 3310 1478 3364 estita
1491 3309 1764 3377 authenticumesse,

117 3397 236 3477 ‘tionem
251 3395 410 3462 incidimus,
424 3396 549 3451 etiamin
560 3397 611 3451 hoc
624 3396 743 3451 Palladii
752 3399 928 3469 opercinter·
968 3399 1041 3452 utin
1056 3397 1311 3469 Ecclesia'legatur,
1323 3398 1399 3454 aliud
1408 3403 1441 3453 ut
1452 3414 1469 3452 a
1483 3397 1634 3453 Catholicis
1647 3398 1767 3470 recipia-

129 3492 273 3553 scruntur,
290 3502 443 3557 eorumque
457 3485 528 3539 vna
543 3490 671 3540 accurate
688 3486 835 3558 descripta
849 3504 928 3559 repe·
967 3490 1015 3540 tur
1028 3491 1056 3541 et
1066 3486 1185 3557 legatur.
1198 3487 1366 3558 Quanquam
1376 3503 1432 3542 non
1442 3492 1502 3541 tam
1511 3486 1551 3542 ibi
1561 3486 1688 3559 pontifex
1697 3491 1767 3558 agat

129 3574 251 3630 ciuntur.
277 3573 351 3638 Quid
376 3573 462 3643 igitur
484 3574 520 3627 ad
547 3574 606 3628 nec
629 3574 772 3629 dicemus?
790 3575 927 3647 suscipie—
966 3573 1001 3628 dc
1015 3574 1059 3628 his
1068 3574 1140 3629 Vitis
1154 3575 1269 3629 Patrurn
1284 3575 1474 3643 eremitarum,
1487 3592 1571 3647 quarn
1586 3575 1620 3630 de
1635 3575 1765 3630 omnium

128 3678 228 3716 musne
242 3662 317 3716 viros
334 3661 382 3732 qui
398 3677 416 3714 a
429 3665 508 3715 tanto
532 3662 616 3716 Patre
631 3662 665 3716 de
686 3662 785 3718 heresi
800 3664 926 3719 damnati
966 3662 1086 3718 aliorum
1097 3664 1213 3718 Patrum
1227 3664 1309 3730 Vitis,
1322 3681 1383 3735 quae
1395 3664 1455 3719 sine
1465 3663 1575 3736 probati
1582 3663 1704 3720 auctoris
1713 3679 1766 3719 no·

128 3749 328 3804 affirmantur?
342 3748 503 3819 Respondet
516 3748 592 3804 idem
612 3751 743 3822 aloysius
757 3770 763 3804 :
781 3752 926 3809 Haeremus
965 3751 1041 3806 mine
1055 3768 1111 3806 non
1126 3752 1206 3807 facile
1220 3751 1426 3823 recipiebantur
1439 3753 1469 3808 in
1479 3752 1607 3809 Ecclesia
1617 3751 1762 3808 lectiones.

128 3842 204 3893 certe
218 3837 312 3892 hocin
327 3838 396 3903 loco,
414 3837 502 3891 lector
514 3839 721 3894 candidissime.
734 3840 793 3895 Etsi
802 3841 872 3896 illud
881 3858 925 3897 re-
1000 3840 1082 3896 Dices
1095 3841 1224 3912 septimo,
1235 3841 1369 3895 Melchior
1378 3841 1471 3896 Canus
1485 3840 1556 3896 libro
1570 3855 1601 3907 ιι,
1615 3858 1677 3912 cap.
1691 3840 1763 3908 aaa

128 3925 267 3997 spondere
285 3941 444 3996 possumus,
458 3925 560 3982 librum
582 3927 719 3983 duntaxat
734 3930 844 4000 Evagrii
859 3930 925 4001 limo
966 3929 1033 3985 locis
1047 3929 1230 4000 Theologicis,
1247 3945 1312 3984 acer
1324 3929 1488 4001 cumprimis
1500 3929 1634 3985 librorum
1650 3945 1761 3997 censor,

129 4013 243 4080 Rullini,
259 4018 292 4068 ut
302 4014 364 4084 jam
375 4013 456 4085 dixi),
467 4030 523 4069 non
537 4021 631 4071 autem
647 4017 755 4072 Paladii
765 4035 816 4088 per
829 4018 925 4073 divum
966 4018 1070 4074 Gelasii
1080 4019 1241 4073 testimonio
1252 4035 1349 4074 eorum
1359 4018 1565 4091 impudentiam
1571 4019 1704 4085 retundit,
1713 4019 1763 4092 qui

129 4103 334 4174 Hieronymum
353 4101 439 4157 luisse
457 4103 631 4159 damnatum.
646 4107 703 4160 Aut
725 4106 787 4161 illos
801 4107 924 4178 proiecto
965 4107 1438 4163 harumrerumauctorembeatum
1445 4108 1763 4180 Hieronymumpervul·

129 4192 243 4247 eosdem
256 4207 313 4246 non
336 4207 398 4275 esse
420 4191 469 4263 qui
490 4193 568 4248 stab
583 4194 702 4265 Evagrio
716 4199 745 4250 et
765 4212 783 4249 a
799 4195 925 4251 Palladio
964 4200 1077 4267 garant,
1092 4211 1162 4267 quas
1180 4212 1262 4251 nemo
1282 4195 1336 4250 nisi
1359 4195 1437 4252 rudis
1458 4201 1487 4251 et
1509 4196 1631 4266 elinguis
1653 4196 1761 4253 ederet.

128 4285 395 4345 commemorantur,
413 4281 462 4335 sed
481 4281 595 4337 omnino
609 4283 688 4337 elios.
712 4283 836 4354 Contigit
849 4284 925 4340 enim
965 4285 1144 4357 Respondeo:
1158 4284 1216 4339 Nec
1227 4300 1279 4339 nos
1292 4282 1374 4339 beato
1382 4283 1553 4356 Hieronymo
1563 4285 1764 4341 Vitaseasom·

129 4373 212 4440 (teste
234 4370 296 4441 ipso
320 4369 405 4425 etiam
420 4371 483 4426 divo
506 4371 678 4443 Hieronymo
690 4377 719 4427 et
730 4373 876 4428 Gennadio
890 4373 926 4429 de
966 4391 1016 4429 nes
1031 4390 1214 4445 arrogamus3
1229 4378 1256 4428 et
1273 4374 1420 4446 plerasque
1434 4374 1547 4429 rudiore
1562 4374 1609 4429 iilo
1623 4374 1763 4440 tartensi

128 4460 203 4515 Viris
217 4458 382 4530 illustribus)
396 4459 552 4530 complures
563 4465 674 4516 sanctos
688 4461 796 4529 Patres,
817 4449 957 4519 necnonl)
967 4462 1161 4519 Stridonensia
1175 4463 1298 4518 multitia
1311 4462 1506 4533 inspiciantur,
1526 4478 1583 4517 nou
1596 4462 1762 4518 diffitemur.

128 4549 280 4604 monachos
295 4552 325 4602 et
335 4548 527 4614 anachoretas,
543 4550 670 4619 ejusdem
692 4550 779 4605 fuisse
792 4552 924 4618 nominis,
967 4552 997 4607 Si
1013 4552 1105 4607 Canus
1117 4552 1199 4623 plura
1212 4551 1307 4617 voluit,
1335 4549 1416 4606 nobis
1437 4551 1493 4605 divi
1516 4551 1669 4618 Benedicti,
1693 4552 1764 4608 Cas-

129 4642 162 4691 ut
176 4636 205 4690 in
217 4636 346 4707 plurimis
357 4637 497 4704 Macariis,
512 4636 616 4705 Paulis,
625 4638 640 4691 J
642 4637 789 4706 oannibus,
800 4639 924 4708 isidoris,
966 4640 1080 4707 siodori,
1091 4640 1218 4711 Gregorii
1232 4640 1413 4708 Turonensis,
1423 4638 1600 4712 aliorumque
1610 4640 1764 4698 auctoritas

128 4724 263 4795 Evagriis,
279 4725 374 4781 videre
385 4726 459 4782 licet.
966 4730 1066 4801 potior.

164 4815 202 4868 At
218 4812 242 4867 si
256 4813 315 4867 haec
335 4815 479 4887 responsio
491 4814 544 4870 tibi
558 4831 614 4871 non
628 4814 774 4884 satisfacit,
789 4815 860 4871 nihil
873 4832 926 4872 no·
1002 4818 1084 4874 Dices
1091 4822 1198 4885 octavo,
1206 4818 1330 4873 Galenus
1344 4815 1763 4889 Westcapellius,:catech.215‚

128 4900 172 4957 bis
186 4901 336 4956 dicendum
350 4909 487 4973 superest,
502 4903 555 4959 nisi
565 4908 598 4959 ut
610 4902 710 4961 bissex
724 4905 847 4960 dimissis
857 4905 927 4961 alios
967 4907 1070 4964 librum
1085 4907 1214 4963 ilctitium
1229 4912 1319 4973 vocat,
1336 4907 1384 4978 qui
1400 4906 1572 4972 inscribitur,
1596 4907 1686 4962 nescit
1709 4923 1766 4979 qua

129 4991 223 5062 legere
244 5006 280 5045 nc
299 4990 433 5060 graveris.
449 4992 543 5064 Longe
563 4993 639 5048 enim
654 4990 727 5048 absit
745 4999 777 5049 ut
796 5009 857 5061 nos,
878 4994 926 5066 qui
966 4995 1160 5067 grammatica,
1173 4995 1252 5050 Vitas
1262 4997 1388 5051 Petrum.
1412 4995 1595 5068 Respondeo:
1618 4995 1682 5051 Non
1704 4995 1767 5053 uult

128 5084 189 5136 toto
200 5079 262 5134 vitae
277 5084 381 5134 nostre
395 5083 522 5151 tempore
535 5090 634 5138 contra
647 5082 792 5139 haereticos
810 5082 928 5139 desuda·
968 5084 1091 5139 Galeam
1105 5083 1208 5138 librum
1226 5084 1302 5139 bunc
1316 5082 1521 5149 ita-tlctitium,
1545 5083 1626 5155 quasi
1648 5083 1765 5139 omrduo

130 5168 230 5234 umus,
245 5167 365 5222 velimus
384 5183 459 5222 nunc
483 5168 627 5226 haereticos
648 5171 776 5227 homines
791 5171 821 5226 in
836 5173 928 5228 Eccle·
967 5175 1048 5228 lictus
1063 5173 1101 5227 sit
1107 5191 1113 5240 ;
1130 5173 1179 5226 sed
1194 5178 1304 5227 tantum
1320 5171 1360 5226 ita
1372 5178 1452 5226 vocat
1469 5171 1579 5228 ratione
1592 5171 1649 5227 divi
1662 5172 1765 5228 Hiero-

129 5257 201 5313 siam
215 5256 402 5312 introducere.
967 5262 1055 5336 nymi‚
1071 5262 1152 5334 cujus
1165 5262 1279 5318 titulum
1295 5261 1416 5335 praefert,
1431 5277 1496 5317 cum
1509 5263 1571 5333 ejus
1585 5261 1698 5328 nonsit,
1715 5261 1767 5318 scd

166 5346 334 5418 Quanquam
353 5345 377 5400 si
391 5361 425 5400 ex
438 5345 578 5417 predictis
592 5364 639 5402 sex
649 5348 716 5404 viris
725 5349 853 5406 nonnulli
870 5349 926 5407 diri
968 5351 1064 5408 fictitio
1075 5356 1103 5406 et
1116 5350 1256 5406 adscititio
1266 5351 1327 5424 ejus
1341 5351 1455 5407 nomine
1466 5350 1768 5416 vendicetur-euadat

128 5435 245 5490 Antonii
259 5434 388 5507 discipuli
409 5434 533 5502 fuerunt,
553 5437 577 5491 si
597 5437 685 5509 aliqui
706 5439 763 5495 divi
777 5440 883 5509 Basilii,
897 5445 927 5497 et
965 5441 1178 5512 grammaticam
1189 5441 1299 5509 attinet,
1312 5457 1368 5513 qua
1378 5440 1482 5498 dietum
1491 5441 1529 5498 sit
1541 5440 1621 5497 Vitas
1634 5440 1765 5509 Patrem,

129 5523 257 5597 Gregorii
271 5525 440 5581 Nazianzeni
454 5524 571 5595 alumni,
585 5526 610 5581 si
624 5543 735 5584 summa
749 5546 847 5586 omncs
862 5529 925 5587 rita
965 5531 1026 5587 vide
1044 5532 1261 5605 prolegomenon
1276 5530 1299 5588 l.

128 5614 276 5674 nonanta
284 5614 404 5689 prediti,
415 5619 445 5674 et
453 5615 554 5675 diuma
562 5615 778 5676 abansmatibus
786 5617 922 5693 insigniti,
