<?xml version="1.0" encoding="UTF-8"?>
<!DOCTYPE html PUBLIC "-//W3C//DTD XHTML 1.0 Transitional//EN"
    "http://www.w3.org/TR/xhtml1/DTD/xhtml1-transitional.dtd">
<html xmlns="http://www.w3.org/1999/xhtml" xml:lang="en" lang="en">
 <head>
  <title>
</title>
<meta http-equiv="Content-Type" content="text/html;charset=utf-8" />
  <meta name='ocr-system' content='tesseract 3.04.00' />
  <meta name='ocr-capabilities' content='ocr_page ocr_carea ocr_par ocr_line ocrx_word'/>
</head>
<body>
  <div class='ocr_page' id='page_1' title='image "./patrologiaecurs38unkngoog_0416.png"; bbox 0 0 3818 6120; ppageno 0'>
   <div class='ocr_carea' id='block_1_1' title="bbox 143 244 1783 313">
    <p class='ocr_par' dir='ltr' id='par_1_1' title="bbox 143 244 1783 313">
     <span class='ocr_line' id='line_1_1' title="bbox 143 244 1783 313; baseline 0.002 -7"><span class='ocrx_word' id='word_1_1' title='bbox 143 248 196 307; x_wconf 69' lang='lat'><strong>821</strong></span> <span class='ocrx_word' id='word_1_2' title='bbox 531 249 720 307; x_wconf 68' lang='lat' dir='ltr'><strong>moenera</strong></span> <span class='ocrx_word' id='word_1_3' title='bbox 738 249 787 307; x_wconf 79' lang='lat' dir='ltr'><strong>EX</strong></span> <span class='ocrx_word' id='word_1_4' title='bbox 805 249 945 308; x_wconf 72' lang='lat' dir='ltr'><strong>SEVERO</strong></span> <span class='ocrx_word' id='word_1_5' title='bbox 965 248 1133 308; x_wconf 76' lang='lat' dir='ltr'><strong>somnio</strong></span> <span class='ocrx_word' id='word_1_6' title='bbox 1149 247 1196 306; x_wconf 70' lang='lat' dir='ltr'>H</span> <span class='ocrx_word' id='word_1_7' title='bbox 1212 246 1399 305; x_wconf 67' lang='lat' dir='ltr'><strong>cassano.</strong></span> <span class='ocrx_word' id='word_1_8' title='bbox 1728 244 1783 313; x_wconf 68' lang='lat'><strong>822</strong></span> 
     </span>
    </p>
   </div>
   <div class='ocr_carea' id='block_1_2' title="bbox 134 371 1783 3661">
    <p class='ocr_par' dir='ltr' id='par_1_2' title="bbox 134 371 1783 3661">
     <span class='ocr_line' id='line_1_2' title="bbox 140 371 1783 449; baseline -0.001 -19"><span class='ocrx_word' id='word_1_9' title='bbox 140 375 617 444; x_wconf 82' lang='lat' dir='ltr'><strong>stremoilliusorationerevoeata,</strong></span> <span class='ocrx_word' id='word_1_10' title='bbox 631 375 783 448; x_wconf 88' lang='lat' dir='ltr'><strong>septimum</strong></span> <span class='ocrx_word' id='word_1_11' title='bbox 794 376 973 449; x_wconf 78' lang='lat' dir='ltr'><strong>postdiomA</strong></span> <span class='ocrx_word' id='word_1_12' title='bbox 982 376 1112 432; x_wconf 79' lang='lat' dir='ltr'><strong>mercede</strong></span> <span class='ocrx_word' id='word_1_13' title='bbox 1123 372 1372 431; x_wconf 84' lang='lat' dir='ltr'><strong>admonasterium</strong></span> <span class='ocrx_word' id='word_1_14' title='bbox 1391 371 1547 441; x_wconf 86' lang='lat' dir='ltr'><strong>redierunt,</strong></span> <span class='ocrx_word' id='word_1_15' title='bbox 1558 377 1587 428; x_wconf 91' lang='lat' dir='ltr'><strong>et</strong></span> <span class='ocrx_word' id='word_1_16' title='bbox 1596 372 1679 428; x_wconf 86' lang='lat' dir='ltr'><strong>tidem</strong></span> <span class='ocrx_word' id='word_1_17' title='bbox 1689 373 1783 429; x_wconf 87' lang='lat' dir='ltr'><strong>sancti</strong></span> 
     </span>
     <span class='ocr_line' id='line_1_3' title="bbox 141 462 1780 538; baseline -0.002 -18"><span class='ocrx_word' id='word_1_18' title='bbox 141 463 234 532; x_wconf 80' lang='lat' dir='ltr'><strong>auoit,</strong></span> <span class='ocrx_word' id='word_1_19' title='bbox 247 469 280 521; x_wconf 89' lang='lat' dir='ltr'><strong>ut</strong></span> <span class='ocrx_word' id='word_1_20' title='bbox 291 464 409 533; x_wconf 84' lang='lat' dir='ltr'><strong>solebat,</strong></span> <span class='ocrx_word' id='word_1_21' title='bbox 424 470 490 521; x_wconf 85' lang='lat' dir='ltr'><strong>anta</strong></span> <span class='ocrx_word' id='word_1_22' title='bbox 504 465 577 521; x_wconf 82' lang='lat' dir='ltr'><strong>lorea</strong></span> <span class='ocrx_word' id='word_1_23' title='bbox 596 466 727 522; x_wconf 88' lang='lat' dir='ltr'><strong>coenanti.</strong></span> <span class='ocrx_word' id='word_1_24' title='bbox 747 467 802 523; x_wconf 89' lang='lat' dir='ltr'><strong>Sed</strong></span> <span class='ocrx_word' id='word_1_25' title='bbox 816 472 849 521; x_wconf 92' lang='lat' dir='ltr'><strong>ut</strong></span> <span class='ocrx_word' id='word_1_26' title='bbox 862 466 944 523; x_wconf 83' lang='lat' dir='ltr'><strong>facile</strong></span> <span class='ocrx_word' id='word_1_27' title='bbox 982 465 1159 538; x_wconf 77' lang='lat' dir='ltr'><strong>gloriamque</strong></span> <span class='ocrx_word' id='word_1_28' title='bbox 1168 463 1272 520; x_wconf 83' lang='lat' dir='ltr'><strong>Christi</strong></span> <span class='ocrx_word' id='word_1_29' title='bbox 1280 478 1365 534; x_wconf 89' lang='lat' dir='ltr'><strong>quam</strong></span> <span class='ocrx_word' id='word_1_30' title='bbox 1372 462 1426 534; x_wconf 89' lang='lat' dir='ltr'><strong>ipsi</strong></span> <span class='ocrx_word' id='word_1_31' title='bbox 1435 462 1780 519; x_wconf 85' lang='lat' dir='ltr'><strong>viderantenerraveruut.</strong></span> 
     </span>
     <span class='ocr_line' id='line_1_4' title="bbox 140 552 1472 629; baseline -0.002 -21"><span class='ocrx_word' id='word_1_32' title='bbox 140 568 274 609; x_wconf 82' lang='lat' dir='ltr'><strong>cerneres</strong></span> <span class='ocrx_word' id='word_1_33' title='bbox 287 553 482 610; x_wconf 86' lang='lat' dir='ltr'><strong>verecundiam</strong></span> <span class='ocrx_word' id='word_1_34' title='bbox 496 555 667 627; x_wconf 87' lang='lat' dir='ltr'><strong>poenitentis,</strong></span> <span class='ocrx_word' id='word_1_35' title='bbox 685 572 739 611; x_wconf 92' lang='lat' dir='ltr'><strong>non</strong></span> <span class='ocrx_word' id='word_1_36' title='bbox 750 571 820 611; x_wconf 86' lang='lat' dir='ltr'><strong>ausa</strong></span> <span class='ocrx_word' id='word_1_37' title='bbox 828 556 943 629; x_wconf 90' lang='lat' dir='ltr'><strong>propius</strong></span> <span class='ocrx_word' id='word_1_38' title='bbox 1294 552 1410 610; x_wconf 86' lang='lat' dir='ltr'>CAPUT</span> <span class='ocrx_word' id='word_1_39' title='bbox 1423 553 1472 608; x_wconf 88' lang='lat' dir='ltr'><strong>IX.</strong></span> 
     </span>
     <span class='ocr_line' id='line_1_5' title="bbox 140 640 1780 716; baseline -0.002 -18"><span class='ocrx_word' id='word_1_40' title='bbox 140 643 285 710; x_wconf 82' lang='lat' dir='ltr'><strong>accedere,</strong></span> <span class='ocrx_word' id='word_1_41' title='bbox 297 643 414 715; x_wconf 87' lang='lat' dir='ltr'><strong>dejectis</strong></span> <span class='ocrx_word' id='word_1_42' title='bbox 428 645 566 716; x_wconf 86' lang='lat' dir='ltr'><strong>profundo</strong></span> <span class='ocrx_word' id='word_1_43' title='bbox 581 645 688 716; x_wconf 88' lang='lat' dir='ltr'><strong>pudore</strong></span> <span class='ocrx_word' id='word_1_44' title='bbox 700 644 730 700; x_wconf 93' lang='lat' dir='ltr'><strong>in</strong></span> <span class='ocrx_word' id='word_1_45' title='bbox 743 649 849 701; x_wconf 89' lang='lat' dir='ltr'><strong>terram</strong></span> <span class='ocrx_word' id='word_1_46' title='bbox 861 646 944 702; x_wconf 91' lang='lat' dir='ltr'><strong>lumi·</strong></span> <span class='ocrx_word' id='word_1_47' title='bbox 984 645 1081 700; x_wconf 79' lang='lat' dir='ltr'><strong>Frater</strong></span> <span class='ocrx_word' id='word_1_48' title='bbox 1090 643 1207 714; x_wconf 81' lang='lat' dir='ltr'><strong>quidem</strong></span> <span class='ocrx_word' id='word_1_49' title='bbox 1222 644 1300 698; x_wconf 69' lang='lat' dir='ltr'><strong>ibicis</strong></span> <span class='ocrx_word' id='word_1_50' title='bbox 1319 645 1438 710; x_wconf 82' lang='lat' dir='ltr'><strong>coempto</strong></span> <span class='ocrx_word' id='word_1_51' title='bbox 1450 643 1549 696; x_wconf 77' lang='lat' dir='ltr'><em>didicit</em></span> <span class='ocrx_word' id='word_1_52' title='bbox 1562 642 1630 711; x_wconf 83' lang='lat' dir='ltr'><strong>qaid</strong></span> <span class='ocrx_word' id='word_1_53' title='bbox 1645 642 1677 696; x_wconf 83' lang='lat' dir='ltr'><strong>dc</strong></span> <span class='ocrx_word' id='word_1_54' title='bbox 1690 640 1780 696; x_wconf 82' lang='lat' dir='ltr'><strong>herbis</strong></span> 
     </span>
     <span class='ocr_line' id='line_1_6' title="bbox 140 730 1613 805; baseline -0.003 -17"><span class='ocrx_word' id='word_1_55' title='bbox 140 731 237 798; x_wconf 89' lang='lat' dir='ltr'><strong>nibus,</strong></span> <span class='ocrx_word' id='word_1_56' title='bbox 245 732 320 805; x_wconf 90' lang='lat' dir='ltr'><strong>quod</strong></span> <span class='ocrx_word' id='word_1_57' title='bbox 326 733 420 805; x_wconf 85' lang='lat' dir='ltr'><strong>palem</strong></span> <span class='ocrx_word' id='word_1_58' title='bbox 427 732 529 788; x_wconf 89' lang='lat' dir='ltr'><strong>licebat</strong></span> <span class='ocrx_word' id='word_1_59' title='bbox 535 732 824 805; x_wconf 88' lang='lat' dir='ltr'><strong>intelligi,quemdam</strong></span> <span class='ocrx_word' id='word_1_60' title='bbox 832 736 943 791; x_wconf 90' lang='lat' dir='ltr'><strong>veniam</strong></span> <span class='ocrx_word' id='word_1_61' title='bbox 1146 730 1233 798; x_wconf 83' lang='lat' dir='ltr'><strong>edere,</strong></span> <span class='ocrx_word' id='word_1_62' title='bbox 1249 731 1348 800; x_wconf 83' lang='lat' dir='ltr'><strong>quidne</strong></span> <span class='ocrx_word' id='word_1_63' title='bbox 1362 745 1489 799; x_wconf 72' lang='lat' dir='ltr'><strong>respuere</strong></span> <span class='ocrx_word' id='word_1_64' title='bbox 1500 730 1613 784; x_wconf 84' lang='lat' dir='ltr'><strong>deberet.</strong></span> 
     </span>
     <span class='ocr_line' id='line_1_7' title="bbox 139 815 1781 892; baseline -0.002 -16"><span class='ocrx_word' id='word_1_65' title='bbox 139 820 321 892; x_wconf 74' lang='lat' dir='ltr'><strong>precabatur.</strong></span> <span class='ocrx_word' id='word_1_66' title='bbox 331 821 422 886; x_wconf 83' lang='lat' dir='ltr'><strong>Quem</strong></span> <span class='ocrx_word' id='word_1_67' title='bbox 432 820 508 877; x_wconf 88' lang='lat' dir='ltr'><strong>illiue</strong></span> <span class='ocrx_word' id='word_1_68' title='bbox 518 821 710 878; x_wconf 80' lang='lat' dir='ltr'><strong>contusionem</strong></span> <span class='ocrx_word' id='word_1_69' title='bbox 720 822 871 879; x_wconf 90' lang='lat' dir='ltr'><strong>miseratus</strong></span> <span class='ocrx_word' id='word_1_70' title='bbox 884 838 944 881; x_wconf 89' lang='lat' dir='ltr'><strong>ere-</strong></span> <span class='ocrx_word' id='word_1_71' title='bbox 1018 818 1084 875; x_wconf 87' lang='lat' dir='ltr'><strong>Fuit</strong></span> <span class='ocrx_word' id='word_1_72' title='bbox 1096 825 1125 875; x_wconf 93' lang='lat' dir='ltr'><strong>et</strong></span> <span class='ocrx_word' id='word_1_73' title='bbox 1136 820 1208 874; x_wconf 89' lang='lat' dir='ltr'><strong>alius</strong></span> <span class='ocrx_word' id='word_1_74' title='bbox 1218 819 1249 874; x_wconf 92' lang='lat' dir='ltr'><strong>in</strong></span> <span class='ocrx_word' id='word_1_75' title='bbox 1262 819 1318 874; x_wconf 91' lang='lat' dir='ltr'><strong>illis</strong></span> <span class='ocrx_word' id='word_1_76' title='bbox 1332 817 1493 889; x_wconf 79' lang='lat' dir='ltr'><strong>regionibus</strong></span> <span class='ocrx_word' id='word_1_77' title='bbox 1502 818 1681 884; x_wconf 75' lang='lat' dir='ltr'><strong>anachoreta,</strong></span> <span class='ocrx_word' id='word_1_78' title='bbox 1692 816 1741 888; x_wconf 91' lang='lat' dir='ltr'><strong>qui</strong></span> <span class='ocrx_word' id='word_1_79' title='bbox 1751 815 1781 872; x_wconf 89' lang='lat' dir='ltr'><strong>in</strong></span> 
     </span>
     <span class='ocr_line' id='line_1_8' title="bbox 139 905 1778 983; baseline -0.002 -17"><span class='ocrx_word' id='word_1_80' title='bbox 139 909 223 977; x_wconf 88' lang='lat' dir='ltr'><strong>mita,</strong></span> <span class='ocrx_word' id='word_1_81' title='bbox 237 909 320 982; x_wconf 88' lang='lat' dir='ltr'><strong>jubet</strong></span> <span class='ocrx_word' id='word_1_82' title='bbox 335 926 399 965; x_wconf 90' lang='lat' dir='ltr'><strong>eam</strong></span> <span class='ocrx_word' id='word_1_83' title='bbox 411 910 526 983; x_wconf 87' lang='lat' dir='ltr'><strong>propius</strong></span> <span class='ocrx_word' id='word_1_84' title='bbox 539 911 681 979; x_wconf 80' lang='lat' dir='ltr'><strong>accedere,</strong></span> <span class='ocrx_word' id='word_1_85' title='bbox 693 926 727 968; x_wconf 88' lang='lat' dir='ltr'><strong>ac</strong></span> <span class='ocrx_word' id='word_1_86' title='bbox 740 927 827 967; x_wconf 86' lang='lat' dir='ltr'><strong>manu</strong></span> <span class='ocrx_word' id='word_1_87' title='bbox 840 911 943 968; x_wconf 89' lang='lat' dir='ltr'><strong>blanda</strong></span> <span class='ocrx_word' id='word_1_88' title='bbox 983 923 1017 964; x_wconf 86' lang='lat' dir='ltr'><strong>ee</strong></span> <span class='ocrx_word' id='word_1_89' title='bbox 1029 913 1120 980; x_wconf 90' lang='lat' dir='ltr'><strong>parte,</strong></span> <span class='ocrx_word' id='word_1_90' title='bbox 1135 925 1196 980; x_wconf 81' lang='lat' dir='ltr'><strong>quoe</strong></span> <span class='ocrx_word' id='word_1_91' title='bbox 1212 914 1255 964; x_wconf 86' lang='lat' dir='ltr'><strong>est</strong></span> <span class='ocrx_word' id='word_1_92' title='bbox 1269 909 1384 981; x_wconf 86' lang='lat' dir='ltr'><strong>Syenes,</strong></span> <span class='ocrx_word' id='word_1_93' title='bbox 1400 906 1545 962; x_wconf 79' lang='lat' dir='ltr'><strong>habitabat</strong></span> <span class='ocrx_word' id='word_1_94' title='bbox 1555 905 1778 976; x_wconf 81' lang='lat' dir='ltr'><strong>(SeuerusSulp.,</strong></span> 
     </span>
     <span class='ocr_line' id='line_1_9' title="bbox 139 996 1780 1073; baseline -0.002 -19"><span class='ocrx_word' id='word_1_95' title='bbox 139 1004 228 1072; x_wconf 84' lang='lat' dir='ltr'><strong>eaput</strong></span> <span class='ocrx_word' id='word_1_96' title='bbox 240 999 322 1055; x_wconf 86' lang='lat' dir='ltr'><strong>triete</strong></span> <span class='ocrx_word' id='word_1_97' title='bbox 331 999 487 1072; x_wconf 83' lang='lat' dir='ltr'><strong>permulcet</strong></span> <span class='ocrx_word' id='word_1_98' title='bbox 498 1019 505 1068; x_wconf 89' lang='lat'>;</span> <span class='ocrx_word' id='word_1_99' title='bbox 517 1000 618 1056; x_wconf 90' lang='lat' dir='ltr'><strong>deinde</strong></span> <span class='ocrx_word' id='word_1_100' title='bbox 628 1016 700 1072; x_wconf 86' lang='lat' dir='ltr'><strong>pane</strong></span> <span class='ocrx_word' id='word_1_101' title='bbox 710 1001 852 1073; x_wconf 90' lang='lat' dir='ltr'><strong>duplicato</strong></span> <span class='ocrx_word' id='word_1_102' title='bbox 863 1019 941 1058; x_wconf 86' lang='lat' dir='ltr'><strong>ream</strong></span> <span class='ocrx_word' id='word_1_103' title='bbox 983 999 1092 1067; x_wconf 71' lang='lat' dir='ltr'><strong>dialogo</strong></span> <span class='ocrx_word' id='word_1_104' title='bbox 1105 997 1133 1063; x_wconf 88' lang='lat' dir='ltr'><strong>l,</strong></span> <span class='ocrx_word' id='word_1_105' title='bbox 1146 1015 1170 1052; x_wconf 88' lang='lat' dir='ltr'><strong>c.</strong></span> <span class='ocrx_word' id='word_1_106' title='bbox 1189 996 1242 1066; x_wconf 84' lang='lat' dir='ltr'><strong>to).</strong></span> <span class='ocrx_word' id='word_1_107' title='bbox 1258 997 1310 1052; x_wconf 91' lang='lat' dir='ltr'><strong>Hic</strong></span> <span class='ocrx_word' id='word_1_108' title='bbox 1324 1014 1388 1052; x_wconf 90' lang='lat' dir='ltr'><strong>cum</strong></span> <span class='ocrx_word' id='word_1_109' title='bbox 1403 998 1527 1068; x_wconf 88' lang='lat' dir='ltr'><strong>primum</strong></span> <span class='ocrx_word' id='word_1_110' title='bbox 1540 1013 1570 1051; x_wconf 91' lang='lat' dir='ltr'><strong>se</strong></span> <span class='ocrx_word' id='word_1_111' title='bbox 1593 996 1629 1050; x_wconf 89' lang='lat' dir='ltr'><strong>ad</strong></span> <span class='ocrx_word' id='word_1_112' title='bbox 1653 1011 1780 1051; x_wconf 87' lang='lat' dir='ltr'><strong>eremum</strong></span> 
     </span>
     <span class='ocr_line' id='line_1_10' title="bbox 139 1085 1777 1160; baseline 0.004 -16"><span class='ocrx_word' id='word_1_113' title='bbox 139 1105 224 1144; x_wconf 85' lang='lat' dir='ltr'><strong>suam</strong></span> <span class='ocrx_word' id='word_1_114' title='bbox 242 1088 357 1145; x_wconf 81' lang='lat' dir='ltr'><strong>reiecit:</strong></span> <span class='ocrx_word' id='word_1_115' title='bbox 384 1089 428 1144; x_wconf 89' lang='lat' dir='ltr'><strong>ita</strong></span> <span class='ocrx_word' id='word_1_116' title='bbox 448 1088 653 1160; x_wconf 81' lang='lat' dir='ltr'><strong>indulgentiam</strong></span> <span class='ocrx_word' id='word_1_117' title='bbox 675 1096 834 1159; x_wconf 89' lang='lat' dir='ltr'><strong>consecuta,</strong></span> <span class='ocrx_word' id='word_1_118' title='bbox 856 1091 943 1148; x_wconf 84' lang='lat' dir='ltr'><strong>officii</strong></span> <span class='ocrx_word' id='word_1_119' title='bbox 983 1090 1079 1152; x_wconf 74' lang='lat'><strong>544</strong></span> <span class='ocrx_word' id='word_1_120' title='bbox 1093 1087 1267 1154; x_wconf 60' lang='lat' dir='ltr'><strong>⁰011t¹111880b</strong></span> <span class='ocrx_word' id='word_1_121' title='bbox 1287 1086 1382 1141; x_wconf 67' lang='lat' dir='ltr'><strong>herbis</strong></span> <span class='ocrx_word' id='word_1_122' title='bbox 1398 1085 1608 1156; x_wconf 62' lang='lat' dir='ltr'><strong>herbarumque</strong></span> <span class='ocrx_word' id='word_1_123' title='bbox 1629 1085 1777 1151; x_wconf 60' lang='lat' dir='ltr'><strong>radicibus.</strong></span> 
     </span>
     <span class='ocr_line' id='line_1_11' title="bbox 139 1175 1780 1252; baseline -0.002 -19"><span class='ocrx_word' id='word_1_124' title='bbox 139 1178 373 1234; x_wconf 85' lang='lat' dir='ltr'><strong>consuetudinem</strong></span> <span class='ocrx_word' id='word_1_125' title='bbox 381 1178 508 1251; x_wconf 89' lang='lat' dir='ltr'><strong>deposito</strong></span> <span class='ocrx_word' id='word_1_126' title='bbox 517 1195 637 1235; x_wconf 87' lang='lat' dir='ltr'><strong>moerore</strong></span> <span class='ocrx_word' id='word_1_127' title='bbox 649 1181 798 1252; x_wconf 80' lang='lat' dir='ltr'><strong>reperavit.</strong></span> <span class='ocrx_word' id='word_1_128' title='bbox 807 1181 942 1236; x_wconf 89' lang='lat' dir='ltr'><strong>Intuemi·</strong></span> <span class='ocrx_word' id='word_1_129' title='bbox 983 1191 1053 1248; x_wconf 88' lang='lat' dir='ltr'><strong>quae</strong></span> <span class='ocrx_word' id='word_1_130' title='bbox 1066 1176 1213 1247; x_wconf 70' lang='lat' dir='ltr'><strong>predulcis</strong></span> <span class='ocrx_word' id='word_1_131' title='bbox 1227 1176 1370 1232; x_wconf 89' lang='lat' dir='ltr'><strong>interdum</strong></span> <span class='ocrx_word' id='word_1_132' title='bbox 1383 1183 1412 1231; x_wconf 92' lang='lat' dir='ltr'><strong>et</strong></span> <span class='ocrx_word' id='word_1_133' title='bbox 1422 1175 1531 1248; x_wconf 90' lang='lat' dir='ltr'><strong>saporis</strong></span> <span class='ocrx_word' id='word_1_134' title='bbox 1541 1175 1638 1231; x_wconf 88' lang='lat' dir='ltr'><strong>eximii</strong></span> <span class='ocrx_word' id='word_1_135' title='bbox 1651 1175 1706 1230; x_wconf 86' lang='lat' dir='ltr'><strong>fert</strong></span> <span class='ocrx_word' id='word_1_136' title='bbox 1720 1191 1780 1230; x_wconf 90' lang='lat' dir='ltr'><strong>are·</strong></span> 
     </span>
     <span class='ocr_line' id='line_1_12' title="bbox 138 1263 1781 1337; baseline -0.001 -18"><span class='ocrx_word' id='word_1_137' title='bbox 138 1263 180 1330; x_wconf 91' lang='lat' dir='ltr'><strong>ni,</strong></span> <span class='ocrx_word' id='word_1_138' title='bbox 197 1279 303 1336; x_wconf 79' lang='lat' dir='ltr'><strong>quaeso,</strong></span> <span class='ocrx_word' id='word_1_139' title='bbox 320 1264 424 1320; x_wconf 78' lang='lat' dir='ltr'><strong>christi</strong></span> <span class='ocrx_word' id='word_1_140' title='bbox 435 1265 520 1320; x_wconf 89' lang='lat' dir='ltr'><strong>etiam</strong></span> <span class='ocrx_word' id='word_1_141' title='bbox 533 1264 564 1320; x_wconf 93' lang='lat' dir='ltr'><strong>in</strong></span> <span class='ocrx_word' id='word_1_142' title='bbox 575 1266 628 1321; x_wconf 88' lang='lat' dir='ltr'><strong>hac</strong></span> <span class='ocrx_word' id='word_1_143' title='bbox 642 1270 723 1337; x_wconf 84' lang='lat' dir='ltr'><strong>parto</strong></span> <span class='ocrx_word' id='word_1_144' title='bbox 739 1266 882 1335; x_wconf 90' lang='lat' dir='ltr'><strong>virtutem,</strong></span> <span class='ocrx_word' id='word_1_145' title='bbox 897 1267 942 1323; x_wconf 91' lang='lat' dir='ltr'><strong>cui</strong></span> <span class='ocrx_word' id='word_1_146' title='bbox 982 1280 1028 1329; x_wconf 90' lang='lat' dir='ltr'><strong>na,</strong></span> <span class='ocrx_word' id='word_1_147' title='bbox 1046 1264 1179 1332; x_wconf 89' lang='lat' dir='ltr'><strong>victurus,</strong></span> <span class='ocrx_word' id='word_1_148' title='bbox 1197 1265 1314 1336; x_wconf 89' lang='lat' dir='ltr'><strong>ignarus</strong></span> <span class='ocrx_word' id='word_1_149' title='bbox 1325 1263 1460 1336; x_wconf 82' lang='lat' dir='ltr'><strong>germinis</strong></span> <span class='ocrx_word' id='word_1_150' title='bbox 1474 1264 1605 1336; x_wconf 88' lang='lat' dir='ltr'><strong>eligendi,</strong></span> <span class='ocrx_word' id='word_1_151' title='bbox 1618 1264 1781 1335; x_wconf 80' lang='lat' dir='ltr'><strong>nociveple</strong></span> 
     </span>
     <span class='ocr_line' id='line_1_13' title="bbox 138 1351 1781 1428; baseline -0.001 -20"><span class='ocrx_word' id='word_1_152' title='bbox 138 1351 216 1425; x_wconf 91' lang='lat' dir='ltr'><strong>sapit</strong></span> <span class='ocrx_word' id='word_1_153' title='bbox 223 1369 307 1408; x_wconf 91' lang='lat' dir='ltr'><strong>omne</strong></span> <span class='ocrx_word' id='word_1_154' title='bbox 315 1353 391 1424; x_wconf 92' lang='lat' dir='ltr'><strong>quod</strong></span> <span class='ocrx_word' id='word_1_155' title='bbox 400 1352 514 1409; x_wconf 80' lang='lat' dir='ltr'><strong>brutum</strong></span> <span class='ocrx_word' id='word_1_156' title='bbox 524 1359 576 1421; x_wconf 89' lang='lat' dir='ltr'><strong>est,</strong></span> <span class='ocrx_word' id='word_1_157' title='bbox 589 1355 634 1410; x_wconf 91' lang='lat' dir='ltr'><strong>cui</strong></span> <span class='ocrx_word' id='word_1_158' title='bbox 645 1355 714 1410; x_wconf 87' lang='lat' dir='ltr'><strong>mite</strong></span> <span class='ocrx_word' id='word_1_159' title='bbox 724 1359 766 1410; x_wconf 89' lang='lat' dir='ltr'><strong>est</strong></span> <span class='ocrx_word' id='word_1_160' title='bbox 777 1371 859 1411; x_wconf 89' lang='lat' dir='ltr'><strong>omne</strong></span> <span class='ocrx_word' id='word_1_161' title='bbox 866 1357 941 1428; x_wconf 93' lang='lat' dir='ltr'><strong>quod</strong></span> <span class='ocrx_word' id='word_1_162' title='bbox 981 1369 1101 1425; x_wconf 89' lang='lat' dir='ltr'><strong>rumque</strong></span> <span class='ocrx_word' id='word_1_163' title='bbox 1108 1360 1254 1425; x_wconf 87' lang='lat' dir='ltr'><strong>carpebat;</strong></span> <span class='ocrx_word' id='word_1_164' title='bbox 1265 1371 1318 1409; x_wconf 91' lang='lat' dir='ltr'><strong>nec</strong></span> <span class='ocrx_word' id='word_1_165' title='bbox 1328 1359 1390 1409; x_wconf 89' lang='lat' dir='ltr'><strong>erat</strong></span> <span class='ocrx_word' id='word_1_166' title='bbox 1396 1353 1537 1409; x_wconf 81' lang='lat' dir='ltr'><strong>sacssevim</strong></span> <span class='ocrx_word' id='word_1_167' title='bbox 1544 1354 1671 1408; x_wconf 91' lang='lat' dir='ltr'><strong>radicum</strong></span> <span class='ocrx_word' id='word_1_168' title='bbox 1681 1369 1781 1424; x_wconf 88' lang='lat' dir='ltr'><strong>sopore</strong></span> 
     </span>
     <span class='ocr_line' id='line_1_14' title="bbox 139 1441 1781 1516; baseline 0 -20"><span class='ocrx_word' id='word_1_169' title='bbox 139 1443 238 1497; x_wconf 71' lang='lat' dir='ltr'><strong>saevit:</strong></span> <span class='ocrx_word' id='word_1_170' title='bbox 255 1441 321 1516; x_wconf 89' lang='lat' dir='ltr'><strong>lupa</strong></span> <span class='ocrx_word' id='word_1_171' title='bbox 340 1442 463 1499; x_wconf 76' lang='lat' dir='ltr'><strong>officium</strong></span> <span class='ocrx_word' id='word_1_172' title='bbox 482 1447 608 1515; x_wconf 79' lang='lat' dir='ltr'><strong>praestat,</strong></span> <span class='ocrx_word' id='word_1_173' title='bbox 632 1442 723 1499; x_wconf 90' lang='lat' dir='ltr'><strong>bestia</strong></span> <span class='ocrx_word' id='word_1_174' title='bbox 744 1444 813 1499; x_wconf 80' lang='lat' dir='ltr'><strong>fisrti</strong></span> <span class='ocrx_word' id='word_1_175' title='bbox 833 1446 941 1501; x_wconf 85' lang='lat' dir='ltr'><strong>crimen</strong></span> <span class='ocrx_word' id='word_1_176' title='bbox 982 1441 1148 1509; x_wconf 90' lang='lat' dir='ltr'><strong>discernere,</strong></span> <span class='ocrx_word' id='word_1_177' title='bbox 1169 1443 1235 1514; x_wconf 89' lang='lat' dir='ltr'><strong>quia</strong></span> <span class='ocrx_word' id='word_1_178' title='bbox 1253 1443 1348 1498; x_wconf 93' lang='lat' dir='ltr'><strong>omnie</strong></span> <span class='ocrx_word' id='word_1_179' title='bbox 1370 1459 1448 1514; x_wconf 90' lang='lat' dir='ltr'><strong>aeque</strong></span> <span class='ocrx_word' id='word_1_180' title='bbox 1463 1443 1565 1511; x_wconf 90' lang='lat' dir='ltr'><strong>dulcia,</strong></span> <span class='ocrx_word' id='word_1_181' title='bbox 1583 1442 1632 1497; x_wconf 90' lang='lat' dir='ltr'><strong>sed</strong></span> <span class='ocrx_word' id='word_1_182' title='bbox 1647 1441 1781 1514; x_wconf 86' lang='lat' dir='ltr'><strong>pleraque</strong></span> 
     </span>
     <span class='ocr_line' id='line_1_15' title="bbox 138 1529 1780 1604; baseline -0.001 -18"><span class='ocrx_word' id='word_1_183' title='bbox 138 1531 278 1601; x_wconf 83' lang='lat' dir='ltr'><strong>agnoscit,</strong></span> <span class='ocrx_word' id='word_1_184' title='bbox 295 1531 362 1604; x_wconf 90' lang='lat' dir='ltr'><strong>lupa</strong></span> <span class='ocrx_word' id='word_1_185' title='bbox 376 1531 487 1587; x_wconf 90' lang='lat' dir='ltr'><strong>conscio</strong></span> <span class='ocrx_word' id='word_1_186' title='bbox 500 1532 608 1603; x_wconf 92' lang='lat' dir='ltr'><strong>pudore</strong></span> <span class='ocrx_word' id='word_1_187' title='bbox 621 1531 802 1589; x_wconf 81' lang='lat' dir='ltr'><strong>contunditur</strong></span> <span class='ocrx_word' id='word_1_188' title='bbox 816 1551 822 1587; x_wconf 90' lang='lat'>:</span> <span class='ocrx_word' id='word_1_189' title='bbox 842 1540 942 1590; x_wconf 69' lang='lat' dir='ltr'><strong>rocam</strong></span> <span class='ocrx_word' id='word_1_190' title='bbox 981 1529 1132 1584; x_wconf 86' lang='lat' dir='ltr'><strong>occultiore</strong></span> <span class='ocrx_word' id='word_1_191' title='bbox 1141 1536 1243 1585; x_wconf 90' lang='lat' dir='ltr'><strong>natura</strong></span> <span class='ocrx_word' id='word_1_192' title='bbox 1252 1547 1327 1585; x_wconf 85' lang='lat' dir='ltr'><strong>virus</strong></span> <span class='ocrx_word' id='word_1_193' title='bbox 1335 1531 1438 1585; x_wconf 90' lang='lat' dir='ltr'><strong>lethale</strong></span> <span class='ocrx_word' id='word_1_194' title='bbox 1447 1529 1624 1586; x_wconf 89' lang='lat' dir='ltr'><strong>cohibebant.</strong></span> <span class='ocrx_word' id='word_1_195' title='bbox 1634 1531 1704 1586; x_wconf 83' lang='lat' dir='ltr'><strong>Cum</strong></span> <span class='ocrx_word' id='word_1_196' title='bbox 1713 1547 1780 1602; x_wconf 88' lang='lat' dir='ltr'><strong>ergo</strong></span> 
     </span>
     <span class='ocr_line' id='line_1_16' title="bbox 138 1617 1781 1693; baseline 0 -19"><span class='ocrx_word' id='word_1_197' title='bbox 138 1619 231 1687; x_wconf 72' lang='lat' dir='ltr'><strong>adest,</strong></span> <span class='ocrx_word' id='word_1_198' title='bbox 249 1625 332 1693; x_wconf 85' lang='lat' dir='ltr'><strong>caput</strong></span> <span class='ocrx_word' id='word_1_199' title='bbox 346 1619 469 1693; x_wconf 82' lang='lat' dir='ltr'><strong>praebet3</strong></span> <span class='ocrx_word' id='word_1_200' title='bbox 486 1625 515 1679; x_wconf 89' lang='lat' dir='ltr'><strong>et</strong></span> <span class='ocrx_word' id='word_1_201' title='bbox 535 1620 621 1676; x_wconf 89' lang='lat' dir='ltr'><strong>habet</strong></span> <span class='ocrx_word' id='word_1_202' title='bbox 632 1637 747 1678; x_wconf 86' lang='lat' dir='ltr'><strong>sensum</strong></span> <span class='ocrx_word' id='word_1_203' title='bbox 761 1622 877 1678; x_wconf 72' lang='lat' dir='ltr'><strong>indulta</strong></span> <span class='ocrx_word' id='word_1_204' title='bbox 886 1623 940 1680; x_wconf 74' lang='lat' dir='ltr'><strong>albi</strong></span> <span class='ocrx_word' id='word_1_205' title='bbox 981 1617 1111 1673; x_wconf 88' lang='lat' dir='ltr'><strong>edentem</strong></span> <span class='ocrx_word' id='word_1_206' title='bbox 1125 1619 1166 1674; x_wconf 89' lang='lat' dir='ltr'><strong>vis</strong></span> <span class='ocrx_word' id='word_1_207' title='bbox 1180 1618 1294 1675; x_wconf 86' lang='lat' dir='ltr'><strong>interna</strong></span> <span class='ocrx_word' id='word_1_208' title='bbox 1311 1624 1457 1691; x_wconf 88' lang='lat' dir='ltr'><strong>torqueret</strong></span> <span class='ocrx_word' id='word_1_209' title='bbox 1473 1625 1502 1674; x_wconf 87' lang='lat' dir='ltr'><strong>et</strong></span> <span class='ocrx_word' id='word_1_210' title='bbox 1517 1619 1662 1675; x_wconf 85' lang='lat' dir='ltr'><strong>immensis</strong></span> <span class='ocrx_word' id='word_1_211' title='bbox 1679 1619 1781 1674; x_wconf 92' lang='lat' dir='ltr'><strong>dolori·</strong></span> 
     </span>
     <span class='ocr_line' id='line_1_17' title="bbox 138 1696 1781 1783; baseline 0.007 -21"><span class='ocrx_word' id='word_1_212' title='bbox 138 1709 238 1776; x_wconf 73' lang='lat' dir='ltr'><strong>vena,</strong></span> <span class='ocrx_word' id='word_1_213' title='bbox 259 1708 331 1764; x_wconf 73' lang='lat' dir='ltr'><strong>stcut</strong></span> <span class='ocrx_word' id='word_1_214' title='bbox 344 1709 479 1781; x_wconf 77' lang='lat' dir='ltr'><strong>pudorem</strong></span> <span class='ocrx_word' id='word_1_215' title='bbox 494 1710 582 1783; x_wconf 80' lang='lat' dir='ltr'><strong>gessit</strong></span> <span class='ocrx_word' id='word_1_216' title='bbox 592 1711 689 1769; x_wconf 75' lang='lat' dir='ltr'><strong>emti.</strong></span> <span class='ocrx_word' id='word_1_217' title='bbox 700 1711 829 1768; x_wconf 80' lang='lat' dir='ltr'><strong>Tuahaec</strong></span> <span class='ocrx_word' id='word_1_218' title='bbox 840 1696 972 1783; x_wconf 76' lang='lat' dir='ltr'><strong>vinus,B</strong></span> <span class='ocrx_word' id='word_1_219' title='bbox 983 1705 1140 1762; x_wconf 80' lang='lat' dir='ltr'><strong>busvitalia</strong></span> <span class='ocrx_word' id='word_1_220' title='bbox 1151 1708 1281 1764; x_wconf 82' lang='lat' dir='ltr'><strong>universa</strong></span> <span class='ocrx_word' id='word_1_221' title='bbox 1295 1713 1488 1780; x_wconf 75' lang='lat' dir='ltr'><strong>quaterentur,</strong></span> <span class='ocrx_word' id='word_1_222' title='bbox 1504 1708 1677 1780; x_wconf 69' lang='lat' dir='ltr'><strong>coaequans</strong></span> <span class='ocrx_word' id='word_1_223' title='bbox 1693 1708 1781 1763; x_wconf 85' lang='lat' dir='ltr'><strong>vomi·</strong></span> 
     </span>
     <span class='ocr_line' id='line_1_18' title="bbox 139 1792 1779 1869; baseline -0.001 -16"><span class='ocrx_word' id='word_1_224' title='bbox 139 1796 272 1866; x_wconf 75' lang='lat' dir='ltr'><strong>Christe,</strong></span> <span class='ocrx_word' id='word_1_225' title='bbox 295 1803 345 1854; x_wconf 89' lang='lat' dir='ltr'><strong>tua</strong></span> <span class='ocrx_word' id='word_1_226' title='bbox 358 1798 418 1854; x_wconf 82' lang='lat' dir='ltr'><strong>hoec</strong></span> <span class='ocrx_word' id='word_1_227' title='bbox 431 1804 506 1866; x_wconf 91' lang='lat' dir='ltr'><strong>sunt,</strong></span> <span class='ocrx_word' id='word_1_228' title='bbox 523 1799 644 1868; x_wconf 81' lang='lat' dir='ltr'><strong>Christe,</strong></span> <span class='ocrx_word' id='word_1_229' title='bbox 661 1799 806 1856; x_wconf 89' lang='lat' dir='ltr'><strong>miracula.</strong></span> <span class='ocrx_word' id='word_1_230' title='bbox 828 1800 940 1858; x_wconf 83' lang='lat' dir='ltr'><strong>Etenim</strong></span> <span class='ocrx_word' id='word_1_231' title='bbox 981 1799 1028 1851; x_wconf 90' lang='lat' dir='ltr'><strong>tus</strong></span> <span class='ocrx_word' id='word_1_232' title='bbox 1046 1795 1216 1852; x_wconf 87' lang='lat' dir='ltr'><strong>cruciatibus</strong></span> <span class='ocrx_word' id='word_1_233' title='bbox 1234 1813 1291 1853; x_wconf 92' lang='lat' dir='ltr'><strong>non</strong></span> <span class='ocrx_word' id='word_1_234' title='bbox 1306 1796 1428 1852; x_wconf 88' lang='lat' dir='ltr'><strong>ferendis</strong></span> <span class='ocrx_word' id='word_1_235' title='bbox 1446 1792 1540 1869; x_wconf 65' lang='lat' dir='ltr'><strong>ipsam*</strong></span> <span class='ocrx_word' id='word_1_236' title='bbox 1559 1796 1659 1852; x_wconf 85' lang='lat' dir='ltr'><strong>animae</strong></span> <span class='ocrx_word' id='word_1_237' title='bbox 1673 1796 1779 1864; x_wconf 89' lang='lat' dir='ltr'><strong>sedem,</strong></span> 
     </span>
     <span class='ocr_line' id='line_1_19' title="bbox 139 1884 1782 1961; baseline 0.003 -25"><span class='ocrx_word' id='word_1_238' title='bbox 139 1902 203 1958; x_wconf 79' lang='lat' dir='ltr'><strong>quae</strong></span> <span class='ocrx_word' id='word_1_239' title='bbox 212 1885 243 1942; x_wconf 90' lang='lat' dir='ltr'><strong>in</strong></span> <span class='ocrx_word' id='word_1_240' title='bbox 257 1890 306 1943; x_wconf 83' lang='lat' dir='ltr'><strong>tuo</strong></span> <span class='ocrx_word' id='word_1_241' title='bbox 316 1888 430 1944; x_wconf 78' lang='lat' dir='ltr'><strong>nomine</strong></span> <span class='ocrx_word' id='word_1_242' title='bbox 439 1892 593 1961; x_wconf 76' lang='lat' dir='ltr'><strong>operantur</strong></span> <span class='ocrx_word' id='word_1_243' title='bbox 601 1888 675 1944; x_wconf 71' lang='lat' dir='ltr'><strong>servi</strong></span> <span class='ocrx_word' id='word_1_244' title='bbox 686 1889 739 1955; x_wconf 76' lang='lat' dir='ltr'><strong>tui,</strong></span> <span class='ocrx_word' id='word_1_245' title='bbox 754 1894 806 1946; x_wconf 69' lang='lat' dir='ltr'><strong>tua</strong></span> <span class='ocrx_word' id='word_1_246' title='bbox 815 1891 941 1947; x_wconf 65' lang='lat' dir='ltr'><strong>gummi.</strong></span> <span class='ocrx_word' id='word_1_247' title='bbox 981 1884 1128 1940; x_wconf 85' lang='lat' dir='ltr'><strong>stomacho</strong></span> <span class='ocrx_word' id='word_1_248' title='bbox 1140 1885 1201 1956; x_wconf 86' lang='lat' dir='ltr'><strong>jam</strong></span> <span class='ocrx_word' id='word_1_249' title='bbox 1208 1885 1365 1955; x_wconf 82' lang='lat' dir='ltr'><strong>fatiscente,</strong></span> <span class='ocrx_word' id='word_1_250' title='bbox 1376 1885 1549 1952; x_wconf 77' lang='lat' dir='ltr'><strong>dissolveret,</strong></span> <span class='ocrx_word' id='word_1_251' title='bbox 1558 1887 1677 1942; x_wconf 90' lang='lat' dir='ltr'><strong>eremite</strong></span> <span class='ocrx_word' id='word_1_252' title='bbox 1685 1885 1782 1942; x_wconf 87' lang='lat' dir='ltr'><strong>omnia</strong></span> 
     </span>
     <span class='ocr_line' id='line_1_20' title="bbox 138 1972 1782 2052; baseline 0 -21"><span class='ocrx_word' id='word_1_253' title='bbox 138 1973 259 2044; x_wconf 81' lang='lat' dir='ltr'><strong>rabilia3</strong></span> <span class='ocrx_word' id='word_1_254' title='bbox 274 1981 304 2032; x_wconf 90' lang='lat' dir='ltr'><strong>et</strong></span> <span class='ocrx_word' id='word_1_255' title='bbox 317 1975 346 2031; x_wconf 93' lang='lat' dir='ltr'><strong>in</strong></span> <span class='ocrx_word' id='word_1_256' title='bbox 360 1976 412 2032; x_wconf 91' lang='lat' dir='ltr'><strong>hoc</strong></span> <span class='ocrx_word' id='word_1_257' title='bbox 425 1975 646 2050; x_wconf 88' lang='lat' dir='ltr'><strong>ingemiscimus,</strong></span> <span class='ocrx_word' id='word_1_258' title='bbox 668 1977 743 2049; x_wconf 90' lang='lat' dir='ltr'><strong>quod</strong></span> <span class='ocrx_word' id='word_1_259' title='bbox 762 1981 940 2052; x_wconf 87' lang='lat' dir='ltr'><strong>majestatem</strong></span> <span class='ocrx_word' id='word_1_260' title='bbox 981 1972 1095 2044; x_wconf 86' lang='lat' dir='ltr'><strong>penitus</strong></span> <span class='ocrx_word' id='word_1_261' title='bbox 1109 1990 1171 2046; x_wconf 80' lang='lat' dir='ltr'><strong>quae</strong></span> <span class='ocrx_word' id='word_1_262' title='bbox 1185 1980 1279 2031; x_wconf 88' lang='lat' dir='ltr'><strong>essent</strong></span> <span class='ocrx_word' id='word_1_263' title='bbox 1294 1975 1402 2031; x_wconf 86' lang='lat' dir='ltr'><strong>edenda</strong></span> <span class='ocrx_word' id='word_1_264' title='bbox 1413 1975 1577 2044; x_wconf 79' lang='lat' dir='ltr'><strong>formidans,</strong></span> <span class='ocrx_word' id='word_1_265' title='bbox 1592 1975 1663 2030; x_wconf 90' lang='lat' dir='ltr'><strong>nihil</strong></span> <span class='ocrx_word' id='word_1_266' title='bbox 1670 1977 1731 2048; x_wconf 88' lang='lat' dir='ltr'><strong>jam</strong></span> <span class='ocrx_word' id='word_1_267' title='bbox 1740 1980 1782 2031; x_wconf 87' lang='lat' dir='ltr'><strong>at·</strong></span> 
     </span>
     <span class='ocr_line' id='line_1_21' title="bbox 138 2064 1782 2138; baseline -0.001 -17"><span class='ocrx_word' id='word_1_268' title='bbox 138 2064 295 2123; x_wconf 72' lang='lat' dir='ltr'><strong>memiana</strong></span> <span class='ocrx_word' id='word_1_269' title='bbox 309 2065 444 2134; x_wconf 89' lang='lat' dir='ltr'><strong>sentiunt,</strong></span> <span class='ocrx_word' id='word_1_270' title='bbox 459 2066 587 2123; x_wconf 88' lang='lat' dir='ltr'><strong>homines</strong></span> <span class='ocrx_word' id='word_1_271' title='bbox 602 2083 659 2123; x_wconf 92' lang='lat' dir='ltr'><strong>non</strong></span> <span class='ocrx_word' id='word_1_272' title='bbox 672 2073 814 2125; x_wconf 91' lang='lat' dir='ltr'><strong>verentur.</strong></span> <span class='ocrx_word' id='word_1_273' title='bbox 830 2070 873 2126; x_wconf 91' lang='lat' dir='ltr'><strong>Ne</strong></span> <span class='ocrx_word' id='word_1_274' title='bbox 895 2071 941 2126; x_wconf 91' lang='lat' dir='ltr'><strong>cui</strong></span> <span class='ocrx_word' id='word_1_275' title='bbox 981 2066 1103 2120; x_wconf 67' lang='lat' dir='ltr'><strong>trectssre</strong></span> <span class='ocrx_word' id='word_1_276' title='bbox 1115 2070 1166 2120; x_wconf 80' lang='lat' dir='ltr'><strong>out</strong></span> <span class='ocrx_word' id='word_1_277' title='bbox 1177 2071 1293 2138; x_wconf 74' lang='lat' dir='ltr'><strong>gumane</strong></span> <span class='ocrx_word' id='word_1_278' title='bbox 1305 2065 1436 2122; x_wconf 87' lang='lat' dir='ltr'><strong>audebat.</strong></span> <span class='ocrx_word' id='word_1_279' title='bbox 1451 2065 1608 2138; x_wconf 87' lang='lat' dir='ltr'><strong>Septimum</strong></span> <span class='ocrx_word' id='word_1_280' title='bbox 1618 2081 1729 2138; x_wconf 90' lang='lat' dir='ltr'><strong>quoque</strong></span> <span class='ocrx_word' id='word_1_281' title='bbox 1742 2067 1782 2137; x_wconf 81' lang='lat' dir='ltr'><strong>je-</strong></span> 
     </span>
     <span class='ocr_line' id='line_1_22' title="bbox 138 2152 1781 2228; baseline 0.001 -18"><span class='ocrx_word' id='word_1_282' title='bbox 138 2159 236 2210; x_wconf 87' lang='lat' dir='ltr'><strong>autem</strong></span> <span class='ocrx_word' id='word_1_283' title='bbox 249 2154 303 2210; x_wconf 93' lang='lat' dir='ltr'><strong>hoc</strong></span> <span class='ocrx_word' id='word_1_284' title='bbox 317 2155 482 2212; x_wconf 90' lang='lat' dir='ltr'><strong>incredibile</strong></span> <span class='ocrx_word' id='word_1_285' title='bbox 495 2156 634 2224; x_wconf 88' lang='lat' dir='ltr'><strong>videatur,</strong></span> <span class='ocrx_word' id='word_1_286' title='bbox 650 2158 760 2228; x_wconf 83' lang='lat' dir='ltr'><strong>majora</strong></span> <span class='ocrx_word' id='word_1_287' title='bbox 773 2157 865 2214; x_wconf 81' lang='lat' dir='ltr'><strong>adhuc</strong></span> <span class='ocrx_word' id='word_1_288' title='bbox 879 2175 939 2215; x_wconf 81' lang='lat' dir='ltr'><strong>me·</strong></span> <span class='ocrx_word' id='word_1_289' title='bbox 978 2152 1066 2222; x_wconf 83' lang='lat' dir='ltr'><strong>junus</strong></span> <span class='ocrx_word' id='word_1_290' title='bbox 1081 2153 1165 2222; x_wconf 72' lang='lat' dir='ltr'><strong>diem</strong></span> <span class='ocrx_word' id='word_1_291' title='bbox 1182 2154 1285 2228; x_wconf 90' lang='lat' dir='ltr'><strong>spiritu</strong></span> <span class='ocrx_word' id='word_1_292' title='bbox 1297 2156 1357 2228; x_wconf 90' lang='lat' dir='ltr'><strong>jam</strong></span> <span class='ocrx_word' id='word_1_293' title='bbox 1365 2156 1523 2223; x_wconf 82' lang='lat' dir='ltr'><strong>deficiente,</strong></span> <span class='ocrx_word' id='word_1_294' title='bbox 1531 2154 1660 2223; x_wconf 89' lang='lat' dir='ltr'><strong>ducebat,</strong></span> <span class='ocrx_word' id='word_1_295' title='bbox 1671 2170 1736 2210; x_wconf 92' lang='lat' dir='ltr'><strong>cum</strong></span> <span class='ocrx_word' id='word_1_296' title='bbox 1744 2155 1781 2211; x_wconf 87' lang='lat' dir='ltr'><strong>ad</strong></span> 
     </span>
     <span class='ocr_line' id='line_1_23' title="bbox 138 2241 1781 2320; baseline 0.001 -23"><span class='ocrx_word' id='word_1_297' title='bbox 138 2242 267 2301; x_wconf 87' lang='lat' dir='ltr'><strong>morabo.</strong></span> <span class='ocrx_word' id='word_1_298' title='bbox 287 2244 369 2303; x_wconf 78' lang='lat' dir='ltr'><strong>Fides</strong></span> <span class='ocrx_word' id='word_1_299' title='bbox 390 2244 495 2301; x_wconf 76' lang='lat' dir='ltr'><strong>Christi</strong></span> <span class='ocrx_word' id='word_1_300' title='bbox 518 2246 598 2302; x_wconf 84' lang='lat' dir='ltr'><strong>adest</strong></span> <span class='ocrx_word' id='word_1_301' title='bbox 609 2262 655 2302; x_wconf 81' lang='lat' dir='ltr'><strong>me</strong></span> <span class='ocrx_word' id='word_1_302' title='bbox 673 2245 744 2302; x_wconf 84' lang='lat' dir='ltr'><strong>nihil</strong></span> <span class='ocrx_word' id='word_1_303' title='bbox 757 2247 874 2320; x_wconf 75' lang='lat' dir='ltr'><strong>fingere,</strong></span> <span class='ocrx_word' id='word_1_304' title='bbox 890 2249 939 2306; x_wconf 71' lang='lat' dir='ltr'><strong>sed</strong></span> <span class='ocrx_word' id='word_1_305' title='bbox 981 2256 1046 2297; x_wconf 88' lang='lat' dir='ltr'><strong>eum</strong></span> <span class='ocrx_word' id='word_1_306' title='bbox 1059 2241 1651 2313; x_wconf 83' lang='lat' dir='ltr'><strong>tere,cuiibicisestnomen,accessit:huic</strong></span> <span class='ocrx_word' id='word_1_307' title='bbox 1665 2242 1781 2319; x_wconf 91' lang='lat' dir='ltr'><strong>propius</strong></span> 
     </span>
     <span class='ocr_line' id='line_1_24' title="bbox 138 2331 1781 2408; baseline -0.001 -19"><span class='ocrx_word' id='word_1_308' title='bbox 138 2350 202 2408; x_wconf 78' lang='lat' dir='ltr'><strong>qua</strong></span> <span class='ocrx_word' id='word_1_309' title='bbox 216 2332 289 2390; x_wconf 90' lang='lat' dir='ltr'><strong>mihi</strong></span> <span class='ocrx_word' id='word_1_310' title='bbox 297 2333 369 2392; x_wconf 91' lang='lat' dir='ltr'><strong>bene</strong></span> <span class='ocrx_word' id='word_1_311' title='bbox 379 2339 524 2408; x_wconf 85' lang='lat' dir='ltr'><strong>comperte</strong></span> <span class='ocrx_word' id='word_1_312' title='bbox 534 2339 602 2391; x_wconf 88' lang='lat' dir='ltr'><strong>sunt</strong></span> <span class='ocrx_word' id='word_1_313' title='bbox 615 2335 769 2408; x_wconf 81' lang='lat' dir='ltr'><strong>explicabo.</strong></span> <span class='ocrx_word' id='word_1_314' title='bbox 980 2331 1095 2401; x_wconf 72' lang='lat' dir='ltr'><strong>annu,</strong></span> <span class='ocrx_word' id='word_1_315' title='bbox 1107 2331 1270 2390; x_wconf 81' lang='lat' dir='ltr'><strong>fasciculum</strong></span> <span class='ocrx_word' id='word_1_316' title='bbox 1282 2333 1443 2402; x_wconf 89' lang='lat' dir='ltr'><strong>herbarum,</strong></span> <span class='ocrx_word' id='word_1_317' title='bbox 1460 2351 1544 2406; x_wconf 89' lang='lat' dir='ltr'><strong>quem</strong></span> <span class='ocrx_word' id='word_1_318' title='bbox 1559 2333 1707 2388; x_wconf 87' lang='lat' dir='ltr'><strong>collectum</strong></span> <span class='ocrx_word' id='word_1_319' title='bbox 1720 2333 1781 2405; x_wconf 87' lang='lat' dir='ltr'><strong>pri-</strong></span> 
     </span>
     <span class='ocr_line' id='line_1_25' title="bbox 438 2418 1781 2495; baseline 0.001 -20"><span class='ocrx_word' id='word_1_320' title='bbox 438 2424 556 2481; x_wconf 81' lang='lat' dir='ltr'><strong>GAPUT</strong></span> <span class='ocrx_word' id='word_1_321' title='bbox 567 2425 644 2482; x_wconf 83' lang='lat' dir='ltr'><strong>VIII.</strong></span> <span class='ocrx_word' id='word_1_322' title='bbox 980 2418 1027 2474; x_wconf 89' lang='lat' dir='ltr'><strong>die</strong></span> <span class='ocrx_word' id='word_1_323' title='bbox 1041 2420 1180 2494; x_wconf 86' lang='lat' dir='ltr'><strong>attingere</strong></span> <span class='ocrx_word' id='word_1_324' title='bbox 1192 2423 1310 2479; x_wconf 89' lang='lat' dir='ltr'><strong>eremita</strong></span> <span class='ocrx_word' id='word_1_325' title='bbox 1319 2440 1376 2480; x_wconf 92' lang='lat' dir='ltr'><strong>non</strong></span> <span class='ocrx_word' id='word_1_326' title='bbox 1387 2422 1517 2491; x_wconf 85' lang='lat' dir='ltr'><strong>audebat,</strong></span> <span class='ocrx_word' id='word_1_327' title='bbox 1533 2422 1644 2495; x_wconf 87' lang='lat' dir='ltr'><strong>objecit.</strong></span> <span class='ocrx_word' id='word_1_328' title='bbox 1655 2422 1710 2479; x_wconf 87' lang='lat' dir='ltr'><strong>Sed</strong></span> <span class='ocrx_word' id='word_1_329' title='bbox 1721 2421 1781 2477; x_wconf 80' lang='lat' dir='ltr'><strong>fera</strong></span> 
     </span>
     <span class='ocr_line' id='line_1_26' title="bbox 138 2509 1780 2588; baseline 0.001 -23"><span class='ocrx_word' id='word_1_330' title='bbox 138 2515 217 2585; x_wconf 78' lang='lat' dir='ltr'><strong>Quod</strong></span> <span class='ocrx_word' id='word_1_331' title='bbox 231 2516 353 2588; x_wconf 73' lang='lat' dir='ltr'><strong>qumque</strong></span> <span class='ocrx_word' id='word_1_332' title='bbox 369 2515 458 2570; x_wconf 80' lang='lat' dir='ltr'><strong>catuli</strong></span> <span class='ocrx_word' id='word_1_333' title='bbox 472 2517 583 2570; x_wconf 74' lang='lat' dir='ltr'><strong>leonum</strong></span> <span class='ocrx_word' id='word_1_334' title='bbox 603 2516 666 2571; x_wconf 66' lang='lat' dir='ltr'><strong>caci</strong></span> <span class='ocrx_word' id='word_1_335' title='bbox 677 2531 728 2587; x_wconf 72' lang='lat' dir='ltr'><strong>per</strong></span> <span class='ocrx_word' id='word_1_336' title='bbox 742 2515 939 2573; x_wconf 63' lang='lat' dir='ltr'><strong>anachoretam</strong></span> <span class='ocrx_word' id='word_1_337' title='bbox 981 2524 1044 2581; x_wconf 85' lang='lat' dir='ltr'><strong>quae</strong></span> <span class='ocrx_word' id='word_1_338' title='bbox 1057 2509 1199 2568; x_wconf 89' lang='lat' dir='ltr'><strong>virulenta</strong></span> <span class='ocrx_word' id='word_1_339' title='bbox 1211 2518 1293 2568; x_wconf 88' lang='lat' dir='ltr'><strong>eraut</strong></span> <span class='ocrx_word' id='word_1_340' title='bbox 1308 2529 1356 2568; x_wconf 90' lang='lat' dir='ltr'><strong>ore</strong></span> <span class='ocrx_word' id='word_1_341' title='bbox 1370 2512 1532 2580; x_wconf 90' lang='lat' dir='ltr'><strong>discutiens,</strong></span> <span class='ocrx_word' id='word_1_342' title='bbox 1540 2527 1602 2585; x_wconf 79' lang='lat' dir='ltr'><strong>qum</strong></span> <span class='ocrx_word' id='word_1_343' title='bbox 1611 2511 1780 2567; x_wconf 86' lang='lat' dir='ltr'><strong>innoxiano·</strong></span> 
     </span>
     <span class='ocr_line' id='line_1_27' title="bbox 419 2598 1779 2673; baseline -0.002 -14"><span class='ocrx_word' id='word_1_344' title='bbox 419 2605 664 2665; x_wconf 79' lang='lat' dir='ltr'><strong>illuminatisunt.</strong></span> <span class='ocrx_word' id='word_1_345' title='bbox 980 2602 1059 2653; x_wconf 87' lang='lat' dir='ltr'><strong>verat</strong></span> <span class='ocrx_word' id='word_1_346' title='bbox 1077 2598 1208 2672; x_wconf 87' lang='lat' dir='ltr'><strong>eligebat.</strong></span> <span class='ocrx_word' id='word_1_347' title='bbox 1229 2602 1273 2658; x_wconf 88' lang='lat' dir='ltr'><strong>lte</strong></span> <span class='ocrx_word' id='word_1_348' title='bbox 1294 2602 1338 2658; x_wconf 92' lang='lat' dir='ltr'><strong>vir</strong></span> <span class='ocrx_word' id='word_1_349' title='bbox 1355 2606 1469 2658; x_wconf 87' lang='lat' dir='ltr'><strong>sanctus</strong></span> <span class='ocrx_word' id='word_1_350' title='bbox 1487 2601 1550 2673; x_wconf 87' lang='lat' dir='ltr'><strong>ejus</strong></span> <span class='ocrx_word' id='word_1_351' title='bbox 1570 2601 1698 2673; x_wconf 85' lang='lat' dir='ltr'><strong>exemplo</strong></span> <span class='ocrx_word' id='word_1_352' title='bbox 1712 2599 1779 2672; x_wconf 89' lang='lat' dir='ltr'><strong>quid</strong></span> 
     </span>
     <span class='ocr_line' id='line_1_28' title="bbox 173 2686 1779 2766; baseline 0.009 -18"><span class='ocrx_word' id='word_1_353' title='bbox 173 2690 349 2748; x_wconf 86' lang='lat' dir='ltr'><strong>Habitabant</strong></span> <span class='ocrx_word' id='word_1_354' title='bbox 361 2691 489 2766; x_wconf 87' lang='lat' dir='ltr'><strong>plerique</strong></span> <span class='ocrx_word' id='word_1_355' title='bbox 500 2692 530 2748; x_wconf 92' lang='lat' dir='ltr'><strong>in</strong></span> <span class='ocrx_word' id='word_1_356' title='bbox 545 2708 639 2748; x_wconf 91' lang='lat' dir='ltr'><strong>eremo</strong></span> <span class='ocrx_word' id='word_1_357' title='bbox 653 2692 714 2749; x_wconf 87' lang='lat' dir='ltr'><strong>sine</strong></span> <span class='ocrx_word' id='word_1_358' title='bbox 727 2692 793 2750; x_wconf 88' lang='lat' dir='ltr'><strong>ullis</strong></span> <span class='ocrx_word' id='word_1_359' title='bbox 810 2693 940 2751; x_wconf 84' lang='lat' dir='ltr'><strong>taberna·</strong></span> <span class='ocrx_word' id='word_1_360' title='bbox 980 2686 1075 2756; x_wconf 61' lang='lat' dir='ltr'><strong>Odere,</strong></span> <span class='ocrx_word' id='word_1_361' title='bbox 1093 2689 1160 2761; x_wconf 72' lang='lat' dir='ltr'><strong>quid</strong></span> <span class='ocrx_word' id='word_1_362' title='bbox 1174 2706 1308 2763; x_wconf 69' lang='lat' dir='ltr'><strong>resPUele</strong></span> <span class='ocrx_word' id='word_1_363' title='bbox 1319 2690 1568 2758; x_wconf 61' lang='lat' dir='ltr'><strong>deberetedoelusss</strong></span> <span class='ocrx_word' id='word_1_364' title='bbox 1582 2695 1612 2746; x_wconf 66' lang='grc' dir='ltr'><strong>θῒ</strong></span> <span class='ocrx_word' id='word_1_365' title='bbox 1624 2689 1779 2763; x_wconf 74' lang='lat' dir='ltr'><strong>Periculum</strong></span> 
     </span>
     <span class='ocr_line' id='line_1_29' title="bbox 136 2769 1621 2856; baseline 0.001 -24"><span class='ocrx_word' id='word_1_366' title='bbox 136 2781 218 2851; x_wconf 83' lang='lat' dir='ltr'><strong>culis,</strong></span> <span class='ocrx_word' id='word_1_367' title='bbox 235 2798 306 2854; x_wconf 83' lang='lat' dir='ltr'><strong>quos</strong></span> <span class='ocrx_word' id='word_1_368' title='bbox 318 2781 501 2838; x_wconf 76' lang='lat' dir='ltr'><strong>anachoretas</strong></span> <span class='ocrx_word' id='word_1_369' title='bbox 516 2787 617 2838; x_wconf 84' lang='lat' dir='ltr'><strong>vocant</strong></span> <span class='ocrx_word' id='word_1_370' title='bbox 631 2785 638 2849; x_wconf 83' lang='lat'><strong>(</strong></span> <span class='ocrx_word' id='word_1_371' title='bbox 646 2783 760 2840; x_wconf 77' lang='lat' dir='ltr'><strong>Severus</strong></span> <span class='ocrx_word' id='word_1_372' title='bbox 775 2784 865 2856; x_wconf 75' lang='lat' dir='ltr'><strong>Squ,¹</strong></span> <span class='ocrx_word' id='word_1_373' title='bbox 880 2787 940 2840; x_wconf 70' lang='lat' dir='ltr'><strong>dip-</strong></span> <span class='ocrx_word' id='word_1_374' title='bbox 980 2775 1062 2832; x_wconf 78' lang='lat' dir='ltr'><strong>lamis</strong></span> <span class='ocrx_word' id='word_1_375' title='bbox 1072 2769 1169 2848; x_wconf 76' lang='lat' dir='ltr'><strong>evasit,</strong></span> <span class='ocrx_word' id='word_1_376' title='bbox 1186 2785 1216 2836; x_wconf 81' lang='lat' dir='ltr'><strong>et</strong></span> <span class='ocrx_word' id='word_1_377' title='bbox 1228 2779 1381 2837; x_wconf 73' lang='lat' dir='ltr'><strong>herbarum</strong></span> <span class='ocrx_word' id='word_1_378' title='bbox 1396 2797 1504 2837; x_wconf 81' lang='lat' dir='ltr'><strong>venena</strong></span> <span class='ocrx_word' id='word_1_379' title='bbox 1515 2780 1621 2838; x_wconf 79' lang='lat' dir='ltr'><strong>vitavit.</strong></span> 
     </span>
     <span class='ocr_line' id='line_1_30' title="bbox 137 2869 1460 2943; baseline -0.001 -16"><span class='ocrx_word' id='word_1_380' title='bbox 137 2875 196 2943; x_wconf 78' lang='lat' dir='ltr'><strong>lopo</strong></span> <span class='ocrx_word' id='word_1_381' title='bbox 219 2869 242 2940; x_wconf 89' lang='lat' dir='ltr'><strong>l,</strong></span> <span class='ocrx_word' id='word_1_382' title='bbox 254 2887 317 2942; x_wconf 87' lang='lat' dir='ltr'><strong>cop.</strong></span> <span class='ocrx_word' id='word_1_383' title='bbox 335 2871 374 2942; x_wconf 87' lang='grc'><strong>9).</strong></span> <span class='ocrx_word' id='word_1_384' title='bbox 392 2871 496 2927; x_wconf 90' lang='lat' dir='ltr'><strong>Vivunt</strong></span> <span class='ocrx_word' id='word_1_385' title='bbox 515 2870 668 2929; x_wconf 90' lang='lat' dir='ltr'><strong>herbarum</strong></span> <span class='ocrx_word' id='word_1_386' title='bbox 686 2871 837 2942; x_wconf 88' lang='lat' dir='ltr'><strong>radicibus,</strong></span> <span class='ocrx_word' id='word_1_387' title='bbox 860 2874 938 2931; x_wconf 90' lang='lat' dir='ltr'><strong>nullo</strong></span> <span class='ocrx_word' id='word_1_388' title='bbox 1295 2870 1412 2927; x_wconf 78' lang='lat' dir='ltr'>CAPUT</span> <span class='ocrx_word' id='word_1_389' title='bbox 1426 2871 1460 2927; x_wconf 81' lang='lat' dir='ltr'><strong>x.</strong></span> 
     </span>
     <span class='ocr_line' id='line_1_31' title="bbox 136 2960 1779 3034; baseline 0 -18"><span class='ocrx_word' id='word_1_390' title='bbox 136 2976 263 3032; x_wconf 87' lang='lat' dir='ltr'><strong>unquam</strong></span> <span class='ocrx_word' id='word_1_391' title='bbox 279 2965 354 3016; x_wconf 90' lang='lat' dir='ltr'><strong>certo</strong></span> <span class='ocrx_word' id='word_1_392' title='bbox 364 2960 425 3016; x_wconf 92' lang='lat' dir='ltr'><strong>loco</strong></span> <span class='ocrx_word' id='word_1_393' title='bbox 438 2960 604 3029; x_wconf 88' lang='lat' dir='ltr'><strong>consistunt,</strong></span> <span class='ocrx_word' id='word_1_394' title='bbox 621 2978 657 3017; x_wconf 88' lang='lat' dir='ltr'><strong>ue</strong></span> <span class='ocrx_word' id='word_1_395' title='bbox 671 2960 707 3016; x_wconf 88' lang='lat' dir='ltr'><strong>ab</strong></span> <span class='ocrx_word' id='word_1_396' title='bbox 721 2962 882 3019; x_wconf 89' lang='lat' dir='ltr'><strong>hominibus</strong></span> <span class='ocrx_word' id='word_1_397' title='bbox 896 2962 937 3017; x_wconf 84' lang='lat' dir='ltr'><strong>vi·</strong></span> <span class='ocrx_word' id='word_1_398' title='bbox 978 2961 1711 3034; x_wconf 70' lang='lat' dir='ltr'><strong>Proteaquidomqatnqaapiatoonnisv&#39;nvnonteSina</strong></span> <span class='ocrx_word' id='word_1_399' title='bbox 1717 2977 1779 3017; x_wconf 84' lang='lat' dir='ltr'><strong>oon·</strong></span> 
     </span>
     <span class='ocr_line' id='line_1_32' title="bbox 136 3048 1736 3125; baseline -0.002 -19"><span class='ocrx_word' id='word_1_400' title='bbox 136 3050 269 3107; x_wconf 81' lang='lat' dir='ltr'><strong>citantur.</strong></span> <span class='ocrx_word' id='word_1_401' title='bbox 294 3048 338 3104; x_wconf 79' lang='lat' dir='ltr'><strong>ad</strong></span> <span class='ocrx_word' id='word_1_402' title='bbox 358 3050 510 3121; x_wconf 88' lang='lat' dir='ltr'><strong>quemdam</strong></span> <span class='ocrx_word' id='word_1_403' title='bbox 526 3050 613 3123; x_wconf 86' lang='lat' dir='ltr'><strong>igitur</strong></span> <span class='ocrx_word' id='word_1_404' title='bbox 629 3050 683 3106; x_wconf 91' lang='lat' dir='ltr'><strong>hoc</strong></span> <span class='ocrx_word' id='word_1_405' title='bbox 705 3049 762 3106; x_wconf 89' lang='lat' dir='ltr'><strong>ritu</strong></span> <span class='ocrx_word' id='word_1_406' title='bbox 774 3055 860 3125; x_wconf 87' lang='lat' dir='ltr'><strong>atque</strong></span> <span class='ocrx_word' id='word_1_407' title='bbox 883 3052 967 3118; x_wconf 76' lang='lat' dir='ltr'><strong>hacc</strong></span> <span class='ocrx_word' id='word_1_408' title='bbox 1007 3054 1131 3120; x_wconf 82' lang='lat' dir='ltr'><strong>stitutus,</strong></span> <span class='ocrx_word' id='word_1_409' title='bbox 1148 3066 1204 3106; x_wconf 84' lang='lat' dir='ltr'><strong>non</strong></span> <span class='ocrx_word' id='word_1_410' title='bbox 1215 3051 1461 3121; x_wconf 83' lang='lat' dir='ltr'><strong>potitnreliorum</strong></span> <span class='ocrx_word' id='word_1_411' title='bbox 1471 3050 1597 3118; x_wconf 72' lang='lat' dir='ltr'><strong>fratrum</strong></span> <span class='ocrx_word' id='word_1_412' title='bbox 1607 3064 1736 3104; x_wconf 72' lang='lat' dir='ltr'><strong>amoses.</strong></span> 
     </span>
     <span class='ocr_line' id='line_1_33' title="bbox 135 3137 1777 3212; baseline -0.001 -17"><span class='ocrx_word' id='word_1_413' title='bbox 135 3141 198 3212; x_wconf 85' lang='lat' dir='ltr'><strong>lege</strong></span> <span class='ocrx_word' id='word_1_414' title='bbox 238 3139 385 3207; x_wconf 90' lang='lat' dir='ltr'><strong>viventem,</strong></span> <span class='ocrx_word' id='word_1_415' title='bbox 419 3139 474 3194; x_wconf 91' lang='lat' dir='ltr'><strong>duo</strong></span> <span class='ocrx_word' id='word_1_416' title='bbox 506 3156 539 3194; x_wconf 82' lang='lat' dir='ltr'><strong>ex</strong></span> <span class='ocrx_word' id='word_1_417' title='bbox 567 3139 661 3195; x_wconf 88' lang='lat' dir='ltr'><strong>Nitria</strong></span> <span class='ocrx_word' id='word_1_418' title='bbox 690 3141 839 3209; x_wconf 88' lang='lat' dir='ltr'><strong>monachi,</strong></span> <span class='ocrx_word' id='word_1_419' title='bbox 872 3142 938 3198; x_wconf 88' lang='lat' dir='ltr'><strong>licet</strong></span> <span class='ocrx_word' id='word_1_420' title='bbox 1014 3139 1068 3196; x_wconf 90' lang='lat' dir='ltr'><strong>Sed</strong></span> <span class='ocrx_word' id='word_1_421' title='bbox 1082 3141 1199 3212; x_wconf 84' lang='lat' dir='ltr'><strong>longum</strong></span> <span class='ocrx_word' id='word_1_422' title='bbox 1212 3144 1256 3195; x_wconf 88' lang='lat' dir='ltr'><strong>est</strong></span> <span class='ocrx_word' id='word_1_423' title='bbox 1264 3139 1299 3193; x_wconf 89' lang='lat' dir='ltr'><strong>de</strong></span> <span class='ocrx_word' id='word_1_424' title='bbox 1309 3137 1439 3192; x_wconf 91' lang='lat' dir='ltr'><strong>omnibus</strong></span> <span class='ocrx_word' id='word_1_425' title='bbox 1455 3137 1503 3209; x_wconf 91' lang='lat' dir='ltr'><strong>qui</strong></span> <span class='ocrx_word' id='word_1_426' title='bbox 1514 3153 1641 3192; x_wconf 89' lang='lat' dir='ltr'><strong>eremum</strong></span> <span class='ocrx_word' id='word_1_427' title='bbox 1649 3137 1777 3193; x_wconf 89' lang='lat' dir='ltr'><strong>incolunt</strong></span> 
     </span>
     <span class='ocr_line' id='line_1_34' title="bbox 135 3225 1774 3303; baseline -0.001 -20"><span class='ocrx_word' id='word_1_428' title='bbox 135 3228 219 3301; x_wconf 90' lang='lat' dir='ltr'><strong>longe</strong></span> <span class='ocrx_word' id='word_1_429' title='bbox 234 3227 345 3284; x_wconf 87' lang='lat' dir='ltr'><strong>diverso</strong></span> <span class='ocrx_word' id='word_1_430' title='bbox 356 3228 479 3301; x_wconf 82' lang='lat' dir='ltr'><strong>regione,</strong></span> <span class='ocrx_word' id='word_1_431' title='bbox 491 3233 587 3283; x_wconf 90' lang='lat' dir='ltr'><strong>tamen</strong></span> <span class='ocrx_word' id='word_1_432' title='bbox 599 3229 665 3301; x_wconf 92' lang='lat' dir='ltr'><strong>quia</strong></span> <span class='ocrx_word' id='word_1_433' title='bbox 675 3228 742 3284; x_wconf 92' lang='lat' dir='ltr'><strong>olim</strong></span> <span class='ocrx_word' id='word_1_434' title='bbox 753 3229 823 3303; x_wconf 89' lang='lat' dir='ltr'><strong>ipsis</strong></span> <span class='ocrx_word' id='word_1_435' title='bbox 837 3230 867 3286; x_wconf 92' lang='lat' dir='ltr'><strong>in</strong></span> <span class='ocrx_word' id='word_1_436' title='bbox 877 3248 935 3288; x_wconf 92' lang='lat' dir='ltr'><strong>mo·</strong></span> <span class='ocrx_word' id='word_1_437' title='bbox 976 3234 1120 3302; x_wconf 87' lang='lat' dir='ltr'><strong>comperta</strong></span> <span class='ocrx_word' id='word_1_438' title='bbox 1132 3227 1213 3284; x_wconf 92' lang='lat' dir='ltr'><strong>nobis</strong></span> <span class='ocrx_word' id='word_1_439' title='bbox 1227 3242 1385 3282; x_wconf 87' lang='lat' dir='ltr'><strong>memorare</strong></span> <span class='ocrx_word' id='word_1_440' title='bbox 1401 3225 1605 3296; x_wconf 65' lang='lat' dir='ltr'><strong>(Sacerdote,</strong></span> <span class='ocrx_word' id='word_1_441' title='bbox 1623 3227 1732 3295; x_wconf 72' lang='lat' dir='ltr'><strong>dialogo</strong></span> <span class='ocrx_word' id='word_1_442' title='bbox 1750 3225 1774 3289; x_wconf 82' lang='lat' dir='ltr'><strong>l,</strong></span> 
     </span>
     <span class='ocr_line' id='line_1_35' title="bbox 135 3314 1776 3389; baseline -0.003 -14"><span class='ocrx_word' id='word_1_443' title='bbox 135 3317 255 3375; x_wconf 82' lang='lat' dir='ltr'><strong>nestorii</strong></span> <span class='ocrx_word' id='word_1_444' title='bbox 273 3317 483 3373; x_wconf 86' lang='lat' dir='ltr'><strong>conversatione</strong></span> <span class='ocrx_word' id='word_1_445' title='bbox 505 3318 607 3373; x_wconf 88' lang='lat' dir='ltr'><strong>charus</strong></span> <span class='ocrx_word' id='word_1_446' title='bbox 621 3318 809 3375; x_wconf 88' lang='lat' dir='ltr'><strong>etfamiliaris</strong></span> <span class='ocrx_word' id='word_1_447' title='bbox 824 3319 932 3389; x_wconf 86' lang='lat' dir='ltr'><strong>suisset,</strong></span> <span class='ocrx_word' id='word_1_448' title='bbox 976 3334 999 3374; x_wconf 90' lang='lat' dir='ltr'><strong>c.</strong></span> <span class='ocrx_word' id='word_1_449' title='bbox 1012 3316 1183 3388; x_wconf 81' lang='lat' dir='ltr'><strong>ll),Annum</strong></span> <span class='ocrx_word' id='word_1_450' title='bbox 1191 3317 1334 3388; x_wconf 86' lang='lat' dir='ltr'><strong>integrum</strong></span> <span class='ocrx_word' id='word_1_451' title='bbox 1348 3321 1378 3372; x_wconf 92' lang='lat' dir='ltr'><strong>et</strong></span> <span class='ocrx_word' id='word_1_452' title='bbox 1386 3320 1494 3388; x_wconf 91' lang='lat' dir='ltr'><strong>septem</strong></span> <span class='ocrx_word' id='word_1_453' title='bbox 1502 3314 1560 3369; x_wconf 86' lang='lat' dir='ltr'><strong>lere</strong></span> <span class='ocrx_word' id='word_1_454' title='bbox 1574 3330 1688 3370; x_wconf 88' lang='lat' dir='ltr'><strong>menses</strong></span> <span class='ocrx_word' id='word_1_455' title='bbox 1700 3315 1776 3370; x_wconf 89' lang='lat' dir='ltr'><strong>intra</strong></span> 
     </span>
     <span class='ocr_line' id='line_1_36' title="bbox 135 3403 1773 3478; baseline -0.004 -14"><span class='ocrx_word' id='word_1_456' title='bbox 135 3407 242 3464; x_wconf 86' lang='lat' dir='ltr'><strong>auditis</strong></span> <span class='ocrx_word' id='word_1_457' title='bbox 252 3407 317 3478; x_wconf 86' lang='lat' dir='ltr'><strong>ejus</strong></span> <span class='ocrx_word' id='word_1_458' title='bbox 328 3406 478 3462; x_wconf 88' lang='lat' dir='ltr'><strong>virtutibus</strong></span> <span class='ocrx_word' id='word_1_459' title='bbox 491 3408 682 3465; x_wconf 88' lang='lat' dir='ltr'><strong>tetenderunt.</strong></span> <span class='ocrx_word' id='word_1_460' title='bbox 695 3407 784 3472; x_wconf 82' lang='lat' dir='ltr'><strong>Quem</strong></span> <span class='ocrx_word' id='word_1_461' title='bbox 798 3408 846 3464; x_wconf 92' lang='lat' dir='ltr'><strong>diu</strong></span> <span class='ocrx_word' id='word_1_462' title='bbox 861 3412 935 3466; x_wconf 92' lang='lat' dir='ltr'><strong>mul-</strong></span> <span class='ocrx_word' id='word_1_463' title='bbox 976 3408 1158 3464; x_wconf 87' lang='lat' dir='ltr'><strong>solitudinem</strong></span> <span class='ocrx_word' id='word_1_464' title='bbox 1173 3405 1343 3462; x_wconf 88' lang='lat' dir='ltr'><strong>constitutus</strong></span> <span class='ocrx_word' id='word_1_465' title='bbox 1367 3404 1455 3477; x_wconf 81' lang='lat' dir='ltr'><strong>exegi,</strong></span> <span class='ocrx_word' id='word_1_466' title='bbox 1474 3403 1576 3476; x_wconf 79' lang='lat' dir='ltr'><strong>sapius</strong></span> <span class='ocrx_word' id='word_1_467' title='bbox 1593 3408 1690 3458; x_wconf 81' lang='lat' dir='ltr'><strong>temen</strong></span> <span class='ocrx_word' id='word_1_468' title='bbox 1709 3420 1773 3459; x_wconf 90' lang='lat' dir='ltr'><strong>cum</strong></span> 
     </span>
     <span class='ocr_line' id='line_1_37' title="bbox 134 3492 1773 3574; baseline -0.002 -21"><span class='ocrx_word' id='word_1_469' title='bbox 134 3502 254 3569; x_wconf 89' lang='lat' dir='ltr'><strong>tumque</strong></span> <span class='ocrx_word' id='word_1_470' title='bbox 268 3496 426 3568; x_wconf 74' lang='lat' dir='ltr'><strong>quaesitum,</strong></span> <span class='ocrx_word' id='word_1_471' title='bbox 447 3496 561 3552; x_wconf 86' lang='lat' dir='ltr'><strong>tandem</strong></span> <span class='ocrx_word' id='word_1_472' title='bbox 576 3512 672 3552; x_wconf 89' lang='lat' dir='ltr'><strong>mense</strong></span> <span class='ocrx_word' id='word_1_473' title='bbox 687 3497 807 3570; x_wconf 89' lang='lat' dir='ltr'><strong>septimo</strong></span> <span class='ocrx_word' id='word_1_474' title='bbox 821 3514 934 3574; x_wconf 88' lang='lat' dir='ltr'><strong>repere·</strong></span> <span class='ocrx_word' id='word_1_475' title='bbox 975 3496 1024 3552; x_wconf 93' lang='lat' dir='ltr'><strong>illo</strong></span> <span class='ocrx_word' id='word_1_476' title='bbox 1038 3513 1105 3554; x_wconf 91' lang='lat' dir='ltr'><strong>sene</strong></span> <span class='ocrx_word' id='word_1_477' title='bbox 1117 3496 1165 3569; x_wconf 92' lang='lat' dir='ltr'><strong>qui</strong></span> <span class='ocrx_word' id='word_1_478' title='bbox 1175 3499 1292 3568; x_wconf 90' lang='lat' dir='ltr'><strong>puteum</strong></span> <span class='ocrx_word' id='word_1_479' title='bbox 1305 3499 1334 3549; x_wconf 90' lang='lat' dir='ltr'><strong>et</strong></span> <span class='ocrx_word' id='word_1_480' title='bbox 1347 3493 1445 3549; x_wconf 88' lang='lat' dir='ltr'><strong>bovem</strong></span> <span class='ocrx_word' id='word_1_481' title='bbox 1459 3492 1558 3548; x_wconf 89' lang='lat' dir='ltr'><strong>habuit</strong></span> <span class='ocrx_word' id='word_1_482' title='bbox 1567 3492 1700 3548; x_wconf 88' lang='lat' dir='ltr'><strong>habitavi.</strong></span> <span class='ocrx_word' id='word_1_483' title='bbox 1711 3493 1773 3549; x_wconf 90' lang='lat' dir='ltr'><strong>Duo</strong></span> 
     </span>
     <span class='ocr_line' id='line_1_38' title="bbox 134 3580 1773 3661; baseline -0.002 -18"><span class='ocrx_word' id='word_1_484' title='bbox 134 3591 203 3643; x_wconf 91' lang='lat' dir='ltr'><strong>runt</strong></span> <span class='ocrx_word' id='word_1_485' title='bbox 215 3585 245 3641; x_wconf 92' lang='lat' dir='ltr'><strong>in</strong></span> <span class='ocrx_word' id='word_1_486' title='bbox 260 3591 386 3641; x_wconf 85' lang='lat' dir='ltr'><strong>extremo</strong></span> <span class='ocrx_word' id='word_1_487' title='bbox 397 3586 445 3640; x_wconf 91' lang='lat' dir='ltr'><strong>illo</strong></span> <span class='ocrx_word' id='word_1_488' title='bbox 460 3586 571 3640; x_wconf 88' lang='lat' dir='ltr'><strong>deserto</strong></span> <span class='ocrx_word' id='word_1_489' title='bbox 583 3586 657 3658; x_wconf 92' lang='lat' dir='ltr'><strong>quod</strong></span> <span class='ocrx_word' id='word_1_490' title='bbox 672 3591 715 3642; x_wconf 89' lang='lat' dir='ltr'><strong>est</strong></span> <span class='ocrx_word' id='word_1_491' title='bbox 724 3587 862 3661; x_wconf 86' lang='lat' dir='ltr'><strong>Memphis</strong></span> <span class='ocrx_word' id='word_1_492' title='bbox 871 3606 936 3646; x_wconf 84' lang='lat' dir='ltr'><strong>con·</strong></span> <span class='ocrx_word' id='word_1_493' title='bbox 974 3584 1050 3641; x_wconf 88' lang='lat' dir='ltr'><strong>beati</strong></span> <span class='ocrx_word' id='word_1_494' title='bbox 1061 3585 1177 3643; x_wconf 81' lang='lat' dir='ltr'><strong>Antonii</strong></span> <span class='ocrx_word' id='word_1_495' title='bbox 1185 3580 1363 3640; x_wconf 84' lang='lat' dir='ltr'><strong>&#39;monasteria</strong></span> <span class='ocrx_word' id='word_1_496' title='bbox 1373 3582 1440 3650; x_wconf 88' lang='lat' dir='ltr'><strong>adii,</strong></span> <span class='ocrx_word' id='word_1_497' title='bbox 1450 3599 1511 3655; x_wconf 78' lang='lat' dir='ltr'><strong>quae</strong></span> <span class='ocrx_word' id='word_1_498' title='bbox 1518 3582 1657 3655; x_wconf 88' lang='lat' dir='ltr'><strong>hodieque</strong></span> <span class='ocrx_word' id='word_1_499' title='bbox 1665 3581 1700 3637; x_wconf 86' lang='lat' dir='ltr'><strong>ab</strong></span> <span class='ocrx_word' id='word_1_500' title='bbox 1710 3584 1773 3656; x_wconf 88' lang='lat' dir='ltr'><strong>ejus</strong></span> 
     </span>
    </p>
   </div>
   <div class='ocr_carea' id='block_1_3' title="bbox 126 3671 1772 5352">
    <p class='ocr_par' dir='ltr' id='par_1_3' title="bbox 126 3671 1772 5352">
     <span class='ocr_line' id='line_1_39' title="bbox 131 3671 1772 3752; baseline -0.002 -21"><span class='ocrx_word' id='word_1_501' title='bbox 131 3675 245 3751; x_wconf 85' lang='lat' dir='ltr'><strong>tignum</strong></span> <span class='ocrx_word' id='word_1_502' title='bbox 260 3675 465 3739; x_wconf 87' lang='lat' dir='ltr'><strong>demorantem,</strong></span> <span class='ocrx_word' id='word_1_503' title='bbox 481 3691 550 3746; x_wconf 85' lang='lat' dir='ltr'><strong>quae</strong></span> <span class='ocrx_word' id='word_1_504' title='bbox 560 3675 607 3730; x_wconf 89' lang='lat' dir='ltr'><strong>ille</strong></span> <span class='ocrx_word' id='word_1_505' title='bbox 620 3675 787 3733; x_wconf 88' lang='lat' dir='ltr'><strong>solitudines</strong></span> <span class='ocrx_word' id='word_1_506' title='bbox 803 3679 864 3750; x_wconf 86' lang='lat' dir='ltr'><strong>jam</strong></span> <span class='ocrx_word' id='word_1_507' title='bbox 883 3696 934 3752; x_wconf 86' lang='lat' dir='ltr'><strong>per</strong></span> <span class='ocrx_word' id='word_1_508' title='bbox 975 3675 1119 3749; x_wconf 82' lang='lat' dir='ltr'><strong>discipulis</strong></span> <span class='ocrx_word' id='word_1_509' title='bbox 1134 3675 1305 3732; x_wconf 86' lang='lat' dir='ltr'><strong>incoluntur.</strong></span> <span class='ocrx_word' id='word_1_510' title='bbox 1321 3672 1364 3729; x_wconf 80' lang='lat' dir='ltr'><strong>Ad</strong></span> <span class='ocrx_word' id='word_1_511' title='bbox 1380 3690 1445 3728; x_wconf 87' lang='lat' dir='ltr'><strong>eum</strong></span> <span class='ocrx_word' id='word_1_512' title='bbox 1459 3672 1544 3728; x_wconf 89' lang='lat' dir='ltr'><strong>etiam</strong></span> <span class='ocrx_word' id='word_1_513' title='bbox 1561 3671 1653 3727; x_wconf 87' lang='lat' dir='ltr'><strong>locum</strong></span> <span class='ocrx_word' id='word_1_514' title='bbox 1667 3671 1697 3726; x_wconf 91' lang='lat' dir='ltr'><strong>in</strong></span> <span class='ocrx_word' id='word_1_515' title='bbox 1717 3687 1772 3743; x_wconf 90' lang='lat' dir='ltr'><strong>quo</strong></span> 
     </span>
     <span class='ocr_line' id='line_1_40' title="bbox 133 3758 1769 3836; baseline 0 -20"><span class='ocrx_word' id='word_1_516' title='bbox 133 3758 933 3826; x_wconf 81' lang='lat' dir='ltr'><strong>annosduodecimdicebaturhebitare.Quilicetomnium</strong></span> <span class='ocrx_word' id='word_1_517' title='bbox 973 3763 1151 3821; x_wconf 84' lang='lat' dir='ltr'><strong>beatissimus</strong></span> <span class='ocrx_word' id='word_1_518' title='bbox 1164 3766 1269 3821; x_wconf 89' lang='lat' dir='ltr'><strong>Paulus</strong></span> <span class='ocrx_word' id='word_1_519' title='bbox 1287 3764 1396 3836; x_wconf 90' lang='lat' dir='ltr'><strong>primus</strong></span> <span class='ocrx_word' id='word_1_520' title='bbox 1411 3763 1528 3818; x_wconf 89' lang='lat' dir='ltr'><strong>eremita</strong></span> <span class='ocrx_word' id='word_1_521' title='bbox 1542 3765 1586 3816; x_wconf 89' lang='lat' dir='ltr'><strong>eet</strong></span> <span class='ocrx_word' id='word_1_522' title='bbox 1603 3761 1769 3829; x_wconf 84' lang='lat' dir='ltr'><strong>diversatus,</strong></span> 
     </span>
     <span class='ocr_line' id='line_1_41' title="bbox 133 3850 1769 3927; baseline -0.002 -20"><span class='ocrx_word' id='word_1_523' title='bbox 133 3850 283 3907; x_wconf 87' lang='lat' dir='ltr'><strong>hominum</strong></span> <span class='ocrx_word' id='word_1_524' title='bbox 291 3850 393 3905; x_wconf 89' lang='lat' dir='ltr'><strong>vitaret</strong></span> <span class='ocrx_word' id='word_1_525' title='bbox 402 3866 558 3917; x_wconf 89' lang='lat' dir='ltr'><strong>occursum,</strong></span> <span class='ocrx_word' id='word_1_526' title='bbox 573 3855 669 3905; x_wconf 86' lang='lat' dir='ltr'><strong>tamen</strong></span> <span class='ocrx_word' id='word_1_527' title='bbox 681 3851 785 3922; x_wconf 85' lang='lat' dir='ltr'><strong>agnitis</strong></span> <span class='ocrx_word' id='word_1_528' title='bbox 798 3852 932 3909; x_wconf 83' lang='lat' dir='ltr'><strong>tratribus</strong></span> <span class='ocrx_word' id='word_1_529' title='bbox 973 3855 1077 3910; x_wconf 85' lang='lat' dir='ltr'><strong>accessi</strong></span> <span class='ocrx_word' id='word_1_530' title='bbox 1095 3856 1214 3927; x_wconf 86' lang='lat' dir='ltr'><strong>:jugum</strong></span> <span class='ocrx_word' id='word_1_531' title='bbox 1234 3854 1303 3910; x_wconf 89' lang='lat' dir='ltr'><strong>Sina</strong></span> <span class='ocrx_word' id='word_1_532' title='bbox 1320 3852 1424 3909; x_wconf 89' lang='lat' dir='ltr'><strong>montis</strong></span> <span class='ocrx_word' id='word_1_533' title='bbox 1437 3851 1504 3921; x_wconf 87' lang='lat' dir='ltr'><strong>vidi,</strong></span> <span class='ocrx_word' id='word_1_534' title='bbox 1526 3852 1606 3922; x_wconf 88' lang='lat' dir='ltr'><strong>cujus</strong></span> <span class='ocrx_word' id='word_1_535' title='bbox 1624 3867 1769 3917; x_wconf 89' lang='lat' dir='ltr'><strong>cacumen,</strong></span> 
     </span>
     <span class='ocr_line' id='line_1_42' title="bbox 133 3937 1771 4017; baseline -0.001 -21"><span class='ocrx_word' id='word_1_536' title='bbox 133 3957 191 3997; x_wconf 91' lang='lat' dir='ltr'><strong>non</strong></span> <span class='ocrx_word' id='word_1_537' title='bbox 205 3938 319 4011; x_wconf 74' lang='lat' dir='ltr'><strong>refugit,</strong></span> <span class='ocrx_word' id='word_1_538' title='bbox 334 3955 420 4010; x_wconf 87' lang='lat' dir='ltr'><strong>seque</strong></span> <span class='ocrx_word' id='word_1_539' title='bbox 433 3937 604 3993; x_wconf 88' lang='lat' dir='ltr'><strong>charissimis</strong></span> <span class='ocrx_word' id='word_1_540' title='bbox 618 3955 669 4010; x_wconf 91' lang='lat' dir='ltr'><strong>per</strong></span> <span class='ocrx_word' id='word_1_541' title='bbox 682 3940 807 3996; x_wconf 90' lang='lat' dir='ltr'><strong>triduum</strong></span> <span class='ocrx_word' id='word_1_542' title='bbox 819 3958 875 3997; x_wconf 93' lang='lat' dir='ltr'><strong>non</strong></span> <span class='ocrx_word' id='word_1_543' title='bbox 884 3958 932 3998; x_wconf 90' lang='lat' dir='ltr'><strong>ne·</strong></span> <span class='ocrx_word' id='word_1_544' title='bbox 972 3945 1041 4000; x_wconf 83' lang='lat' dir='ltr'><strong>cmlo</strong></span> <span class='ocrx_word' id='word_1_545' title='bbox 1048 3961 1120 4017; x_wconf 88' lang='lat' dir='ltr'><strong>pene</strong></span> <span class='ocrx_word' id='word_1_546' title='bbox 1126 3943 1299 4015; x_wconf 81' lang='lat' dir='ltr'><strong>contiguum,</strong></span> <span class='ocrx_word' id='word_1_547' title='bbox 1310 3957 1489 4014; x_wconf 88' lang='lat' dir='ltr'><strong>nequaquam</strong></span> <span class='ocrx_word' id='word_1_548' title='bbox 1501 3940 1572 3996; x_wconf 91' lang='lat' dir='ltr'><strong>adiri</strong></span> <span class='ocrx_word' id='word_1_549' title='bbox 1583 3944 1684 4012; x_wconf 83' lang='lat' dir='ltr'><strong>potest.</strong></span> <span class='ocrx_word' id='word_1_550' title='bbox 1692 3939 1771 3995; x_wconf 88' lang='lat' dir='ltr'><strong>Inter</strong></span> 
     </span>
     <span class='ocr_line' id='line_1_43' title="bbox 132 4026 1770 4106; baseline 0.002 -22"><span class='ocrx_word' id='word_1_551' title='bbox 132 4029 220 4103; x_wconf 83' lang='lat' dir='ltr'><strong>gavit.</strong></span> <span class='ocrx_word' id='word_1_552' title='bbox 233 4028 338 4094; x_wconf 87' lang='lat' dir='ltr'><strong>Quarto</strong></span> <span class='ocrx_word' id='word_1_553' title='bbox 351 4026 787 4101; x_wconf 88' lang='lat' dir='ltr'><strong>diealiquantulumprogressus,</strong></span> <span class='ocrx_word' id='word_1_554' title='bbox 795 4046 860 4085; x_wconf 93' lang='lat' dir='ltr'><strong>cum</strong></span> <span class='ocrx_word' id='word_1_555' title='bbox 868 4048 931 4103; x_wconf 89' lang='lat' dir='ltr'><strong>pro-</strong></span> <span class='ocrx_word' id='word_1_556' title='bbox 973 4033 1059 4106; x_wconf 79' lang='lat' dir='ltr'><strong>huJ‘us</strong></span> <span class='ocrx_word' id='word_1_557' title='bbox 1071 4033 1176 4089; x_wconf 87' lang='lat' dir='ltr'><strong>montis</strong></span> <span class='ocrx_word' id='word_1_558' title='bbox 1187 4049 1313 4088; x_wconf 87' lang='lat' dir='ltr'><strong>secessus</strong></span> <span class='ocrx_word' id='word_1_559' title='bbox 1326 4032 1496 4087; x_wconf 87' lang='lat' dir='ltr'><strong>anachoreta</strong></span> <span class='ocrx_word' id='word_1_560' title='bbox 1509 4047 1570 4086; x_wconf 90' lang='lat' dir='ltr'><strong>esse</strong></span> <span class='ocrx_word' id='word_1_561' title='bbox 1584 4030 1686 4102; x_wconf 90' lang='lat' dir='ltr'><strong>aliquis</strong></span> <span class='ocrx_word' id='word_1_562' title='bbox 1696 4030 1770 4087; x_wconf 85' lang='lat' dir='ltr'><strong>fere·</strong></span> 
     </span>
     <span class='ocr_line' id='line_1_44' title="bbox 130 4116 1768 4195; baseline 0.001 -21"><span class='ocrx_word' id='word_1_563' title='bbox 130 4123 299 4192; x_wconf 79' lang='lat' dir='ltr'><strong>sequeretur</strong></span> <span class='ocrx_word' id='word_1_564' title='bbox 310 4116 455 4184; x_wconf 88' lang='lat' dir='ltr'><strong>obeuntes,</strong></span> <span class='ocrx_word' id='word_1_565' title='bbox 466 4117 583 4172; x_wconf 75' lang='lat' dir='ltr'><strong>leaenam</strong></span> <span class='ocrx_word' id='word_1_566' title='bbox 593 4118 671 4173; x_wconf 87' lang='lat' dir='ltr'><strong>mirae</strong></span> <span class='ocrx_word' id='word_1_567' title='bbox 682 4119 883 4190; x_wconf 88' lang='lat' dir='ltr'><strong>magnitudinis</strong></span> <span class='ocrx_word' id='word_1_568' title='bbox 892 4122 929 4177; x_wconf 88' lang='lat' dir='ltr'><strong>ad</strong></span> <span class='ocrx_word' id='word_1_569' title='bbox 971 4122 1063 4190; x_wconf 89' lang='lat' dir='ltr'><strong>batur,</strong></span> <span class='ocrx_word' id='word_1_570' title='bbox 1079 4121 1221 4195; x_wconf 87' lang='lat' dir='ltr'><strong>quamdiu</strong></span> <span class='ocrx_word' id='word_1_571' title='bbox 1236 4121 1413 4193; x_wconf 73' lang='lat' dir='ltr'><strong>militumque</strong></span> <span class='ocrx_word' id='word_1_572' title='bbox 1428 4119 1577 4191; x_wconf 84' lang='lat' dir='ltr'><strong>quaesitum</strong></span> <span class='ocrx_word' id='word_1_573' title='bbox 1597 4119 1692 4174; x_wconf 90' lang='lat' dir='ltr'><strong>videro</strong></span> <span class='ocrx_word' id='word_1_574' title='bbox 1710 4136 1768 4175; x_wconf 92' lang='lat' dir='ltr'><strong>non</strong></span> 
     </span>
     <span class='ocr_line' id='line_1_45' title="bbox 129 4205 1767 4284; baseline -0.001 -20"><span class='ocrx_word' id='word_1_575' title='bbox 129 4224 160 4264; x_wconf 87' lang='lat' dir='ltr'><strong>ee</strong></span> <span class='ocrx_word' id='word_1_576' title='bbox 178 4207 275 4264; x_wconf 86' lang='lat' dir='ltr'><strong>venire</strong></span> <span class='ocrx_word' id='word_1_577' title='bbox 284 4205 468 4278; x_wconf 88' lang='lat' dir='ltr'><strong>conspiciunt.</strong></span> <span class='ocrx_word' id='word_1_578' title='bbox 490 4206 592 4274; x_wconf 89' lang='lat' dir='ltr'><strong>Bestie,</strong></span> <span class='ocrx_word' id='word_1_579' title='bbox 609 4205 674 4262; x_wconf 90' lang='lat' dir='ltr'><strong>licet</strong></span> <span class='ocrx_word' id='word_1_580' title='bbox 693 4206 783 4262; x_wconf 89' lang='lat' dir='ltr'><strong>tribus</strong></span> <span class='ocrx_word' id='word_1_581' title='bbox 797 4211 926 4281; x_wconf 87' lang='lat' dir='ltr'><strong>repertis,</strong></span> <span class='ocrx_word' id='word_1_582' title='bbox 968 4213 1057 4284; x_wconf 84' lang='lat' dir='ltr'><strong>potui.</strong></span> <span class='ocrx_word' id='word_1_583' title='bbox 1072 4213 1127 4278; x_wconf 88' lang='lat' dir='ltr'><strong>Qui</strong></span> <span class='ocrx_word' id='word_1_584' title='bbox 1141 4211 1199 4266; x_wconf 85' lang='lat' dir='ltr'><strong>sere</strong></span> <span class='ocrx_word' id='word_1_585' title='bbox 1210 4212 1270 4282; x_wconf 86' lang='lat' dir='ltr'><strong>jam</strong></span> <span class='ocrx_word' id='word_1_586' title='bbox 1283 4215 1349 4265; x_wconf 87' lang='lat' dir='ltr'><strong>ante</strong></span> <span class='ocrx_word' id='word_1_587' title='bbox 1364 4208 1570 4281; x_wconf 84' lang='lat' dir='ltr'><strong>quinquaginta</strong></span> <span class='ocrx_word' id='word_1_588' title='bbox 1579 4223 1692 4262; x_wconf 87' lang='lat' dir='ltr'><strong>annosa</strong></span> <span class='ocrx_word' id='word_1_589' title='bbox 1703 4224 1767 4263; x_wconf 92' lang='lat' dir='ltr'><strong>con·</strong></span> 
     </span>
     <span class='ocr_line' id='line_1_46' title="bbox 129 4296 1767 4370; baseline -0.001 -17"><span class='ocrx_word' id='word_1_590' title='bbox 129 4313 187 4353; x_wconf 89' lang='lat' dir='ltr'><strong>non</strong></span> <span class='ocrx_word' id='word_1_591' title='bbox 208 4297 316 4351; x_wconf 86' lang='lat' dir='ltr'><strong>incerta</strong></span> <span class='ocrx_word' id='word_1_592' title='bbox 340 4312 425 4367; x_wconf 91' lang='lat' dir='ltr'><strong>quem</strong></span> <span class='ocrx_word' id='word_1_593' title='bbox 452 4300 577 4367; x_wconf 88' lang='lat' dir='ltr'><strong>peteret,</strong></span> <span class='ocrx_word' id='word_1_594' title='bbox 606 4296 780 4353; x_wconf 75' lang='lat' dir='ltr'><strong>anachoreta</strong></span> <span class='ocrx_word' id='word_1_595' title='bbox 808 4298 926 4370; x_wconf 87' lang='lat' dir='ltr'><strong>pedibus</strong></span> <span class='ocrx_word' id='word_1_596' title='bbox 967 4301 1123 4357; x_wconf 87' lang='lat' dir='ltr'><strong>versatione</strong></span> <span class='ocrx_word' id='word_1_597' title='bbox 1134 4300 1258 4357; x_wconf 91' lang='lat' dir='ltr'><strong>humana</strong></span> <span class='ocrx_word' id='word_1_598' title='bbox 1266 4303 1401 4365; x_wconf 90' lang='lat' dir='ltr'><strong>remotus,</strong></span> <span class='ocrx_word' id='word_1_599' title='bbox 1411 4297 1521 4353; x_wconf 94' lang='lat' dir='ltr'><strong>nullum</strong></span> <span class='ocrx_word' id='word_1_600' title='bbox 1530 4297 1614 4352; x_wconf 88' lang='lat' dir='ltr'><strong>vestis</strong></span> <span class='ocrx_word' id='word_1_601' title='bbox 1623 4313 1706 4351; x_wconf 90' lang='lat' dir='ltr'><strong>usum</strong></span> <span class='ocrx_word' id='word_1_602' title='bbox 1718 4296 1767 4351; x_wconf 87' lang='lat' dir='ltr'><strong>he·</strong></span> 
     </span>
     <span class='ocr_line' id='line_1_47' title="bbox 127 4377 1766 4460; baseline -0.001 -19"><span class='ocrx_word' id='word_1_603' title='bbox 127 4383 295 4452; x_wconf 76' lang='lat' dir='ltr'><strong>advolvitur,</strong></span> <span class='ocrx_word' id='word_1_604' title='bbox 313 4400 346 4440; x_wconf 90' lang='lat' dir='ltr'><strong>ac</strong></span> <span class='ocrx_word' id='word_1_605' title='bbox 357 4384 458 4440; x_wconf 91' lang='lat' dir='ltr'><strong>deinde</strong></span> <span class='ocrx_word' id='word_1_606' title='bbox 471 4385 926 4457; x_wconf 76' lang='lat' dir='ltr'><strong>precedentemsequuntur.usm</strong></span> <span class='ocrx_word' id='word_1_607' title='bbox 937 4377 1064 4459; x_wconf 73' lang='lat' dir='ltr'><strong>libebat,</strong></span> <span class='ocrx_word' id='word_1_608' title='bbox 1077 4390 1126 4446; x_wconf 91' lang='lat' dir='ltr'><strong>sed</strong></span> <span class='ocrx_word' id='word_1_609' title='bbox 1140 4389 1208 4445; x_wconf 89' lang='lat' dir='ltr'><strong>setis</strong></span> <span class='ocrx_word' id='word_1_610' title='bbox 1218 4388 1342 4460; x_wconf 86' lang='lat' dir='ltr'><strong>corporis</strong></span> <span class='ocrx_word' id='word_1_611' title='bbox 1351 4386 1395 4442; x_wconf 88' lang='lat' dir='ltr'><strong>sui</strong></span> <span class='ocrx_word' id='word_1_612' title='bbox 1409 4391 1500 4442; x_wconf 89' lang='lat' dir='ltr'><strong>tectus</strong></span> <span class='ocrx_word' id='word_1_613' title='bbox 1513 4391 1584 4444; x_wconf 85' lang='lat' dir='ltr'><strong>erat.</strong></span> <span class='ocrx_word' id='word_1_614' title='bbox 1604 4385 1656 4441; x_wconf 85' lang='lat' dir='ltr'><strong>llic</strong></span> <span class='ocrx_word' id='word_1_615' title='bbox 1669 4384 1766 4456; x_wconf 84' lang='lat' dir='ltr'><strong>itaque</strong></span> 
     </span>
     <span class='ocr_line' id='line_1_48' title="bbox 127 4472 1766 4552; baseline -0.001 -22"><span class='ocrx_word' id='word_1_616' title='bbox 127 4473 178 4530; x_wconf 86' lang='lat' dir='ltr'><strong>ille</strong></span> <span class='ocrx_word' id='word_1_617' title='bbox 190 4473 311 4546; x_wconf 69' lang='lat' dir='ltr'><strong>praeiens</strong></span> <span class='ocrx_word' id='word_1_618' title='bbox 320 4480 348 4529; x_wconf 92' lang='lat' dir='ltr'><strong>et</strong></span> <span class='ocrx_word' id='word_1_619' title='bbox 355 4472 474 4530; x_wconf 90' lang='lat' dir='ltr'><strong>subinde</strong></span> <span class='ocrx_word' id='word_1_620' title='bbox 483 4478 601 4540; x_wconf 81' lang='lat' dir='ltr'><strong>restam,</strong></span> <span class='ocrx_word' id='word_1_621' title='bbox 615 4474 645 4529; x_wconf 90' lang='lat' dir='ltr'><strong>in</strong></span> <span class='ocrx_word' id='word_1_622' title='bbox 655 4491 703 4539; x_wconf 84' lang='lat' dir='ltr'><strong>eos</strong></span> <span class='ocrx_word' id='word_1_623' title='bbox 712 4475 886 4545; x_wconf 87' lang='lat' dir='ltr'><strong>intendebat,</strong></span> <span class='ocrx_word' id='word_1_624' title='bbox 897 4483 929 4535; x_wconf 91' lang='lat' dir='ltr'><strong>ut</strong></span> <span class='ocrx_word' id='word_1_625' title='bbox 969 4481 1079 4552; x_wconf 89' lang='lat' dir='ltr'><strong>quoties</strong></span> <span class='ocrx_word' id='word_1_626' title='bbox 1092 4496 1158 4535; x_wconf 89' lang='lat' dir='ltr'><strong>eum</strong></span> <span class='ocrx_word' id='word_1_627' title='bbox 1169 4477 1293 4550; x_wconf 88' lang='lat' dir='ltr'><strong>religiosi</strong></span> <span class='ocrx_word' id='word_1_628' title='bbox 1306 4476 1358 4531; x_wconf 89' lang='lat' dir='ltr'><strong>viri</strong></span> <span class='ocrx_word' id='word_1_629' title='bbox 1371 4476 1449 4532; x_wconf 89' lang='lat' dir='ltr'><strong>adire</strong></span> <span class='ocrx_word' id='word_1_630' title='bbox 1460 4475 1618 4542; x_wconf 87' lang='lat' dir='ltr'><strong>voluerunt,</strong></span> <span class='ocrx_word' id='word_1_631' title='bbox 1627 4490 1766 4531; x_wconf 87' lang='lat' dir='ltr'><strong>cursura·</strong></span> 
     </span>
     <span class='ocr_line' id='line_1_49' title="bbox 127 4560 1766 4642; baseline 0 -23"><span class='ocrx_word' id='word_1_632' title='bbox 127 4562 213 4619; x_wconf 70' lang='lat' dir='ltr'><strong>tactile</strong></span> <span class='ocrx_word' id='word_1_633' title='bbox 227 4567 321 4635; x_wconf 87' lang='lat' dir='ltr'><strong>posset</strong></span> <span class='ocrx_word' id='word_1_634' title='bbox 332 4562 452 4633; x_wconf 89' lang='lat' dir='ltr'><strong>intelligi</strong></span> <span class='ocrx_word' id='word_1_635' title='bbox 462 4562 563 4618; x_wconf 88' lang='lat' dir='ltr'><strong>ideam</strong></span> <span class='ocrx_word' id='word_1_636' title='bbox 577 4564 658 4631; x_wconf 85' lang='lat' dir='ltr'><strong>velle,</strong></span> <span class='ocrx_word' id='word_1_637' title='bbox 674 4569 707 4620; x_wconf 91' lang='lat' dir='ltr'><strong>ut</strong></span> <span class='ocrx_word' id='word_1_638' title='bbox 720 4581 775 4636; x_wconf 93' lang='lat' dir='ltr'><strong>quo</strong></span> <span class='ocrx_word' id='word_1_639' title='bbox 785 4566 927 4623; x_wconf 89' lang='lat' dir='ltr'><strong>illaduce-</strong></span> <span class='ocrx_word' id='word_1_640' title='bbox 969 4560 1034 4642; x_wconf 74' lang='lat' dir='ltr'><strong>pido</strong></span> <span class='ocrx_word' id='word_1_641' title='bbox 1046 4569 1227 4641; x_wconf 82' lang='lat' dir='ltr'><strong>aviapetens,</strong></span> <span class='ocrx_word' id='word_1_642' title='bbox 1242 4581 1389 4623; x_wconf 86' lang='lat' dir='ltr'><strong>occursum</strong></span> <span class='ocrx_word' id='word_1_643' title='bbox 1402 4565 1530 4637; x_wconf 81' lang='lat' dir='ltr'><strong>fugiebat</strong></span> <span class='ocrx_word' id='word_1_644' title='bbox 1537 4563 1766 4622; x_wconf 85' lang='lat' dir='ltr'><strong>humanumUni</strong></span> 
     </span>
     <span class='ocr_line' id='line_1_50' title="bbox 127 4650 1764 4727; baseline 0.001 -20"><span class='ocrx_word' id='word_1_645' title='bbox 127 4650 187 4721; x_wconf 82' lang='lat' dir='ltr'><strong>bat,</strong></span> <span class='ocrx_word' id='word_1_646' title='bbox 196 4651 368 4707; x_wconf 85' lang='lat' dir='ltr'><strong>anachoreta</strong></span> <span class='ocrx_word' id='word_1_647' title='bbox 381 4658 556 4723; x_wconf 85' lang='lat' dir='ltr'><strong>sequeretur.</strong></span> <span class='ocrx_word' id='word_1_648' title='bbox 566 4653 639 4718; x_wconf 83' lang='lat' dir='ltr'><strong>Quid</strong></span> <span class='ocrx_word' id='word_1_649' title='bbox 651 4654 762 4708; x_wconf 72' lang='lat' dir='ltr'><strong>multis?</strong></span> <span class='ocrx_word' id='word_1_650' title='bbox 771 4655 807 4710; x_wconf 91' lang='lat' dir='ltr'><strong>ad</strong></span> <span class='ocrx_word' id='word_1_651' title='bbox 817 4657 929 4727; x_wconf 90' lang='lat' dir='ltr'><strong>spelun·</strong></span> <span class='ocrx_word' id='word_1_652' title='bbox 969 4658 1165 4714; x_wconf 86' lang='lat' dir='ltr'><strong>tantummodo</strong></span> <span class='ocrx_word' id='word_1_653' title='bbox 1174 4655 1317 4713; x_wconf 84' lang='lat' dir='ltr'><strong>serebatur</strong></span> <span class='ocrx_word' id='word_1_654' title='bbox 1330 4672 1361 4710; x_wconf 88' lang='lat' dir='ltr'><strong>se</strong></span> <span class='ocrx_word' id='word_1_655' title='bbox 1374 4661 1440 4711; x_wconf 86' lang='lat' dir='ltr'><strong>ante</strong></span> <span class='ocrx_word' id='word_1_656' title='bbox 1452 4654 1677 4727; x_wconf 88' lang='lat' dir='ltr'><strong>quinquennium</strong></span> <span class='ocrx_word' id='word_1_657' title='bbox 1690 4669 1764 4726; x_wconf 78' lang='lat' dir='ltr'><strong>pra·</strong></span> 
     </span>
     <span class='ocr_line' id='line_1_51' title="bbox 126 4739 1765 4818; baseline -0.001 -20"><span class='ocrx_word' id='word_1_658' title='bbox 126 4757 192 4798; x_wconf 74' lang='lat' dir='ltr'><strong>oem</strong></span> <span class='ocrx_word' id='word_1_659' title='bbox 207 4740 304 4797; x_wconf 78' lang='lat' dir='ltr'><strong>bestia</strong></span> <span class='ocrx_word' id='word_1_660' title='bbox 313 4741 483 4813; x_wconf 84' lang='lat' dir='ltr'><strong>pervenitur,</strong></span> <span class='ocrx_word' id='word_1_661' title='bbox 498 4739 723 4799; x_wconf 87' lang='lat' dir='ltr'><strong>ubiillaadultoe</strong></span> <span class='ocrx_word' id='word_1_662' title='bbox 734 4745 928 4818; x_wconf 88' lang='lat' dir='ltr'><strong>jamquinque</strong></span> <span class='ocrx_word' id='word_1_663' title='bbox 969 4745 1063 4804; x_wconf 90' lang='lat' dir='ltr'><strong>buiese</strong></span> <span class='ocrx_word' id='word_1_664' title='bbox 1076 4747 1228 4803; x_wconf 91' lang='lat' dir='ltr'><strong>videndum</strong></span> <span class='ocrx_word' id='word_1_665' title='bbox 1238 4744 1296 4817; x_wconf 91' lang='lat' dir='ltr'><strong>qui,</strong></span> <span class='ocrx_word' id='word_1_666' title='bbox 1309 4744 1401 4812; x_wconf 90' lang='lat' dir='ltr'><strong>credo,</strong></span> <span class='ocrx_word' id='word_1_667' title='bbox 1417 4743 1526 4816; x_wconf 87' lang='lat' dir='ltr'><strong>potenti</strong></span> <span class='ocrx_word' id='word_1_668' title='bbox 1536 4743 1591 4799; x_wconf 90' lang='lat' dir='ltr'><strong>fide</strong></span> <span class='ocrx_word' id='word_1_669' title='bbox 1600 4743 1630 4798; x_wconf 90' lang='lat' dir='ltr'><strong>id</strong></span> <span class='ocrx_word' id='word_1_670' title='bbox 1638 4741 1765 4809; x_wconf 84' lang='lat' dir='ltr'><strong>obtinere</strong></span> 
     </span>
     <span class='ocr_line' id='line_1_52' title="bbox 126 4830 1767 4910; baseline 0 -21"><span class='ocrx_word' id='word_1_671' title='bbox 126 4831 238 4889; x_wconf 73' lang='lat' dir='ltr'><strong>catulos</strong></span> <span class='ocrx_word' id='word_1_672' title='bbox 250 4830 382 4886; x_wconf 80' lang='lat' dir='ltr'><strong>malefeta</strong></span> <span class='ocrx_word' id='word_1_673' title='bbox 395 4830 547 4886; x_wconf 89' lang='lat' dir='ltr'><strong>nutriebat.</strong></span> <span class='ocrx_word' id='word_1_674' title='bbox 560 4831 613 4895; x_wconf 89' lang='lat' dir='ltr'><strong>Qui</strong></span> <span class='ocrx_word' id='word_1_675' title='bbox 623 4837 655 4886; x_wconf 91' lang='lat' dir='ltr'><strong>ut</strong></span> <span class='ocrx_word' id='word_1_676' title='bbox 665 4832 767 4888; x_wconf 88' lang='lat' dir='ltr'><strong>clausis</strong></span> <span class='ocrx_word' id='word_1_677' title='bbox 774 4834 928 4893; x_wconf 88' lang='lat' dir='ltr'><strong>luminibus</strong></span> <span class='ocrx_word' id='word_1_678' title='bbox 968 4836 1193 4910; x_wconf 76' lang='lat' dir='ltr'><strong>promeruit-Cui</strong></span> <span class='ocrx_word' id='word_1_679' title='bbox 1202 4836 1278 4890; x_wconf 89' lang='lat' dir='ltr'><strong>iuter</strong></span> <span class='ocrx_word' id='word_1_680' title='bbox 1290 4834 1381 4889; x_wconf 87' lang='lat' dir='ltr'><strong>multa</strong></span> <span class='ocrx_word' id='word_1_681' title='bbox 1389 4834 1527 4906; x_wconf 84' lang='lat' dir='ltr'><strong>colloquia</strong></span> <span class='ocrx_word' id='word_1_682' title='bbox 1533 4833 1709 4905; x_wconf 87' lang='lat' dir='ltr'><strong>percontanti</strong></span> <span class='ocrx_word' id='word_1_683' title='bbox 1716 4848 1767 4889; x_wconf 88' lang='lat' dir='ltr'><strong>cur</strong></span> 
     </span>
     <span class='ocr_line' id='line_1_53' title="bbox 127 4920 1765 4998; baseline 0.001 -22"><span class='ocrx_word' id='word_1_684' title='bbox 127 4936 163 4976; x_wconf 85' lang='lat' dir='ltr'><strong>ex</strong></span> <span class='ocrx_word' id='word_1_685' title='bbox 180 4921 243 4976; x_wconf 88' lang='lat' dir='ltr'><strong>alvo</strong></span> <span class='ocrx_word' id='word_1_686' title='bbox 260 4920 360 4975; x_wconf 90' lang='lat' dir='ltr'><strong>matris</strong></span> <span class='ocrx_word' id='word_1_687' title='bbox 382 4921 517 4987; x_wconf 87' lang='lat' dir='ltr'><strong>exierant,</strong></span> <span class='ocrx_word' id='word_1_688' title='bbox 542 4921 667 4977; x_wconf 83' lang='lat' dir='ltr'><strong>caecitato</strong></span> <span class='ocrx_word' id='word_1_689' title='bbox 688 4928 825 4996; x_wconf 89' lang='lat' dir='ltr'><strong>perpetua</strong></span> <span class='ocrx_word' id='word_1_690' title='bbox 847 4930 927 4980; x_wconf 91' lang='lat' dir='ltr'><strong>tene·</strong></span> <span class='ocrx_word' id='word_1_691' title='bbox 968 4925 1097 4983; x_wconf 87' lang='lat' dir='ltr'><strong>homines</strong></span> <span class='ocrx_word' id='word_1_692' title='bbox 1110 4930 1258 4998; x_wconf 87' lang='lat' dir='ltr'><strong>tantopere</strong></span> <span class='ocrx_word' id='word_1_693' title='bbox 1271 4924 1389 4995; x_wconf 85' lang='lat' dir='ltr'><strong>fugeret,</strong></span> <span class='ocrx_word' id='word_1_694' title='bbox 1400 4923 1577 4995; x_wconf 86' lang='lat' dir='ltr'><strong>respondisse</strong></span> <span class='ocrx_word' id='word_1_695' title='bbox 1586 4922 1628 4978; x_wconf 92' lang='lat' dir='ltr'><strong>illi</strong></span> <span class='ocrx_word' id='word_1_696' title='bbox 1636 4921 1765 4995; x_wconf 88' lang='lat' dir='ltr'><strong>perhibe·</strong></span> 
     </span>
     <span class='ocr_line' id='line_1_54' title="bbox 128 5008 1764 5084; baseline 0.001 -18"><span class='ocrx_word' id='word_1_697' title='bbox 128 5008 244 5066; x_wconf 78' lang='lat' dir='ltr'><strong>omem.</strong></span> <span class='ocrx_word' id='word_1_698' title='bbox 260 5010 337 5074; x_wconf 83' lang='lat' dir='ltr'><strong>Quos</strong></span> <span class='ocrx_word' id='word_1_699' title='bbox 355 5009 480 5082; x_wconf 86' lang='lat' dir='ltr'><strong>singulos</strong></span> <span class='ocrx_word' id='word_1_700' title='bbox 494 5009 529 5066; x_wconf 91' lang='lat' dir='ltr'><strong>de</strong></span> <span class='ocrx_word' id='word_1_701' title='bbox 542 5027 613 5083; x_wconf 90' lang='lat' dir='ltr'><strong>rupe</strong></span> <span class='ocrx_word' id='word_1_702' title='bbox 628 5012 761 5083; x_wconf 90' lang='lat' dir='ltr'><strong>prolatos,</strong></span> <span class='ocrx_word' id='word_1_703' title='bbox 782 5018 848 5069; x_wconf 90' lang='lat' dir='ltr'><strong>ante</strong></span> <span class='ocrx_word' id='word_1_704' title='bbox 862 5031 928 5071; x_wconf 83' lang='lat' dir='ltr'><strong>ane·</strong></span> <span class='ocrx_word' id='word_1_705' title='bbox 968 5018 1028 5070; x_wconf 90' lang='lat' dir='ltr'><strong>tur:</strong></span> <span class='ocrx_word' id='word_1_706' title='bbox 1045 5015 1146 5080; x_wconf 78' lang='lat' dir='ltr'><strong>Quian</strong></span> <span class='ocrx_word' id='word_1_707' title='bbox 1161 5013 1321 5070; x_wconf 86' lang='lat' dir='ltr'><strong>hominibus</strong></span> <span class='ocrx_word' id='word_1_708' title='bbox 1334 5012 1540 5084; x_wconf 86' lang='lat' dir='ltr'><strong>frequentatur,</strong></span> <span class='ocrx_word' id='word_1_709' title='bbox 1553 5028 1610 5067; x_wconf 92' lang='lat' dir='ltr'><strong>non</strong></span> <span class='ocrx_word' id='word_1_710' title='bbox 1624 5017 1717 5084; x_wconf 89' lang='lat' dir='ltr'><strong>potest</strong></span> <span class='ocrx_word' id='word_1_711' title='bbox 1729 5011 1764 5067; x_wconf 90' lang='lat' dir='ltr'><strong>ab</strong></span> 
     </span>
     <span class='ocr_line' id='line_1_55' title="bbox 127 5098 1766 5176; baseline 0 -20"><span class='ocrx_word' id='word_1_712' title='bbox 127 5098 252 5156; x_wconf 81' lang='lat' dir='ltr'><strong>oboretae</strong></span> <span class='ocrx_word' id='word_1_713' title='bbox 260 5099 346 5171; x_wconf 89' lang='lat' dir='ltr'><strong>pedes</strong></span> <span class='ocrx_word' id='word_1_714' title='bbox 355 5104 447 5154; x_wconf 86' lang='lat' dir='ltr'><strong>mater</strong></span> <span class='ocrx_word' id='word_1_715' title='bbox 455 5100 592 5172; x_wconf 83' lang='lat' dir='ltr'><strong>exposuit.</strong></span> <span class='ocrx_word' id='word_1_716' title='bbox 603 5102 681 5157; x_wconf 92' lang='lat' dir='ltr'><strong>Tunc</strong></span> <span class='ocrx_word' id='word_1_717' title='bbox 690 5102 804 5159; x_wconf 89' lang='lat' dir='ltr'><strong>demum</strong></span> <span class='ocrx_word' id='word_1_718' title='bbox 814 5112 927 5161; x_wconf 82' lang='lat' dir='ltr'><strong>sanctus</strong></span> <span class='ocrx_word' id='word_1_719' title='bbox 968 5105 1077 5176; x_wconf 86' lang='lat' dir='ltr'><strong>angelis</strong></span> <span class='ocrx_word' id='word_1_720' title='bbox 1089 5102 1289 5162; x_wconf 88' lang='lat' dir='ltr'><strong>visitari.Unde</strong></span> <span class='ocrx_word' id='word_1_721' title='bbox 1300 5117 1356 5157; x_wconf 91' lang='lat' dir='ltr'><strong>non</strong></span> <span class='ocrx_word' id='word_1_722' title='bbox 1366 5101 1508 5156; x_wconf 90' lang='lat' dir='ltr'><strong>immerito</strong></span> <span class='ocrx_word' id='word_1_723' title='bbox 1514 5106 1627 5174; x_wconf 89' lang='lat' dir='ltr'><strong>recepta</strong></span> <span class='ocrx_word' id='word_1_724' title='bbox 1633 5101 1766 5173; x_wconf 91' lang='lat' dir='ltr'><strong>opinione</strong></span> 
     </span>
     <span class='ocr_line' id='line_1_56' title="bbox 127 5187 1766 5264; baseline 0 -18"><span class='ocrx_word' id='word_1_725' title='bbox 127 5189 252 5246; x_wconf 65' lang='lat' dir='ltr'><strong>edveffit</strong></span> <span class='ocrx_word' id='word_1_726' title='bbox 265 5188 334 5261; x_wconf 87' lang='lat' dir='ltr'><strong>quid</strong></span> <span class='ocrx_word' id='word_1_727' title='bbox 347 5187 438 5244; x_wconf 88' lang='lat' dir='ltr'><strong>bestia</strong></span> <span class='ocrx_word' id='word_1_728' title='bbox 450 5190 619 5261; x_wconf 75' lang='lat' dir='ltr'><strong>postularet,</strong></span> <span class='ocrx_word' id='word_1_729' title='bbox 631 5191 814 5264; x_wconf 88' lang='lat' dir='ltr'><strong>invocatoque</strong></span> <span class='ocrx_word' id='word_1_730' title='bbox 823 5193 929 5250; x_wconf 80' lang='lat' dir='ltr'><strong>Christi</strong></span> <span class='ocrx_word' id='word_1_731' title='bbox 968 5196 1133 5262; x_wconf 91' lang='lat' dir='ltr'><strong>multorum,</strong></span> <span class='ocrx_word' id='word_1_732' title='bbox 1141 5193 1217 5249; x_wconf 85' lang='lat' dir='ltr'><strong>tama</strong></span> <span class='ocrx_word' id='word_1_733' title='bbox 1225 5192 1398 5263; x_wconf 86' lang='lat' dir='ltr'><strong>vulgaverat,</strong></span> <span class='ocrx_word' id='word_1_734' title='bbox 1406 5197 1534 5248; x_wconf 88' lang='lat' dir='ltr'><strong>sanctum</strong></span> <span class='ocrx_word' id='word_1_735' title='bbox 1545 5191 1625 5247; x_wconf 92' lang='lat' dir='ltr'><strong>illum</strong></span> <span class='ocrx_word' id='word_1_736' title='bbox 1636 5190 1670 5246; x_wconf 91' lang='lat' dir='ltr'><strong>ab</strong></span> <span class='ocrx_word' id='word_1_737' title='bbox 1682 5208 1766 5264; x_wconf 84' lang='lat' dir='ltr'><strong>ange·</strong></span> 
     </span>
     <span class='ocr_line' id='line_1_57' title="bbox 127 5277 1134 5352; baseline 0.004 -17"><span class='ocrx_word' id='word_1_738' title='bbox 127 5277 926 5352; x_wconf 77' lang='lat' dir='ltr'><strong>nomine,contrectavitmanuclausalumineeatulorum5</strong></span> <span class='ocrx_word' id='word_1_739' title='bbox 968 5284 1004 5339; x_wconf 90' lang='lat' dir='ltr'><strong>lis</strong></span> <span class='ocrx_word' id='word_1_740' title='bbox 1018 5284 1134 5339; x_wconf 88' lang='lat' dir='ltr'><strong>visitari.</strong></span> 
     </span>
    </p>
   </div>
   <div class='ocr_carea' id='block_1_4' title="bbox 126 5364 1869 5444">
    <p class='ocr_par' dir='ltr' id='par_1_4' title="bbox 126 5364 1869 5444">
     <span class='ocr_line' id='line_1_58' title="bbox 126 5364 1869 5444; baseline 0.002 -21"><span class='ocrx_word' id='word_1_741' title='bbox 126 5367 274 5424; x_wconf 64' lang='lat' dir='ltr'><strong>cosmum</strong></span> <span class='ocrx_word' id='word_1_742' title='bbox 287 5369 412 5425; x_wconf 76' lang='lat' dir='ltr'><strong>cecitate</strong></span> <span class='ocrx_word' id='word_1_743' title='bbox 423 5369 550 5441; x_wconf 86' lang='lat' dir='ltr'><strong>depulsa,</strong></span> <span class='ocrx_word' id='word_1_744' title='bbox 561 5371 667 5442; x_wconf 88' lang='lat' dir='ltr'><strong>apertis</strong></span> <span class='ocrx_word' id='word_1_745' title='bbox 677 5371 763 5426; x_wconf 88' lang='lat' dir='ltr'><strong>oculis</strong></span> <span class='ocrx_word' id='word_1_746' title='bbox 774 5370 928 5429; x_wconf 86' lang='lat' dir='ltr'><strong>bestiarum</strong></span> <span class='ocrx_word' id='word_1_747' title='bbox 1006 5374 1063 5444; x_wconf 86' lang='lat' dir='ltr'><strong>Ego</strong></span> <span class='ocrx_word' id='word_1_748' title='bbox 1078 5373 1389 5430; x_wconf 86' lang='lat' dir='ltr'><strong>autemaSinamonte</strong></span> <span class='ocrx_word' id='word_1_749' title='bbox 1401 5372 1658 5444; x_wconf 62' lang='lat' dir='ltr'><strong>digressusque),</strong></span> <span class='ocrx_word' id='word_1_750' title='bbox 1674 5370 1765 5427; x_wconf 89' lang='lat' dir='ltr'><strong>adNi·</strong></span> <span class='ocrx_word' id='word_1_751' title='bbox 1864 5364 1869 5385; x_wconf 90' lang='lat'><em>&#39;</em></span> 
     </span>
    </p>
   </div>
   <div class='ocr_carea' id='block_1_5' title="bbox 127 5456 1764 5535">
    <p class='ocr_par' dir='ltr' id='par_1_5' title="bbox 127 5456 1764 5535">
     <span class='ocr_line' id='line_1_59' title="bbox 127 5456 1764 5535; baseline 0 -22"><span class='ocrx_word' id='word_1_752' title='bbox 127 5456 179 5515; x_wconf 86' lang='lat' dir='ltr'><strong>diu</strong></span> <span class='ocrx_word' id='word_1_753' title='bbox 199 5463 304 5530; x_wconf 85' lang='lat' dir='ltr'><strong>negata</strong></span> <span class='ocrx_word' id='word_1_754' title='bbox 319 5459 365 5513; x_wconf 89' lang='lat' dir='ltr'><strong>lux</strong></span> <span class='ocrx_word' id='word_1_755' title='bbox 383 5457 484 5530; x_wconf 90' lang='lat' dir='ltr'><strong>patuit.</strong></span> <span class='ocrx_word' id='word_1_756' title='bbox 503 5460 547 5515; x_wconf 87' lang='lat' dir='ltr'><strong>lte</strong></span> <span class='ocrx_word' id='word_1_757' title='bbox 565 5459 666 5515; x_wconf 86' lang='lat' dir='ltr'><strong>fratres</strong></span> <span class='ocrx_word' id='word_1_758' title='bbox 681 5459 728 5516; x_wconf 92' lang='lat' dir='ltr'><strong>illo</strong></span> <span class='ocrx_word' id='word_1_759' title='bbox 747 5461 925 5528; x_wconf 86' lang='lat' dir='ltr'><strong>anachoreta,</strong></span> <span class='ocrx_word' id='word_1_760' title='bbox 968 5463 1027 5518; x_wconf 93' lang='lat' dir='ltr'><strong>lum</strong></span> <span class='ocrx_word' id='word_1_761' title='bbox 1040 5464 1145 5519; x_wconf 89' lang='lat' dir='ltr'><strong>llumcn</strong></span> <span class='ocrx_word' id='word_1_762' title='bbox 1159 5479 1305 5535; x_wconf 89' lang='lat' dir='ltr'><strong>regressus</strong></span> <span class='ocrx_word' id='word_1_763' title='bbox 1318 5479 1391 5529; x_wconf 84' lang='lat' dir='ltr'><strong>sum,</strong></span> <span class='ocrx_word' id='word_1_764' title='bbox 1405 5459 1764 5535; x_wconf 84' lang='lat' dir='ltr'><strong>cujusripassrequentibus</strong></span> 
     </span>
    </p>
   </div>
   <div class='ocr_carea' id='block_1_6' title="bbox 127 5547 1764 5642">
    <p class='ocr_par' dir='ltr' id='par_1_6' title="bbox 127 5547 1764 5642">
     <span class='ocr_line' id='line_1_60' title="bbox 127 5547 1764 5642; baseline 0.001 -39"><span class='ocrx_word' id='word_1_765' title='bbox 127 5563 215 5623; x_wconf 85' lang='lat' dir='ltr'><strong>quem</strong></span> <span class='ocrx_word' id='word_1_766' title='bbox 230 5547 468 5619; x_wconf 85' lang='lat' dir='ltr'><strong>desideraverant,</strong></span> <span class='ocrx_word' id='word_1_767' title='bbox 483 5548 603 5620; x_wconf 84' lang='lat' dir='ltr'><strong>visitato,</strong></span> <span class='ocrx_word' id='word_1_768' title='bbox 620 5549 762 5609; x_wconf 78' lang='lat' dir='ltr'><strong>unctuosa</strong></span> <span class='ocrx_word' id='word_1_769' title='bbox 771 5549 875 5609; x_wconf 85' lang='lat' dir='ltr'><strong>loboris</strong></span> <span class='ocrx_word' id='word_1_770' title='bbox 882 5551 927 5609; x_wconf 89' lang='lat' dir='ltr'><strong>sui</strong></span> <span class='ocrx_word' id='word_1_771' title='bbox 967 5553 1147 5612; x_wconf 89' lang='lat' dir='ltr'><strong>monasteriis</strong></span> <span class='ocrx_word' id='word_1_772' title='bbox 1170 5558 1324 5621; x_wconf 81' lang='lat' dir='ltr'><strong>consertas,</strong></span> <span class='ocrx_word' id='word_1_773' title='bbox 1350 5556 1470 5627; x_wconf 87' lang='lat' dir='ltr'><strong>utreque</strong></span> <span class='ocrx_word' id='word_1_774' title='bbox 1490 5570 1523 5609; x_wconf 87' lang='lat' dir='ltr'><strong>ex</strong></span> <span class='ocrx_word' id='word_1_775' title='bbox 1547 5557 1627 5629; x_wconf 88' lang='lat' dir='ltr'><strong>parte</strong></span> <span class='ocrx_word' id='word_1_776' title='bbox 1646 5548 1764 5642; x_wconf 82' lang='lat' dir='ltr'><strong>lustravi</strong></span> 
     </span>
    </p>
   </div>
   <div class='ocr_carea' id='block_1_7' title="bbox 0 0 1914 6120">
    <p class='ocr_par' dir='ltr' id='par_1_7' title="bbox 0 0 1914 6120">
     <span class='ocr_line' id='line_1_61' title="bbox 0 0 1914 6120; baseline 0 0"><span class='ocrx_word' id='word_1_777' title='bbox 0 0 1914 6120; x_wconf 95' lang='lat' dir='ltr'><strong> </strong></span> 
     </span>
    </p>
   </div>
  </div>
 </body>
</html>
