3818 6120
129 284 183 342 87¹)
640 281 688 338 ult
704 281 800 338 Vitis
819 281 967 339 aarum
985 282 1092 340 LIBER
1110 282 1255 342 pentus.
1721 283 1773 340 38⁰

131 415 265 486 Cyprum,
281 415 310 467 in
337 412 477 466 civitatem
503 426 595 464 auam.
619 408 699 465 Unde
723 409 866 463 occasione
882 407 1128 477 ac·Agloriiicabo
1144 411 1170 471 ll
1179 409 1240 477 lien.
1259 409 1300 474 ul.
1318 408 1391 462 Vere
1405 404 1481 463 euim
1499 408 1649 479 magnilica
1664 407 1771 478 glorin-

131 509 221 574 capta,
238 502 369 574 prostatus
384 501 481 554 Niceta
493 499 626 571 patricius
643 498 716 552 dixit
734 497 769 551 od
782 502 925 552 salictum:
969 497 1042 550 cavit
1056 502 1184 551 sanctum
1199 497 1282 565 hunc,
1298 498 1345 568 qui
1359 498 1388 551 in
1402 499 1461 552 suis
1471 514 1585 569 semper
1592 496 1674 552 bonis
1687 497 1772 567 glori·

132 592 261 649 Obsecro,
279 592 302 644 si
321 590 416 644 inveni
434 589 555 658 gratiam
571 594 636 642 ante
661 595 696 649 tc,
715 604 750 640 ne
770 586 928 656 dedigneris
969 587 1069 640 litatus
1081 592 1125 640 est
1137 587 1283 640 Dominus.
1299 588 1362 641 Non
1376 588 1451 641 enim
1477 587 1569 640 serens
1593 585 1697 640 nobilis
1716 587 1769 652 hic,

130 679 242 750 fatigari
256 695 344 749 usque
358 678 394 731 ed
414 677 541 747 reginam
563 677 714 741 civitatem,
737 681 765 730 et
788 675 858 729 hene
881 690 928 727 oc·
969 675 1117 745 temporali
1127 675 1182 729 rita
1192 676 1445 746 suacenquiescere
1455 680 1553 729 sancta
1561 673 1681 745 etdigna
1692 674 1774 729 laude

131 772 225 839 captas
240 784 336 838 preces
350 771 414 821 tuas
428 768 532 820 donare
552 766 685 838 piissimis
700 765 926 836 imperatoribus.
970 762 1053 828 bona,
1070 764 1138 833 quid
1153 765 1212 834 egit
1222 764 1234 817 ?
1245 764 1434 830 Xenodochia,
1452 762 1672 834 gerontocomia,
1689 768 1773 835 atque

131 853 180 907 Illa
194 868 259 906 voro
273 853 368 907 multas
386 852 450 908 fidei
467 857 562 917 φθῇ
575 851 627 904 riri
651 851 840 913 consentiens,
862 848 929 903 obe·
971 853 1142 907 monasteria
1156 870 1173 907 a
1187 853 1377 908 fundamentis
1392 853 1543 919 edificans,
1556 858 1584 907 et
1593 853 1695 907 choros
1709 868 1775 908 son-

131 941 211 994 diens
227 942 263 995 ad
279 942 332 997 hoc
351 942 441 996 iaetus
460 941 574 994 estDeo
589 946 618 994 et
633 939 770 994 voluntati
785 941 855 1007 ejus,
870 944 899 992 et
913 955 931 992 a
971 947 1080 995 ctorum
1108 943 1309 996 iraenaehorum
1330 946 1466 1005 statuens,
1482 941 1679 996 incessabilem
1703 958 1774 997 rerae

131 1045 160 1083 se
168 1029 266 1083 datum
276 1030 413 1084 honorem
424 1034 561 1099 quantum
567 1033 629 1082 erat
638 1028 830 1083 circabcotum
841 1033 931 1082 osten·
969 1030 1086 1100 justitia
1097 1031 1263 1085 memoriam
1274 1031 1408 1102 possidet,
1418 1048 1469 1103 per
1480 1048 1514 1085 ea
1523 1047 1585 1102 quae
1595 1031 1775 1086 celebrantur

131 1118 198 1172 dere
213 1119 332 1173 volente.
348 1119 476 1188 Fatigato
491 1117 576 1188 igitur
590 1117 654 1171 navi
669 1117 860 1187 multipliciter
875 1136 889 1169 n
906 1117 928 1169 ri
972 1119 1000 1172 in
1015 1119 1055 1172 eis
1063 1119 1138 1173 bona
1146 1136 1241 1190 opera.
1252 1121 1332 1184 Quod
1340 1121 1415 1174 enim
1425 1120 1459 1174 de
1473 1120 1517 1173 his
1527 1119 1575 1194 qul
1591 1120 1774 1192 malaagmnt,

131 1212 288 1277 ventorum,
303 1208 334 1262 iu
352 1223 408 1277 qua
426 1212 538 1261 sanctus
553 1222 616 1260 cum
637 1206 754 1277 patricio
769 1209 839 1267 erat,
857 1205 930 1259 etin
972 1213 1181 1263 etsuecossoree
1192 1210 1371 1280 propriorum
1387 1209 1526 1263 malorum
1538 1214 1734 1279 postmortem
1745 1209 1774 1263 in

27 1324 32 1331 =
131 1295 302 1366 profundum
319 1296 465 1361 mittenda,
484 1296 560 1349 videt
574 1311 649 1366 sape
660 1301 832 1351 memoratus
842 1294 930 1365 patri·
970 1297 1027 1350 rita
1039 1297 1091 1352 hac
1105 1297 1278 1368 relinquunt,
1295 1298 1335 1351 alt
1349 1298 1467 1352 Domino
1482 1298 1581 1369 plenus
1600 1297 1755 1368 Apostolus
1770 1316 1775 1350 :

132 1385 201 1450 cius,
223 1390 251 1437 et
265 1385 415 1455 optimates
429 1385 478 1455 qui
492 1401 555 1442 cum
570 1401 603 1438 eo
617 1390 707 1448 erant,
723 1400 781 1437 una
795 1389 884 1447 nocte,
902 1383 931 1438 in
972 1385 1110 1449 Quoniam
1127 1388 1315 1455 quorumdam
1331 1392 1444 1457 peccata
1456 1386 1606 1441 manifesto
1619 1391 1696 1451 sunt,
1708 1403 1776 1457 prae·

134 1488 190 1544 que
203 1478 355 1544 tempestas
368 1473 441 1527 iacta
455 1479 506 1538 eet,
520 1474 709 1544 patriarcham
725 1473 807 1529 modo
818 1473 931 1543 quidem
972 1476 1142 1531 cedentiaad
1150 1477 1290 1547 judicium
1302 1495 1308 1543 ;
1320 1477 1558 1549 quosdomoutem
1568 1475 1780 1547 etsubsequun·

132 1578 196 1616 cum
212 1563 383 1634 pauperibus
398 1579 447 1634 per
473 1563 565 1616 navim
587 1562 690 1633 ubique
710 1562 931 1617 circumcurren·
971 1557 1027 1620 tur.
1039 1563 1691 1635 Hococontra(93)dehocbeatodicendumest:
1705 1565 1778 1629 Quo·

131 1657 199 1717 tem,
216 1652 298 1705 modo
317 1657 413 1706 autem
431 1651 607 1707 iterumcum
623 1651 663 1704 eis
674 1667 773 1705 manus
786 1652 817 1706 in
831 1653 931 1706 coelum
974 1654 1050 1708 niam
1061 1655 1247 1725 quorumdam
1254 1654 1773 1725 justitiaemonifestaesuntpraecedcn·

131 1740 338 1803 extendentem,
355 1748 383 1794 et
401 1740 437 1794 ab
451 1740 507 1794 alto
522 1741 694 1810 adjutorium
708 1726 962 1794 obstr-ahamoni}
975 1748 1019 1797 tes
1030 1744 1059 1797 iu
1073 1759 1191 1813 regnum
1206 1743 1340 1798 coelorum
1354 1745 1381 1809 (l
1391 1745 1473 1808 Tim,
1484 1745 1519 1807 vl,
1535 1741 1672 1812 quosdam
1682 1746 1779 1796 autem

131 1828 259 1898 Ournque
273 1829 302 1882 in
318 1828 449 1883 Rhodum
460 1828 518 1896 (eth
530 1829 722 1900 pervenissent
733 1829 924 1894 ascendentes,
976 1838 1004 1886 et
1024 1832 1241 1903 subsequuntur,
1254 1832 1400 1904 dequibus
1416 1848 1488 1886 unus
1503 1837 1532 1885 et
1544 1831 1597 1885 iste
1611 1830 1732 1885 exstitit.
1743 1831 1777 1886 ut

130 1916 207 1970 ridet
220 1917 430 1988 expergefactus
442 1919 525 1972 aDeo
535 1926 650 1971 vocatus
666 1917 710 1971 hic
721 1919 870 1988 quemdam
887 1935 934 1973 ou·
975 1919 1108 1990 quoniam
1123 1935 1180 1973 non
1193 1918 1296 1985 sabulo,
1323 1935 1415 1991 neque
1431 1918 1465 1972 ad
1480 1918 1602 1988 gratiam
1625 1923 1679 1981 est,
1701 1919 1776 1989 quod

131 2006 256 2060 nochum
268 2011 461 2060 coruscantem
473 2007 572 2071 ibrma,
583 2012 610 2059 et
619 2022 736 2061 aureum
752 2012 892 2077 sceptrum
905 2008 932 2062 lu
975 2009 1080 2062 dictum
1094 2014 1212 2074 constat,
1233 2008 1427 2062 testimonium
1440 2007 1519 2061 nobis
1534 2005 1682 2078 perhibeat
1695 2007 1778 2078 plane

131 2094 231 2148 dextro
240 2099 393 2159 tenentem,
402 2095 581 2149 assistentem
592 2095 679 2149 sibiet
687 2096 839 2153 dicentem:
850 2097 933 2165 Veni,
975 2097 1049 2168 quod
1064 2113 1127 2151 mox
1150 2097 1178 2151 in
1192 2097 1316 2167 pretiosa
1330 2098 1391 2171 ejus
1410 2096 1579 2151 dormitione
1598 2103 1712 2166 gestum
1736 2101 1778 2150 est

129 2184 197 2253 jube
212 2182 251 2251 (et
260 2188 278 2250 l,
295 2185 352 2241 Rex
361 2184 542 2254 regnantium
555 2185 703 2255 quaeritte.
715 2185 791 2239 Nihil
801 2201 870 2256 ergo
879 2192 934 2242 sta·
975 2186 1144 2257 prodigium.
1155 2186 1295 2241 'Prudente
1306 2184 1388 2240 enim¹
1397 2203 1430 2240 eo
1446 2191 1474 2239 et
1487 2185 1704 2239 commendante
1717 2201 1780 2257 pro·

131 2272 181 2326 tim
198 2273 353 2343 negligens,
371 2273 488 2327 advocat
502 2273 652 2343 patricium
668 2275 693 2327 N
695 2274 805 2338 icetam,
823 2281 851 2328 et
865 2275 934 2329 dicit
975 2274 1064 2345 priam
1076 2274 1200 2328 animam
1214 2274 1243 2327 in
1254 2289 1340 2327 manu
1350 2272 1471 2338 Domini,
1484 2278 1517 2326 ut
1530 2273 1570 2326 oit
1585 2271 1689 2327 alicubi
1699 2289 1776 2327 sacra

132 2361 158 2417 ei
172 2377 235 2416 cum
250 2363 348 2416 multis
366 2363 497 2433 lacrymis
515 2382 522 2416 .·
536 2364 577 2416 'lu
594 2363 716 2433 quidem,
734 2379 750 2415 ο
765 2364 886 2428 domine,
898 2363 933 2418 ad
974 2361 1396 2416 Litteratlustorumanimaein
1409 2378 1494 2416 manu
1504 2361 1554 2416 Ilei
1566 2362 1716 2432 sunt(Sup.
1726 2366 1775 2432 rui,

132 2456 277 2505 terrenum
287 2452 488 2522 imperatorem
500 2469 544 2505 ine
560 2452 679 2505 vocasti:
696 2452 744 2504 eod
762 2453 933 2522 preveniens
975 2457 1003 2505 ut
1017 2452 1088 2504 hanc
1102 2451 1127 2503 ei
1138 2456 1170 2505 ut
1183 2450 1349 2504 sacrificium
1366 2450 1541 2503 immolatum
1553 2449 1699 2514 offerente,
1714 2466 1774 2504 cum

79 2544 84 2553 '
133 2540 264 2604 celestis,
282 2547 347 2594 ante
360 2541 466 2594 vocarit
478 2541 660 2612 exiguitatem
673 2557 776 2596 meam.
791 2542 824 2595 Et
837 2542 935 2596 rotulit
975 2539 1774 2609 recondendumessethonombileejuscorpushorrorifice,

133 2633 161 2681 et
176 2629 307 2694 eunuchi,
329 2630 385 2683 imo
407 2630 500 2700 angeli
516 2629 660 2692 visionem,
678 2646 739 2700 quie
765 2637 935 2700 apparuerat
975 2633 1078 2682 etcum
1097 2645 1220 2697 congruo
1236 2627 1426 2682 sacerdotibus
1436 2628 1493 2681 ritu
1503 2627 1532 2681 in
1545 2627 1669 2698 quodam
1684 2632 1773 2681 orato

133 2716 195 2771 sibi.
213 2718 331 2772 Gavisus
347 2734 413 2789 ergo
429 2724 457 2772 et
469 2718 558 2772 tristis
574 2718 664 2771 fractus
679 2718 754 2772 idem
764 2719 934 2788 gloriosissi·
976 2716 1018 2770 rio
1040 2718 1129 2770 sancti
1144 2717 1344 2771 miraculorum
1365 2716 1479 2771 factoris
1500 2716 1641 2787 Tychonis
1656 2715 1723 2783 (943,
1745 2716 1775 2770 tlt

132 2822 196 2860 mus
211 2807 262 2871 vir,
278 2808 415 2879 impedire
429 2813 557 2862 sanctum
568 2823 624 2862 non
639 2807 740 2878 potuit.
752 2807 869 2861 Abunde
884 2809 935 2879 igi·
976 2805 1116 2876 quoddam
1133 2806 1189 2859 tale
1205 2807 1318 2875 signum
1332 2805 1497 2875 gloriosum.

133 2900 180 2948 tur
195 2895 298 2949 sanctis
322 2898 383 2966 ejus
404 2897 527 2966 repletus
540 2895 721 2959 orationibus,
739 2902 767 2949 et
781 2895 934 2967 imperato
1011 2893 1076 2947 Car.
1092 2895 1123 2949 L.
1139 2923 1168 2935 -
1181 2893 1316 2948 lucebant
1329 2894 1358 2948 in
1368 2894 1488 2965 quodam
1503 2894 1624 2957 tumulo,
1637 2893 1686 2947 ubi
1698 2895 1775 2964 etlu-

133 2983 211 3038 ribus
225 2984 275 3039 has
289 2984 426 3051 deserens,
443 3001 508 3038 cum
523 2983 610 3039 multo
625 2985 732 3041 honoro
755 2985 847 3039 redire
864 2986 890 3039 ei
905 2986 944 3057 in·
975 2989 1035 3037 stus
1051 2984 1094 3037 hic
1109 2983 1285 3054 reponendus
1299 2989 1370 3047 erat,
1382 2983 1501 3037 duorum
1514 2983 1657 3052 quondam
1672 2983 1776 3053 episco-

134 3075 258 3145 Cyprum
271 3075 367 3144 jussit.
946 3084 1085 3144 flporum,
1101 3072 1148 3143 qui
1170 3079 1235 3126 ante
1249 3072 1431 3137 dormierant,
1447 3078 1545 3125 sancta
1564 3072 1703 3126 veraciter
1716 3086 1776 3125 cor·

170 3162 238 3220 Gar.
262 3164 357 3218 XLIX.
374 3193 407 3203 —
421 3164 594 3217 Advenieute
609 3180 676 3233 ergo
691 3180 724 3217 eo
736 3165 766 3218 in
790 3165 933 3236 propriam
975 3178 1044 3233 poro
1057 3167 1235 3217 sanctorum:
1250 3178 1312 3231 quae
1326 3167 1356 3215 ot
1367 3161 1393 3214 in
1410 3165 1513 3215 natura
1523 3161 1647 3214 exanimi
1661 3159 1777 3215 interim

134 3252 283 3314 civitatem,
297 3269 358 3323 quae
365 3253 539 3308 Amathunta
549 3250 934 3322 (9²2)rocebatur·,testamen-
974 3250 1114 3321 degentia,
1128 3257 1264 3321 tanquam
1280 3251 1303 3303 si
1323 3250 1383 3303 viva
1398 3266 1497 3304 revera
1516 3255 1620 3314 essent,
1637 3250 1776 3320 aequalem

133 3346 194 3396 tum
210 3342 355 3412 proprium
367 3341 487 3397 scribere
497 3342 552 3396 cito
568 3342 704 3396 ministris
718 3343 776 3396 suis
790 3343 931 3414 praecepit.
974 3346 1071 3394 sancto
1085 3341 1219 3394 honorem
1229 3339 1399 3393 tribuerunt.
1417 3339 1488 3393 Cum
1501 3338 1576 3392 anim
1587 3337 1664 3393 beati
1676 3354 1776 3409 corpus

134 3429 274 3484 velociter
280 3446 345 3484 vero
357 3436 386 3484 et
398 3432 459 3485 sine
471 3431 605 3487 dilatione
613 3432 740 3485 chortam
754 3436 783 3484 et
794 3433 933 3489 calamum
973 3429 1125 3483 interduos
1132 3429 1194 3483 illos
1201 3429 1425 3499 componendum
1433 3428 1693 3493 esset,honorantes
1702 3443 1776 3481 sum·

135 3519 378 3589 praesentantibus,
394 3520 526 3590 proecepit
546 3537 655 3573 sacrum
672 3520 741 3573 illud
766 3520 934 3575 asscribere
974 3535 1051 3572 mum
1070 3524 1212 3589 pastorem
1232 3522 1368 3588 pastores,
1384 3522 1412 3571 et
1426 3517 1545 3571 multam
1559 3517 1621 3585 ejus
1637 3516 1775 3572 fiduciam

134 3608 173 3662 sio
191 3626 196 3659 :
215 3627 227 3659 s
244 3609 366 3662 loannes
380 3626 486 3665 servus.
504 3615 619 3679 propter
632 3625 693 3661 earn
710 3625 775 3662 vero
790 3627 851 3679 quae
866 3627 933 3682 sup·
974 3608 1048 3677 apud
1063 3609 1151 3661 Deum
1161 3613 1330 3668 reverentes,
1348 3606 1432 3659 simul
1447 3611 1475 3659 et
1489 3605 1635 3666 mirantes.
1650 3605 1703 3659 Dei
1715 3607 1776 3674 jus·

134 3696 931 3767 positaesimihisacerdotiidignitatem,Dcigratialiber.
974 3692 1779 3767 sionetauquamrivicorporasuoseparantesibb),inme·

135 3785 315 3853 Gratiasago.
327 3785 410 3851 Deus,
422 3784 484 3850 tibi,
495 3786 629 3855 quoniam
641 3786 778 3839 exaudisti
789 3787 933 3842 miseriam
974 3785 1020 3837 dio
1033 3801 1145 3838 socrum
1169 3784 1244 3838 hunc
1266 3788 1458 3854 susceperunt,
1478 3784 1612 3836 honorem
1632 3788 1662 3835 et
1681 3782 1736 3853 ipsi
1750 3784 1776 3837 ei

136 3886 237 3935 meam,
261 3876 407 3940 rogantem
431 3872 585 3927 bonitatem
601 3879 690 3930 tuam.
710 3890 746 3928 ne
760 3875 934 3930 inveniretur
974 3873 1160 3944 preceptione
1175 3873 1224 3927 Dei
1240 3872 1312 3926 sicut
1323 3873 1407 3925 aDeo
1418 3871 1555 3925 honorato
1570 3871 1731 3937 offerentes,
1747 3879 1776 3929 et

36 4018 39 4025 ,
136 3959 267 4013 morienti
284 3959 354 4012 mihi
369 3960 423 4014 nisi
434 3962 664 4015 unustrernissis
680 3963 842 4018 Inveniente
857 3966 932 4021 enim
974 3963 1104 4017 omnibus
1118 3963 1214 4016 statim
1229 3962 1409 4015 ostendentes
1430 3977 1491 4031 quae
1507 3976 1524 4013 a
1542 3960 1600 4014 Deo
1620 3960 1646 4014 ei
1672 3961 1776 4017 deuota

135 4064 180 4102 me
202 4048 231 4102 in
254 4049 409 4103 honorabili
434 4050 572 4121 episcopio
598 4051 779 4106 sanctissimae
803 4054 931 4109 Ecclesia
974 4053 1245 4123 estgloriomatque
1259 4050 1470 4104 sublimitatem.
1487 4050 1566 4112 Quod
1581 4050 1776 4105 maximumet

135 4137 387 4194 Alexandrinorum
401 4155 511 4209 magua
525 4139 654 4203 civitatis,
667 4156 751 4210 quom
773 4157 824 4212 per
837 4141 931 4196 indul·
972 4141 1205 4211 gloriosissimum
1221 4139 1396 4201 miraculum,
1407 4155 1464 4192 non
1474 4154 1658 4208 unus,neque
1667 4139 1773 4203 decem,

134 4227 259 4296 gentiam
272 4227 322 4281 Dei
337 4228 457 4299 suscepi,
472 4227 585 4298 quando
596 4229 623 4282 iu
632 4244 666 4283 ea
678 4236 855 4287 consecratus
869 4248 931 4286 sum
973 4246 1064 4301 neque
1075 4234 1188 4283 contum
1201 4229 1339 4291 virlerunt,
1357 4228 1406 4280 sed
1425 4227 1517 4281 omnis
1529 4226 1613 4281 turba
1628 4242 1692 4297 quae
1707 4243 1774 4281 cou-

135 4316 290 4388 opiscopus,
303 4317 565 4387 circiteroctoginta
576 4318 816 4383 centenariaauri,
831 4325 858 4373 ot
871 4337 932 4390 quae
972 4318 1049 4371 verrit
1062 4318 1095 4371 ad
1112 4318 1264 4388 pretiosam
1280 4319 1341 4386 ejus
1359 4316 1545 4387 sepulturam.

134 4405 311 4460 intraverunt
321 4406 388 4460 mihi
404 4406 439 4459 ab
454 4407 552 4460 amicis
567 4407 680 4471 Christi,
699 4425 769 4479 pene
782 4397 964 4464 numeromD
1009 4406 1127 4460 ciem.
1139 4437 1158 4446 -
1172 4403 1774 4475 tuMAliudautemejuagloriosius,quod

135 4495 257 4551 hominis
267 4495 482 4553 transcendunt:
491 4496 519 4548 in
527 4495 647 4565 seipsam
659 4504 782 4551 mentem
789 4498 931 4568 colligens,
975 4495 1088 4566 quidem
1100 4495 1191 4549 adhuc
1203 4495 1299 4548 vivens
1309 4495 1337 4548 in
1348 4509 1431 4548 cerne
1439 4493 1523 4562 coepit
1533 4492 1714 4559 miraculum,
1726 4492 1774 4547 sed

135 4590 341 4655 etcognosceus
353 4585 411 4638 hose
421 4585 516 4638 omnia
525 4584 709 4639 dominatoris
721 4586 846 4640 omnium
857 4604 929 4651 esse,
975 4589 1122 4654 postquem
1131 4584 1261 4655 migrarit
1272 4583 1308 4636 ad
1317 4583 1415 4646 Deum,
1427 4579 1587 4650 complevit,
1601 4596 1696 4635 sermo
1703 4596 1776 4635 com·

134 4671 263 4728 festinavi
275 4690 309 4728 ea
323 4690 385 4745 quea
400 4672 451 4727 Dei
465 4679 547 4729 erant
559 4672 618 4726 Deo
634 4673 709 4727 dare.
723 4674 802 4730 Unde
816 4680 845 4728 et
859 4676 933 4746 quod
974 4688 1131 4726 memorare
1144 4672 1273 4726 tentabit.
1290 4671 1391 4725 Mulier
1400 4669 1528 4742 quedam
1541 4669 1575 4722 de
1591 4685 1625 4723 ea
1638 4685 1702 4740 qua·
1712 4684 1773 4725 aan-

135 4764 272 4817 remansit
285 4763 354 4817 mihi
367 4764 419 4816 hoc
432 4763 570 4829 tremisse,
583 4761 633 4816 Dei
647 4769 676 4816 ot
689 4764 740 4816 hoc
751 4765 881 4827 existens,
889 4766 946 4835 ju-·
974 4768 1050 4816 ctum
1065 4762 1182 4832 protulit
1200 4761 1312 4815 civitate
1338 4760 1469 4824 existens,
1486 4774 1550 4812 cum
1567 4758 1695 4815 audisset
1709 4774 1773 4813 eum
1842 4804 1845 4815 .

135 4846 187 4901 beo
197 4849 257 4903 dari
268 4851 312 4904 his
326 4852 374 4922 qui
389 4858 453 4906 sunt
468 4852 527 4906 Dei.
547 4869 559 4902 a
576 4851 736 4922 Ogloriosa
748 4854 807 4907 resi
824 4854 933 4909 odero·
974 4851 1081 4905 venisse
1099 4869 1116 4904 a
1139 4851 1236 4904 Rhodo
1252 4849 1317 4918 ree),
1333 4854 1362 4905 et
1379 4847 1512 4919 angelum
1526 4846 1553 4900 ei
1569 4846 1675 4902 ibidem
1690 4863 1775 4918 appa·

136 4936 242 4990 tionem
256 4938 358 4992 sancti!
376 4941 437 4994 Non
451 4942 581 5001 attendit,
597 4941 669 4995 sicut
683 4941 833 5002 debuisset,
850 4943 930 5009 suis;
974 4941 1072 5006 ruisse,
1096 4946 1124 4994 et
1138 4939 1311 4993 vocationem
1325 4936 1361 4991 ad
1381 4951 1559 4991 communem
1573 4935 1730 4989 Dominum
1749 4936 1774 4990 ei

137 5026 211 5095 quod
220 5025 327 5080 faciunt
337 5028 418 5082 multi
428 5030 476 5099 qui
490 5030 519 5085 in
530 5029 634 5084 divitiis
648 5036 724 5096 sunt,
738 5031 785 5101 qui
800 5032 850 5085 Dei
859 5032 933 5085 dona
973 5029 1162 5093 denuntiasse,
1178 5043 1327 5098 peccamen
1338 5025 1538 5097 gravissimum
1553 5024 1582 5078 in
1597 5040 1628 5077 se
1641 5039 1775 5094 recogno

137 5118 188 5166 aut
202 5130 234 5166 ex
250 5114 390 5183 injustitia
404 5117 528 5183 collecta,
542 5124 676 5189 tanquam
689 5119 812 5190 proprio,
829 5127 858 5173 et
868 5125 931 5173 ton-
973 5134 1063 5182 scens,
1080 5119 1153 5187 quod
1166 5133 1217 5171 nec
1232 5117 1345 5170 auditus
1355 5115 1500 5168 hominum
1515 5128 1598 5183 posse
1611 5112 1721 5167 intrare
1732 5114 1775 5167 ai-

136 5201 400 5271 quamsieasecum
411 5204 484 5258 ferre
495 5208 830 5276 possuntthesaurizant,
841 5214 933 5263 etnou
975 5204 1113 5268 firmabat,
1131 5204 1214 5257 iidem
1235 5202 1428 5272 inambiguam
1448 5215 1572 5263 sumens,
1588 5199 1624 5254 ad
1645 5205 1776 5254 sanctum

136 5291 212 5359 large
222 5290 317 5360 egenis
327 5291 453 5361 prebent
463 5312 469 5353 ;
482 5295 531 5347 aed
541 5294 589 5348 illa
600 5297 743 5365 quaerebat
753 5314 814 5368 quae
823 5314 934 5369 semper
973 5293 1077 5346 cursim
1088 5292 1230 5363 perrenit;
1245 5298 1273 5345 et
1282 5291 1366 5362 pedes
1377 5291 1438 5360 ejus
1447 5288 1700 5358 comprehendens,
1710 5304 1777 5342 cum

136 5379 847 5450 manent,eteliquondononminuuntur.Undesino
856 5403 934 5440 mon·
974 5381 1105 5452 lacrymis
1120 5382 1215 5435 multis
1226 5378 1373 5441 clamabat,
1388 5384 1417 5432 et
1426 5376 1521 5430 dicens
1535 5383 1644 5430 secreto
1657 5382 1776 5431 sancto:

137 5467 216 5522 dacio
231 5468 493 5537 repromissionibus
502 5485 559 5523 non
569 5477 612 5524 eat
624 5472 779 5540 fraudatua
789 5492 850 5546 quae
861 5493 934 5530 osse-
975 5471 1134 5536 Peccatum,
1147 5488 1162 5525 o
1176 5475 1220 5524 tor
1235 5469 1324 5532 beate,
1334 5467 1425 5522 habeo
1436 5464 1633 5535 misera,quod
1644 5465 1681 5519 od
1690 5481 1779 5520 aures

138 5553 247 5617 derant,
260 5569 293 5607 ex
303 5554 631 5625 persona-Dei,quoniam
640 5558 687 5626 qui
700 5559 866 5627 gloriilcaut
877 5577 932 5628 ure,
974 5559 1122 5614 hominum
1142 5559 1237 5613 venire
1253 5574 1309 5612 non
1331 5561 1434 5628 potest,
1448 5559 1478 5609 et
1499 5554 1556 5609 ocio
1573 5553 1659 5624 quod,
1683 5554 1709 5609 si
1725 5556 1779 5625 ria,
