3818 6120
135 256 189 313 367
648 262 695 316 DE
707 262 801 317 Vl'l'IS
822 260 968 317 PATRUM
987 260 1094 316 LIBER
1112 258 1256 315 PRIMUS.
1720 252 1774 310 368

139 383 229 438 nium.
241 383 397 441 consiliarii
416 384 490 437 enim
503 390 584 438 erant
597 387 820 453 veraciterbani,
831 387 931 459 quibus
943 385 1081 446 Aversari
1095 386 1170 439 hunc
1185 403 1191 451 ;
1207 383 1337 438 dicebant
1355 383 1430 438 enim
1449 382 1478 436 hi
1495 381 1542 452 qui
1557 380 1586 434 in
1601 382 1773 434 testamento

138 479 168 527 et
181 479 316 544 tanquam
331 471 456 543 patribus
465 472 615 528 indiscrete
628 474 784 541 obediebat,
792 482 817 530 et
827 477 935 546 gratias
976 475 1063 546 patris
1078 476 1139 545 ejus
1154 473 1259 528 inventi
1271 478 1337 527 sunt
1350 479 1446 538 testes,
1459 471 1594 543 quianon
1616 465 1725 523 dimisit
1735 464 1771 525 ei.

136 561 246 632 agebat,
263 568 398 632 tanquam
412 561 605 618 constantibus
627 565 747 619 maxime
770 572 798 619 ct
817 565 934 620 viriliter
975 563 1096 630 domine,
1113 568 1194 634 pater
1212 564 1274 634 ejus
1288 562 1411 615 moriens
1424 576 1514 632 usque
1528 559 1564 613 ad
1578 573 1667 612 unum
1681 554 1773 610 riumi-

136 649 283 719 agentibus
298 649 434 704 militibus
448 667 499 722 pro
524 652 629 723 pictate
644 653 797 724 religionis.
822 654 932 708 Etenim
975 670 1051 720 sma;
1067 652 1116 706 sed
1138 650 1243 706 habens
1264 652 1358 705 decem
1381 648 1468 705 libras
1483 648 1554 712 auri,
1570 646 1686 701 adducit
1707 660 1772 698 eum

135 737 224 791 sancti
239 737 359 809 Spiritus
374 739 477 794 inaure
491 740 564 806 freti,
577 747 678 796 etcum
690 742 930 812 Severianitisrib)
972 743 1034 813 ipsa
1042 742 1113 795 hora
1122 740 1233 813 quando
1241 744 1441 794 testamentum
1452 735 1599 802 scribebat,
1607 741 1637 790 et
1647 734 1716 788 dicit
1730 733 1770 788 ei:

134 841 166 880 ac
180 826 287 882 ceteris
317 827 391 882 circa
412 829 555 898 regionem
580 831 763 886 existentibus
778 831 932 887 immundis
974 831 1031 884 Has
1046 831 1141 884 decern
1157 829 1243 883 libras
1257 827 1338 894 habe,
1356 827 1395 882 fili
1411 827 1460 882 mi.
1477 825 1559 890 Quid,
1573 823 1614 877 ris
1629 822 1771 877 dimittam

133 919 271 976 haereticis
285 918 422 989 sapientia
434 935 485 972 sua
499 935 531 972 ac
546 917 783 990 disputationibus
807 938 930 992 pugnam
972 917 1022 971 tibi
1036 918 1113 986 istas,
1122 934 1158 971 an
1170 917 1211 971 vis
1222 916 1371 971 Dominam
1381 931 1474 968 meam
1484 913 1534 968 Dei
1545 911 1712 983 genitricem
1727 926 1772 965 cu·

132 1010 268 1064 habentes
282 1007 486 1074 etconllictum,
503 1007 593 1061 multa
606 1008 720 1078 quidem
735 1010 858 1073 castella¹
870 1010 931 1082 plu·
972 1018 1094 1062 ratarcm
1106 1006 1327 1078 etprarisoreml
1338 1006 1428 1059 Puero
1437 1020 1503 1058 vcra
1511 1003 1633 1072 eligente
1643 1004 1771 1055 sanctam

132 1115 233 1170 resque
248 1096 387 1163 ecclesias,
404 1096 534 1150 similiter
548 1103 578 1150 et
591 1099 763 1152 monasteria
778 1098 812 1153 ab
828 1116 876 1153 ore
889 1104 930 1154 tu-
971 1097 1021 1151 Dei
1036 1096 1211 1166 genitricem,
1225 1095 1358 1168 pracepit
1380 1094 1447 1148 dare
1466 1101 1567 1147 cuneta
1586 1089 1769 1163 pauperibus.

133 1187 201 1242 lium
225 1185 389 1252 bestiarum,
412 1189 546 1256 tanquam
570 1184 636 1240 bani
659 1192 795 1258 pastores,
807 1188 929 1243 evellere
971 1187 1005 1240 Et
1016 1202 1089 1253 ecce,
1102 1185 1244 1255 inquiunt,
1258 1184 1442 1249 sanctissime,
1453 1182 1482 1236 in
1498 1181 1587 1236 multa
1601 1179 1698 1250 inopia
1707 1192 1770 1232 eon·

61 1266 64 1271 ¹
132 1274 311 1339 studuerunt,
326 1279 441 1346 propter
453 1274 526 1345 quod
538 1279 567 1329 et
578 1275 699 1329 maxime
714 1275 866 1347 plurimum
880 1277 930 1332 ha·
969 1274 1053 1341 sistit,
1068 1279 1191 1329 nocteac
1207 1273 1378 1328 dicdoruum
1392 1271 1517 1327 Dominae
1531 1275 1636 1324 nostrae
1650 1283 1708 1321 noa
1722 1267 1769 1320 da-

131 1363 250 1419 norabat
265 1368 375 1418 sanctos
389 1363 440 1417 hos
454 1362 501 1416 ille
514 1379 578 1417 rere
590 1364 792 1420 sanctissimus.
969 1380 1075 1418 serens.
1085 1364 1155 1418 Cum
1167 1379 1234 1433 ergo
1248 1363 1306 1416 haec
1321 1361 1445 1416 audisset
1461 1357 1639 1414 escientibus
1653 1361 1768 1410 sanctus

168 1452 379 1508 mcxxxii·
390 1451 419 1506 Si
426 1468 491 1506 vcra
499 1452 602 1507 alicubi
610 1451 731 1524 aliquem
739 1454 842 1509 durum
850 1453 928 1509 etin·
969 1452 1023 1517 hic,
1035 1452 1140 1507 nemini
1154 1451 1261 1522 aliquid
1275 1451 1380 1517 dicens,
1391 1449 1505 1504 adducit
1519 1447 1671 1520 quemdam
1682 1443 1769 1499 tabel-

131 1544 287 1596 humanum
297 1546 326 1594 ct
332 1557 527 1611 percussorem
540 1540 614 1595 circa
624 1542 752 1613 proprios
761 1560 855 1598 servos
862 1560 926 1599 sen·
969 1541 1093 1609 lienem}
1115 1545 1144 1596 et
1157 1539 1292 1595 narrabat
1314 1540 1339 1593 ei
1355 1556 1424 1605 rem,
1441 1539 1511 1593 dans
1525 1537 1551 1591 ei
1566 1535 1722 1591 terminum
1736 1538 1769 1588 ut

129 1629 849 1700 tiebatillebeatas,huncprimaeonvoaabat‚ctcum
858 1632 928 1687 mul·
969 1631 1174 1685 nullicrederct
1183 1647 1268 1700 quam
1276 1628 1437 1700 praecepitei
1445 1624 1711 1692 lacerarem,dicens
1720 1621 1766 1678 ei:

128 1717 590 1788 talenitaterogabat,dicens:Fili,
599 1704 955 1789 venitquidemadauresB
968 1720 1056 1785 Vade,
1073 1725 1101 1774 et
1114 1719 1144 1773 in
1158 1718 1297 1772 veteribus
1309 1717 1444 1772 chartulis
1461 1715 1551 1771 scribe
1564 1718 1768 1770 testamentum

129 1808 297 1880 peccatrices
303 1823 380 1861 meas
387 1806 461 1878 qnod
469 1823 501 1861 ex
507 1808 780 1878 operationeinimici
787 1810 928 1865 modicum
969 1808 1115 1879 cujusdam
1134 1806 1420 1878 namine'lhcapenti3
1433 1812 1461 1860 ct
1472 1805 1515 1859 sac
1531 1805 1560 1859 in
1575 1803 1675 1871 eadem
1689 1802 1769 1856 char

129 1897 227 1951 durius
233 1896 308 1950 circa
317 1895 446 1966 proprios
455 1911 558 1965 pueros
568 1901 632 1950 tuas
640 1896 738 1950 feraris
752 1915 757 1965 ;
775 1898 834 1965 sed,
848 1915 926 1970 rogo,
969 1902 999 1952 ta
1013 1915 1059 1952 rue
1071 1903 1100 1952 et
1112 1901 1222 1969 patrem
1236 1896 1315 1967 pueri
1331 1894 1630 1957 consobrinostratrcs,
1643 1897 1673 1946 et
1686 1891 1766 1956 rade,

129 1985 178 2039 des
193 1984 284 2039 locum
297 1984 355 2038 irae.
367 1984 429 2037 Non
442 1983 516 2037 enim
530 1989 562 2038 ut
577 1984 768 2054 percutiamus
779 2003 835 2052 eos,
852 1986 929 2042 dedit
970 1991 999 2040 et
1010 1986 1054 2040 dic
1066 1985 1162 2055 juveni
1177 2003 1183 2038 :
1198 1984 1267 2051 Scis,
1283 1985 1379 2050 frater,
1388 1983 1463 2055 quad
1477 1999 1567 2053 genus
1577 1981 1701 2036 existens
1716 1996 1768 2050 pa·

128 2072 209 2128 nobis
220 2074 271 2127 has
282 2072 366 2137 Deus,
387 2072 436 2126 sed
450 2076 481 2126 ut
500 2073 631 2127 serviant.
648 2074 780 2130 Fortasse
798 2092 863 2130 raro
877 2092 928 2131 nec
968 2075 1172 2141 triarchae,aon
1181 2073 1320 2129 debueras
1331 2073 1372 2127 ite
1381 2089 1410 2126 ra
1425 2077 1589 2145 paupertate
1600 2069 1727 2126 versari?
1740 2074 1769 2124 et

128 2166 243 2233 propter
255 2162 318 2226 hac,
332 2160 379 2215 sed
398 2166 431 2215 ut
443 2166 638 2216 sustententur
652 2179 669 2216 a
682 2163 772 2230 nobis,
784 2164 928 2234 exquibus
970 2164 1085 2218 ostende
1098 2164 1124 2218 ci
1139 2163 1275 2229 chartam,
1292 2168 1320 2217 et
1333 2163 1393 2217 dic:
1416 2161 1555 2227 Quoniam
1570 2160 1594 2215 si
1612 2158 1766 2225 erubescis,

133 2254 224 2315 196
237 2251 313 2305 Deus
327 2249 458 2320 praestitit
471 2250 561 2305 nobis.
579 2251 651 2314 Quid
667 2252 742 2306 enim
760 2253 831 2319 (edic
845 2254 926 2320 mibi)
970 2269 1022 2322 ego
1036 2253 1135 2307 ardino
1149 2268 1263 2306 causam
1278 2256 1356 2305 tuam
1371 2250 1445 2322 apud
1460 2247 1770 2321 patriarcham,etride

128 2343 157 2393 et
166 2338 244 2393 dedit
257 2339 356 2393 homo:
369 2345 398 2392 et
412 2338 481 2392 emit
490 2355 555 2393 eum
567 2339 615 2410 qui
628 2340 663 2394 ad
678 2340 831 2411 imaginem
850 2348 878 2396 et
892 2343 929 2397 si·
969 2341 1036 2413 quid
1046 2341 1097 2395 tibi
1107 2341 1190 2395 dicet.
1202 2341 1273 2395 Cum
1287 2356 1353 2410 ergo
1365 2338 1460 2394 omnia
1469 2356 1532 2410 quae
1542 2339 1622 2409 jussa
1632 2341 1700 2391 sunt
1711 2336 1737 2391 ei
1751 2352 1769 2390 a

127 2428 285 2482 militudem
302 2427 353 2481 Dei
362 2433 473 2482 creatus
488 2434 517 2481 et
533 2428 688 2505 honoratus
703 2436 746 2484 est
759 2431 772 2482 l
792 2431 926 2502 Nunquid
968 2429 1249 2500 patriarchatabellia
1258 2428 1458 2494 fecisset,venit
1465 2427 1500 2481 ad
1509 2444 1573 2481 cum
1581 2427 1685 2480 dicens:
1696 2424 1770 2490 Quia

127 2517 203 2571 enim
217 2522 258 2582 tu,
270 2515 401 2571 dominus
413 2516 597 2588 ejus,aliquid
612 2518 674 2588 plus
690 2518 815 2589 possides
826 2520 855 2573 in
864 2536 926 2591 pro·
968 2523 1066 2590 pactus
1080 2524 1124 2572 est
1135 2534 1206 2589 puer
1215 2518 1294 2583 mihi,
1311 2523 1343 2571 ut
1355 2533 1406 2587 ego
1422 2517 1522 2588 loquar
1549 2531 1664 2570 causam
1687 2530 1769 2569 suam

128 2605 189 2675 pria
201 2620 326 2675 corpore,
342 2621 458 2659 manum
473 2610 524 2658 aut
535 2606 646 2676 pedem,
663 2606 706 2661 rel
723 2607 859 2673 auditum,
876 2613 926 2663 aut
966 2596 1402 2679 domino,etmagnasgratiarum
1411 2605 1534 2660 actiones
1541 2602 1768 2659 referebatmihi.

129 2693 473 2764 animamlNunquidnon
484 2693 929 2766 similisesttibiperornniaidu·
969 2692 1045 2746 Dixit
1067 2692 1161 2763 itaque
1175 2699 1304 2747 sanctus:
1320 2692 1398 2746 Vade
1408 2697 1437 2745 et
1450 2691 1494 2744 dic
1510 2690 1554 2745 el:
1571 2690 1644 2753 Quia
1659 2691 1770 2746 loculus

129 2781 157 2836 di
168 2782 263 2836 lumen
273 2781 438 2853 gloriosum,
448 2783 566 2837 Paulum
576 2783 731 2838 dicentem:
746 2785 889 2856 Quotquot
898 2784 927 2840 in
969 2798 1032 2836 sum
1047 2782 1221 2852 patriarchae.
1235 2783 1269 2836 Et
1281 2782 1336 2835 dixi
1348 2797 1354 2832 :
1367 2780 1505 2845 Quoniam
1516 2785 1544 2834 et
1563 2796 1614 2850 ega
1629 2778 1688 2835 scio
1703 2779 1770 2852 quia

129 2868 380 2942 Christabaptizati
390 2870 466 2936 estis,
484 2870 626 2926 Christum
642 2872 773 2928 induistis
788 2873 856 2943 (dol.
872 2878 925 2944 ιιι).
968 2868 1067 2924 habuit
1081 2869 1265 2925 consobrinus
1286 2887 1366 2926 meus
1381 2871 1480 2936 filium,
1494 2869 1543 2924 sed
1555 2886 1588 2923 ex
1601 2870 1681 2925 vultu
1694 2871 1769 2924 hunc

129 2960 192 3014 Nan
201 2963 244 3014 cst
254 2958 466 3031 Judaeusneque
478 2960 600 3027 Graecus,
617 2977 672 3015 nan
681 2967 826 3016 estserrus
836 2979 927 3035 neque
967 2976 1208 3031 nonrecognosca.
1221 2960 1297 3014 Bene
1309 2976 1376 3031 erga
1387 2960 1465 3026 lacis,
1482 2959 1624 3013 adducens
1643 2959 1720 3013 hunc
1733 2958 1767 3013 ad

127 3048 209 3115 liber,
215 3064 312 3103 omnes
324 3048 399 3102 enim
412 3065 552 3103 rosunum
565 3049 632 3105 estis
642 3050 672 3104 in
680 3050 801 3105 Christo.
820 3052 849 3106 Si
857 3068 925 3123 ergo
936 3057 957 3116 c
967 3064 1021 3101 me.
1038 3048 1186 3103 Adducens
1196 3065 1262 3119 erga
1282 3065 1357 3115 eum,
1372 3054 1454 3119 porta
1472 3054 1501 3102 et
1513 3048 1642 3102 chartam
1656 3053 1764 3105 tecum

128 3136 204 3208 apud
211 3137 355 3191 Christum
369 3137 490 3208 aequales
499 3154 606 3205 snmus,
617 3139 685 3193 etad
702 3139 819 3194 invicem
832 3157 928 3211 aequa·
969 3137 1040 3190 (lum
1049 3154 1114 3192 vera
1124 3136 1397 3208 pervenissent,tnlit
1406 3153 1471 3192 cum
1486 3141 1593 3190 secreta
1605 3136 1653 3190 ille
1661 3138 1764 3206 justus,

128 3225 169 3280 les
185 3225 350 3280 efficiamur.
366 3225 476 3280 Etenim
491 3226 620 3282 Christus
647 3227 766 3285 sormam
787 3230 859 3283 servi
885 3246 927 3284 as-
968 3231 997 3279 et
1010 3225 1094 3296 coepit
1102 3226 1257 3280 deosculari
1268 3243 1343 3292 eum,
1355 3231 1384 3279 et
1400 3226 1505 3280 dicere:
1518 3226 1593 3280 Bene
1603 3225 1683 3280 venit
1695 3225 1767 3281 silius

129 3314 258 3386 sumpsit,
265 3313 367 3369 decens
383 3331 434 3369 nes
445 3330 500 3369 nan
511 3314 656 3386 superbire
664 3323 762 3371 cantra
770 3335 865 3373 servos
874 3334 925 3373 na·
967 3312 1126 3368 consobrini
1137 3314 1202 3368 mei.
1214 3315 1320 3368 Ditavit
1329 3315 1417 3384 igitur
1429 3331 1503 3381 eum,
1516 3322 1547 3369 et
1560 3314 1640 3369 uxori
1651 3313 1768 3369 tradidit

128 3409 211 3458 stros.
227 3403 306 3458 Unus
319 3403 396 3458 enim
406 3409 450 3458 est
459 3405 596 3459 Dominus
606 3405 742 3472 omnium,
751 3406 779 3460 in
792 3407 869 3461 cerlis
879 3407 927 3461 ha·
967 3403 995 3456 in
1009 3403 1187 3470 Alexandria,
1204 3409 1233 3458 et
1246 3404 1359 3458 domurn
1376 3410 1405 3458 et
1418 3405 1514 3459 omnia
1526 3404 1628 3475 quibus
1642 3404 1767 3476 opusha·

127 3491 230 3557 bitans,
247 3497 276 3547 ct
288 3492 407 3546 humilia
421 3492 572 3563 respiciens
588 3513 594 3547 :
617 3511 672 3548 non
696 3494 767 3548 dixit
781 3495 924 3562 sublimia,
967 3491 1028 3545 buit
1037 3492 1152 3547 donavit
1161 3493 1197 3559 ei,
1209 3493 1403 3548 demonstrare
1412 3494 1548 3548 festinans
1562 3494 1698 3564 quoniam
1712 3509 1767 3548 noa

129 3580 179 3635 sed
192 3580 312 3635 humilia
326 3582 406 3648 (Psoi.
421 3583 501 3649 cru).
516 3582 658 3644 Quantum
674 3582 749 3636 enim
764 3599 867 3637 aurum
881 3583 927 3638 de
968 3580 1141 3652 derelinquet
1161 3581 1297 3636 Dominus
1311 3587 1457 3654 sperantes
1476 3582 1508 3636 in
1526 3599 1556 3636 sc
1582 3584 1702 3650 (redire,
1718 3584 1765 3653 u).

129 3669 232 3734 dimus,
247 3673 281 3722 ut
293 3668 510 3722 honorificatum
525 3674 554 3723 et
568 3676 693 3741 emptum
708 3670 852 3726 nobiscum
863 3688 927 3727 eum
1004 3670 1069 3723 (lar.
1087 3670 1210 3726 XXXIV.
1229 3699 1258 3710 -·
1274 3670 1505 3742 Impraetermisse
1519 3675 1616 3725 autem
1639 3676 1670 3726 et
1683 3672 1768 3742 hujus

130 3756 266 3825 sanguine
285 3755 377 3810 divina
393 3760 421 3810 et
430 3756 586 3824 Dominico,
603 3757 683 3813 nobis
695 3759 823 3815 semituti
837 3760 927 3832 subji·
968 3759 1094 3813 arandati
1103 3759 1544 3824 curarahabuithicadmirabilis,
1556 3761 1649 3831 legem
1660 3777 1767 3833 ponen-

129 3843 260 3898 ciamus?
278 3843 396 3914 Propter
418 3861 483 3898 eum
506 3845 617 3912 coelum,
633 3854 747 3919 propter
761 3865 826 3904 cum
840 3855 926 3917 terra,
968 3847 1005 3901 tis
1017 3865 1022 3899 :
1034 3847 1146 3902 Valenti
1157 3853 1342 3903 mutuareatc
1352 3865 1388 3902 ne
1398 3854 1507 3903 avertas
1517 3849 1767 3920 aliquandowcul.

128 3936 243 4003 propter
257 3948 322 3986 eum
336 3933 433 3998 stellae,
449 3938 567 4005 propter
580 3952 645 3990 eum
666 3937 716 4000 sal,
732 3943 847 4009 propter
862 3956 928 3993 eum
968 3951 1016 4003 xv,
1033 3937 1095 3995 Luc.
1113 3944 1161 4005 rr),
1183 3954 1240 3991 nan
1254 3936 1398 4008 prohibuit
1411 3937 1533 4009 aliquem
1554 3937 1721 4008 hujusmodi
1732 3937 1768 3993 ab

129 4036 207 4075 mare
222 4026 251 4075 et
269 4020 368 4092 quaein
384 4038 417 4077 ea
438 4027 512 4077 sunt.
525 4023 575 4078 Est
589 4028 683 4079 autem
698 4043 806 4095 verum,
821 4027 888 4098 quia
900 4034 929 4083 et
969 4042 1002 4079 ec
1016 4025 1180 4097 suffragium
1191 4027 1389 4098 postulantem.
1401 4027 1481 4082 Unde
1490 4028 1542 4081 hoc
1551 4027 1642 4081 sciens
1651 4028 1769 4099 quidam

129 4105 222 4176 angeli
232 4106 258 4160 ei
268 4105 558 4179 ministrant,pr0pter
567 4125 631 4163 eum
642 4110 771 4166 Christus
779 4112 865 4184 pedes
871 4129 928 4168 ser·
968 4114 1109 4185 malignus
1117 4121 1146 4168 ct
1155 4114 1300 4186 impostor,
1309 4115 1391 4186 petiit
1400 4114 1435 4170 ab
1445 4133 1478 4170 co
1486 4121 1519 4170 ut
1533 4115 1586 4170 sibi
1600 4117 1769 4171 mutuasda-

128 4210 227 4249 varum
239 4194 447 4267 lavit-propter
460 4212 525 4250 eum
538 4197 687 4254 crucifixus
710 4206 762 4267 est,
777 4206 804 4255 et
828 4208 929 4257 catera
969 4208 1013 4258 ret
1024 4203 1122 4273 viginti
1137 4203 1223 4257 libras
1238 4204 1311 4258 auri.
1324 4204 1391 4259 Erat
1405 4210 1500 4259 autem
1512 4204 1547 4258 de
1557 4204 1602 4259 bis
1613 4205 1663 4276 qui
1674 4205 1769 4261 dicua-

129 4283 225 4338 amnia
238 4288 354 4355 propter
367 4301 432 4339 eum
445 4302 543 4356 passus
556 4291 609 4340 est.
622 4287 664 4342 Tu
682 4295 776 4344 autem
799 4307 864 4345 eum
878 4291 927 4363 qui
936 4332 958 4389 D
968 4291 1769 4366 turGalladromi(ll).Oontemnensergosanctumquem·

129 4389 146 4427 a
161 4373 551 4442 Deahanoraturiabanaras,
560 4377 675 4447 etquasi
686 4394 743 4432 nan
752 4378 791 4433 sis
801 4380 926 4451 ejusdem
969 4381 1119 4435 admodum
1132 4386 1160 4435 et
1173 4381 1242 4436 alias
1256 4383 1369 4449 multas,
1385 4381 1512 4439 dicebat:
1530 4383 1603 4447 Quia
1612 4382 1684 4438 nihil
1699 4383 1768 4440 mihi

129 4466 247 4529 naturm,
259 4478 316 4516 nan
323 4478 441 4534 parcens
451 4463 537 4518 seris?
551 4465 609 4531 Dic,
622 4464 746 4532 obsecro,
759 4468 852 4535 velles,
861 4486 928 4541 qua·
968 4469 1054 4523 dedit.
1067 4470 1246 4535 Quaesierunt
1254 4471 1349 4543 itaque
1360 4472 1487 4527 Ecclesiae
1501 4477 1629 4543 pastores
1643 4479 1674 4528 et
1691 4474 1768 4530 ardi-

130 4549 184 4604 ties
195 4551 306 4622 culpam
322 4551 458 4618 admittis,
476 4558 504 4606 et
531 4569 594 4606 max
619 4554 748 4609 redderet
762 4556 813 4610 tibi
831 4558 927 4612 Deus?
969 4564 1082 4613 natares
1095 4563 1127 4613 ut
1141 4559 1170 4614 in
1184 4577 1324 4615 carcerem
1338 4560 1412 4616 hunc
1425 4561 1579 4629 mitterent,
1597 4567 1626 4617 et
1640 4563 1767 4635 publiea-

131 4634 326 4711 Nequaquim.
344 4639 402 4706 Dic,
422 4639 561 4711 quomado
575 4657 639 4696 oras
657 4643 791 4712 quotidie,
808 4645 903 4701 dicens
920 4665 928 4702 ε
971 4653 1033 4701 rent
1046 4648 1107 4719 ejus
1121 4647 1317 4704 substantiam.
1332 4650 1369 4704 nt
1386 4650 1514 4706 imitator
1526 4651 1656 4720 dicentis,
1673 4653 1769 4710 Estote

130 4726 248 4782 Dimitte
261 4727 341 4783 uobis
351 4727 557 4797 debitanestra,
568 4729 641 4784 sicut
655 4740 683 4785 et
697 4749 748 4786 nos
762 4732 930 4789 dimittimus
970 4735 1173 4803 misericordes,
1191 4738 1263 4793 sicut
1290 4745 1318 4793 et
1332 4739 1417 4794 Pater
1430 4744 1522 4795 vester
1545 4740 1708 4797 misericors
1726 4748 1767 4799 est

133 4813 306 4871 debitoribus
320 4817 424 4873 nostris
438 4820 545 4885 (Multb.
557 4819 615 4888 nt?
631 4819 680 4874 llis
693 4825 721 4874 et
735 4821 779 4875 his
792 4822 928 4880 similibus
972 4826 1058 4889 (Loca
1067 4827 1111 4892 vr),
1122 4826 1169 4896 qui
1187 4842 1269 4880 suum
1279 4827 1368 4881 solem
1378 4829 1445 4883 ariri
1456 4827 1523 4883 facit
1537 4846 1623 4900 super
1636 4830 1727 4886 bonos
1740 4838 1768 4888 el

133 4901 224 4958 verbis
238 4903 273 4957 de
287 4904 434 4962 habitante
457 4906 486 4962 in
515 4925 544 4962 sc
569 4909 703 4964 thesauro
718 4926 836 4965 monens
855 4912 928 4968 hunc
966 4913 1068 4981 malos,
1084 4919 1112 4968 et
1122 4915 1193 4985 pluit
1203 4931 1288 4986 super
1296 4917 1388 4986 justas
1398 4924 1426 4971 et
1438 4917 1568 4988 injustos,
1585 4935 1768 4992 nequaquam

132 4988 264 5060 absolvit3
277 4996 304 5046 et
319 4992 373 5047 nisi
388 4994 530 5051 didicisset
550 4995 637 5051 istum
657 4999 847 5066 emendatum,
860 5018 929 5073 prae·
969 5000 1024 5057 illis
1035 5003 1184 5069 consensit,
1198 5009 1230 5059 ut
1240 5022 1304 5059 eum
1313 5005 1482 5076 allligerent.
1498 5006 1548 5061 His
1558 5009 1768 5078 autemturbua

131 5078 250 5149 parabat
261 5086 289 5134 ct
299 5080 572 5140 instruebatserrum
584 5086 729 5151 alllictum,
740 5093 773 5141 ut
782 5086 876 5160 lugam
886 5106 929 5144 ar·
969 5090 1045 5147 tibus
1055 5096 1153 5146 cantra
1162 5109 1237 5159 eum,
1248 5099 1346 5164 utpote
1356 5095 1404 5166 qui
1413 5094 1581 5167 patriarchae
1592 5096 1730 5159 illuserat.
1739 5103 1769 5155 et

67 5237 69 5242 y
130 5166 246 5239 riperet‚
258 5173 287 5222 et
298 5169 486 5226 venditionem
501 5179 609 5244 peteret
622 5193 628 5242 ;
641 5182 670 5230 et
678 5176 752 5230 hunc
763 5194 928 5249 comparans
969 5179 1125 5234 dicentibus
1140 5181 1175 5235 ad
1191 5183 1454 5239 eumdemsanctum
1464 5203 1470 5238 :
1480 5186 1658 5257 Nonjustum
1666 5190 1768 5254 est,do·

128 5253 233 5324 justus,
251 5256 346 5311 statim
357 5257 476 5313 liberum
491 5261 641 5317 statuebat.
796 5280 797 5285 ¹
969 5268 1054 5330 mine,
1068 5273 1099 5323 ut
1115 5270 1190 5340 quod
1203 5287 1341 5342 pauperes
1354 5273 1521 5345 acciperent,
1537 5274 1592 5344 'hic
1606 5275 1768 5335 luxuriosus

165 5343 232 5400 Gar.
243 5345 406 5401 XXXlll.-
416 5348 539 5404 Audiens
550 5349 855 5424 aliquandocujusdam
870 5356 927 5409 ele·
969 5357 1097 5427 accipiat,
1114 5359 1259 5430 respondit
1274 5367 1388 5417 econtra
1401 5362 1448 5418 ille
1461 5369 1507 5418 ter
1520 5363 1630 5433 beatus,
1652 5366 1768 5423 dicens:

130 5435 336 5505 emosynataris
345 5451 464 5507 puerum
474 5439 632 5509 orphanum
646 5440 927 5514 derelictumparen-
968 5445 1090 5512 Credite,
1106 5447 1216 5515 fratres,
1234 5449 1334 5520 quiesi
1349 5455 1429 5507 extra
1441 5435 1769 5529 voluntatem'accipere·

128 5520 206 5578 tibus
220 5521 279 5578 suis
291 5523 486 5595 morientibus
498 5526 565 5580 etin
580 5529 670 5583 multa
683 5537 848 5602 paupertate
859 5549 926 5588 can·
966 5533 1004 5587 tis
1018 5534 1124 5606 aliquid
1133 5537 1168 5591 ab
1178 5555 1220 5605 ea,
1232 5539 1287 5594 dua
1300 5541 1435 5597 mandata
1444 5544 1726 5616 transgrederemini,
1741 5550 1770 5603 et
