3832 6120
141 272 196 336 547
473 266 483 285 ⁴
646 274 694 332 DE
711 277 806 334 VlTlS
825 276 975 333 PATRUH
991 274 1101 331 alasa
1117 272 1265 329 aalma.
1732 268 1788 329 548

142 407 240 461 statim
256 406 382 459 ulciscar.
400 400 510 457 Etenim
521 401 651 455 meismet
664 402 793 456 manibus
807 403 974 460 cortuumA
984 397 1118 469 quidquid
1131 397 1344 468 moreteoquod
1355 395 1590 451 movetursortius
1599 400 1657 461 est;
1674 395 1788 466 etquod

144 495 312 564 aclinguam
329 493 454 554 evellam,
483 507 571 559 eaque
599 508 662 543 curn
684 492 792 562 reliquo
812 499 860 546 tuo
883 507 942 545 cor·
983 488 1206 557 corrtinetatque
1223 494 1369 541 conservat
1383 486 1538 540 lortiusest
1552 502 1585 539 eo
1604 484 1679 555 quod
1699 483 1790 538 conti-

145 602 211 655 pore
226 582 340 636 canibus
356 580 520 652 inpraedam
534 577 615 642 daho,
633 586 663 632 ut
676 585 725 633 tuo
740 581 865 650 exemplo
880 597 941 634 om-
984 582 1068 631 netur
1082 582 1110 631 et
1128 582 1316 630 conservatur.
1341 575 1478 639 Quocirca
1498 575 1595 645 ipsum
1615 574 1706 627 Deum
1725 589 1789 627 csse

142 689 193 726 nes
208 686 307 740 regum
321 669 387 723 liliis
408 668 592 739 imposturam
607 668 723 721 minime
741 669 832 723 facere
848 669 941 723 condi·
983 664 1046 718 dico
1061 665 1110 735 qui
1125 665 1220 719 omnia
1231 668 1328 729 805
1342 663 1499 734 procrearit
1520 672 1607 733 atque
1626 666 1786 726 conservat,

141 766 235 816 scant.
984 753 1087 823 quique
1102 753 1245 824 principiis
1254 768 1353 823 expers
1373 758 1425 816 est,
1445 759 1474 806 et
1487 751 1678 822 sempiternus
1692 758 1722 804 et
1736 751 1788 804 im·

177 849 227 903 His
241 848 333 903 serbis
347 847 461 909 auditis
474 847 585 901 Nachor
599 847 740 917 ingentem
750 847 895 901 tristitiam
909 864 941 901 ae
982 842 1118 907 mortalis,
1133 847 1162 895 et
1176 842 1254 895 nulla
1268 858 1298 895 re
1309 841 1453 911 indigens,
1469 840 1656 911 omnibusque
1670 847 1786 910 pertur-

142 954 294 992 moerorem
309 936 445 1006 concepit,
460 942 490 990 ut
506 936 553 1006 qui
566 935 689 1006 seipsum
699 936 726 988 in
736 935 843 989 torearn
855 951 940 1007 quarn
981 929 1141 984 bationibus
1156 947 1188 984 ac
1207 930 1360 985 defectibus
1382 929 1537 991 sublimior,
1563 929 1615 982 hoc
1635 934 1679 983 est
1701 928 1788 983 iraet

141 1025 249 1080 lecerat
258 1026 390 1089 incidere,
405 1040 438 1077 ac
450 1025 550 1093 laqueo
559 1040 642 1093 quern
653 1022 941 1093 absconderatimpli-
983 1017 1787 1091 obliiioneatqueignorantia,reliquisqueomnibusrebus

144 1114 213 1177 cari,
227 1130 334 1183 suoque
344 1113 475 1183 gladiose
487 1111 597 1165 confodi
608 1111 788 1182 perspiceret.
804 1112 874 1165 Cum
887 1110 939 1181 igi·
982 1109 1093 1178 generis
1104 1109 1240 1178 ejusdem.
1252 1109 1307 1162 Per
1321 1108 1412 1180 ipsum
1427 1115 1522 1161 autem
1532 1107 1787 1178 omniaeoagmen·

141 1210 188 1257 tur
208 1220 267 1256 rem
281 1219 376 1256 secum
392 1206 559 1271 reputasset,
586 1201 620 1253 ad
636 1200 687 1253 hlii
702 1200 776 1270 regis
791 1207 894 1270 partes,
910 1204 942 1253 nt
983 1202 1041 1251 tata
1057 1204 1085 1250 et
1099 1203 1230 1251 concreta
1243 1199 1400 1265 sunt(l⁰sat.
1418 1210 1473 1266 xri.
1487 1197 1546 1251 Nec
1560 1213 1626 1250 vero
1639 1196 1787 1249 sacrifieiis

142 1291 308 1361 impendens
322 1291 385 1345 vitae
398 1290 547 1344 discrimen
561 1289 704 1358 allegeret,
712 1307 774 1343 sese
787 1290 879 1360 potius
890 1289 941 1342 ad·
984 1292 1033 1340 aut
1046 1286 1357 1351 libarninibuS,outulla
1366 1286 1422 1339 alia
1433 1302 1464 1339 re
1473 1285 1653 1356 inaspectum
1665 1285 1787 1339 cadente

141 1381 270 1449 jungere.
283 1378 426 1449 ipsiusque
433 1378 566 1448 dogmata
576 1379 742 1431 confirmare
752 1378 859 1435 statuit.
868 1377 942 1447 quod
983 1392 1053 1446 opus
1068 1376 1152 1429 habet
1165 1376 1237 1444 (Act.
1248 1379 1324 1444 xvir),
1340 1392 1437 1429 rerum
1452 1382 1551 1429 contra
1560 1391 1658 1429 omnes
1667 1390 1701 1427 eo
1715 1390 1787 1445 opus

143 1469 273 1523 videlieet
285 1468 331 1522 ille
341 1468 447 1537 optimo
455 1469 519 1536 jure
526 1467 668 1544 supplieiq
678 1484 742 1521 eum
753 1468 863 1521 allicere
877 1483 941 1537 pos·
983 1464 1098 1519 habent.

143 1563 195 1621 set,
212 1558 235 1611 si
251 1557 363 1627 quidem
375 1556 461 1626 ipsius
475 1557 602 1609 oninium
617 1556 786 1610 attendisset.
800 1557 838 1609 nt
851 1555 942 1609 id'to-
1019 1554 1082 1608 Cer.
1099 1554 1210 1608 XXVII.
1232 1583 1262 1593 -·
1281 1554 1332 1608 His
1354 1554 1396 1607 ita
1414 1554 1449 1607 de
1473 1554 1530 1608 Deo
1548 1552 1786 1617 commemoratis,

142 1652 203 1699 tum
217 1645 317 1699 dirime
333 1645 513 1715 providentia
528 1659 667 1715 eramque
682 1645 826 1715 religionis
841 1649 941 1698 nostrae
984 1643 1220 1712 quemadmodum
1236 1643 1324 1713 ipsius
1339 1642 1472 1696 beneficio
1496 1642 1565 1695 mihi
1579 1642 1615 1695 de
1631 1642 1695 1712 ipso
1711 1641 1788 1713 loqui

142 1734 254 1789 decreta
268 1735 410 1804 sapienter
421 1735 654 1804 peradrersarios
665 1734 858 1790 confirmabat.
870 1735 941 1787 Nam
950 1757 974 1815 Β
985 1747 1147 1785 concessum
1162 1738 1214 1795 est,
1232 1733 1267 1785 ad
1291 1732 1446 1785 humanum
1468 1747 1559 1801 genus
1581 1730 1740 1795 veniamus,
1756 1736 1789 1785 ut

141 1840 206 1878 eum
222 1823 360 1877 idolorum
374 1823 514 1876 antistites
526 1828 554 1875 et
567 1823 592 1876 N
595 1823 679 1876 achor
693 1839 836 1876 sermones
845 1839 943 1876 conse·
986 1820 1100 1889 quinam
1109 1820 1232 1890 ipsorum
1245 1820 1381 1885 veritatis,
1390 1821 1506 1890 quinam
1513 1820 1617 1874 erroris
1631 1819 1786 1890 participes

140 1929 206 1967 rere
231 1912 397 1982 inciperent,
414 1918 445 1965 ut
464 1912 592 1964 Barlaanr
613 1911 669 1975 illo,
687 1928 750 1965 curn
772 1911 823 1964 sub
842 1912 944 1965 Balaac
985 1909 1043 1961 sint
1053 1909 1268 1980 conspiciamus.
1285 1910 1358 1963 Illud
1368 1910 1454 1974 enirn,
1470 1926 1486 1962 o
1500 1925 1559 1974 rex,
1570 1909 1647 1962 inter
1658 1924 1711 1962 nos
1723 1924 1788 1963 eon·

142 2000 276 2054 lsraelem
288 2001 430 2071 quondam
446 2000 582 2053 exsecrari
597 2017 629 2053 oc
644 1999 712 2053 diris
728 2000 863 2053 elevavere
878 2016 943 2054 con·
985 2002 1051 2063 stat,
1060 1999 1117 2051 tria
1133 1998 1277 2052 inmundo
1292 1999 1439 2052 hominum
1450 2013 1554 2069 genera
1564 2014 1635 2061 esse,
1648 1997 1786 2051 nimirum

141 2089 491 2154 stituisset,multistamen
501 2089 944 2143 eumaerariisbenedietionibus
985 2102 1032 2140 eos
1047 2088 1094 2156 qui
1108 2087 1184 2158 apud
1199 2104 1246 2141 ros
1260 2088 1378 2141 deorum
1399 2087 1520 2141 cultores
1535 2086 1679 2151 dicuntur,
1696 2091 1726 2140 ot
1737 2086 1787 2141 Ju-

141 2178 295 2234 eumulavit
310 2180 402 2246 (aliern.
425 2181 503 2244 xxii),
524 2179 559 2231 ad
574 2178 705 2232 eumdem
724 2179 808 2233 etiam
828 2179 942 2233 modurn
984 2175 1069 2240 disee,
1085 2181 1114 2229 et
1129 2176 1317 2233 Christianos.
1335 2178 1376 2230 hc
1387 2192 1501 2231 rursum
1514 2191 1611 2230 eorum
1623 2174 1788 2245 quimultos

142 2267 255 2322 Nachor
265 2266 464 2337 insipientibus
488 2284 520 2321 ac
541 2267 650 2321 stolidis
670 2267 844 2339 sapientibus
863 2269 943 2321 velie·
985 2264 1052 2319 deos
1066 2265 1163 2318 colunt
1176 2265 1278 2336 triplex
1301 2281 1391 2335 genus
1411 2282 1483 2332 esse,
1505 2281 1607 2334 nempe
1625 2264 1785 2327 Chaldaeos,

137 2351 941 2420 niente1·obluetabatur.0umenirnrexinthronosederet‚
984 2353 1096 2408 Graecos
1104 2359 1133 2407 et
1144 2354 1299 2425 AEgyptios.
1307 2356 1379 2408 Nam
1388 2355 1418 2408 hi
1426 2354 1542 2424 reliquis
1552 2353 1717 2408 nationibus
1728 2354 1789 2425 plu·

141 2448 227 2511 atque
242 2441 329 2511 ipsius
344 2442 427 2506 lilius,
442 2441 483 2495 uti
494 2443 555 2510 jain
572 2457 588 2494 a
607 2441 687 2495 nobis
701 2440 871 2506 dictumest,
888 2442 942 2512 ipsi
984 2441 1057 2497 rium
1071 2443 1287 2497 deorumcultus
1297 2449 1326 2497 et
1335 2443 1508 2497 adorationis
1518 2442 1604 2496 duees
1614 2458 1649 2495 ac
1659 2442 1788 2513 magistri

142 2530 289 2595 assideret,
306 2530 387 2599 eique
403 2530 488 2584 etiarn
503 2530 581 2584 stulti
601 2531 728 2584 rhetores
743 2536 878 2594 astarent,
894 2530 943 2601 qui
985 2530 1109 2585 suerunt.
1127 2532 1265 2595 Quocirca
1276 2532 1392 2602 quinam
1407 2532 1532 2602 ipsorum
1546 2531 1575 2584 in
1586 2532 1716 2593 veritate,
1728 2532 1789 2602 qui·

144 2624 175 2673 ut
188 2618 313 2688 gladium
329 2619 440 2688 linguas
455 2636 519 2673 suas
533 2618 569 2673 ad
586 2619 799 2689 opprimendam
821 2627 849 2672 et
864 2636 943 2673 erer—
985 2636 1050 2673 tiam
1066 2620 1094 2674 in
1109 2637 1203 2674 errore
1212 2628 1367 2686 versentur,
1375 2622 1529 2674 rideamus.
1539 2622 1579 2674 hc
1590 2620 1715 2675 Chaldaei
1729 2622 1789 2691 qui·

142 2708 257 2762 tendam
273 2707 419 2762 veritatem
436 2713 571 2762 acuerant
582 2710 664 2773 (Psoi.
680 2704 765 2779 axin),
782 2708 895 2779 quique,
912 2715 944 2763 ut
984 2708 1048 2761 dem
1063 2710 1153 2763 Deum
1166 2710 1337 2780 ignorantes,
1347 2715 1411 2781 post
1419 2711 1557 2764 elementa
1569 2708 1784 2775 aberraverunt,

144 2814 207 2851 oum
218 2797 291 2851 isaia
302 2796 541 2867 loquar,laborem
552 2797 755 2867 parturiunt,ct
765 2796 942 2867 iniquitatem
985 2782 1085 2867 resque
1094 2798 1221 2852 conditas
1228 2799 1369 2853 creatoris
1378 2799 1438 2853 loco
1445 2799 1537 2863 colere
1546 2804 1697 2870 caeperunt
1705 2817 1711 2850 :
1720 2814 1787 2869 qua·

144 2887 258 2956 pariunt
270 2887 357 2954 (isaia
370 2894 433 2952 trxl,
450 2885 538 2956 plebis
558 2886 642 2940 atiani
656 2886 692 2940 ad
703 2886 865 2940 certaminis
879 2904 942 2957 spe·
985 2903 1048 2941 rum
1060 2887 1144 2941 etiarn
1155 2904 1218 2941 cum
1229 2887 1475 2957 formasquasdam
1486 2887 1787 2953 effecissenteascoeli,

143 2977 283 3030 etacolmn
300 2974 510 3031 innumerabilis
534 2974 685 3029 multitudo
701 2975 889 3042 confluxisset,
911 2983 943 3030 ut
984 2981 1013 3028 et
1026 2981 1120 3041 terrra,
1132 2982 1161 3030 et
1170 2978 1266 3041 maris,
1279 2985 1308 3031 ot
1322 2977 1398 3042 solis,
1411 2993 1444 3030 ac
1456 2976 1539 3043 lunae,
1555 2976 1787 3048 reliquorumque

143 3070 207 3119 utra
223 3080 287 3135 pars
298 3063 442 3117 victoriam
449 3063 652 3133 adipisceretur
660 3064 944 3133 cognosceretrheto·
953 3074 975 3133 (2
984 3064 1187 3119 clementorum
1196 3066 1355 3119 etsiderum
1362 3067 1481 3136 liguram
1490 3065 1787 3138 appellarunt,easque

137 3171 206 3211 rum
221 3169 304 3213 unus,
317 3153 365 3223 qui
376 3152 504 3207 omnihus
517 3153 645 3207 doctrina
659 3153 820 3223 praestabat,
838 3154 873 3207 ad
883 3154 941 3207 Na·
977 3170 1028 3207 ,res
1044 3153 1072 3207 in
1086 3154 1199 3225 templis
1214 3155 1360 3209 conclusas
1371 3155 1499 3220 adorant,
1508 3155 1617 3209 acdeos
1628 3155 1783 3226 appellant.

137 3243 258 3299 ¹choram
274 3241 344 3295 dixit
355 3261 361 3295 z
371 3244 449 3296 Tune
460 3241 543 3296 esille
557 3242 725 3312 usqueadeo
740 3241 842 3308 audax,
856 3247 941 3313 atque
983 3242 1059 3305 Quos
1073 3243 1160 3296 etiarn
1171 3243 1325 3313 diligenter
1336 3261 1368 3298 ac
1382 3243 1629 3298 studioseservant
1640 3260 1677 3298 ne
1690 3262 1707 3298 a
1718 3244 1783 3299 iuri·

143 3332 172 3385 in
188 3333 255 3386 deos
265 3337 375 3385 nostros
383 3330 602 3386 contumeliosus
619 3330 758 3394 Barlaam,
776 3331 824 3402 qui
838 3331 943 3385 charis·
983 3330 1034 3385 bus
1049 3331 1250 3402 subripiantur.
1265 3334 1322 3386 Noc
1341 3333 1411 3386 illud
1425 3332 1494 3403 ipsis
1507 3333 1537 3386 in
1552 3340 1678 3387 mentem
1699 3332 1784 3397 venit,

143 3421 247 3477 simum
262 3420 336 3490 regis
352 3420 441 3474 silium
456 3420 485 3473 in
499 3420 637 3488 ejusmodi
648 3436 772 3474 errorem
786 3421 939 3489 conjecisti.
984 3420 1118 3491 quidquid
1130 3427 1224 3475 servat
1230 3438 1263 3475 eo
1273 3423 1348 3492 quod
1359 3428 1488 3475 servatur
1495 3423 1589 3492 majus
1596 3438 1670 3489 esse,
1682 3423 1784 3478 etitem

145 3526 265 3579 eurirque
279 3509 441 3563 crucifixum
456 3510 546 3562 colere
560 3508 699 3562 docuisti?
715 3508 869 3578 Respondit
884 3509 941 3562 Na·
983 3526 1047 3563 eum
1057 3510 1105 3579 qui
1121 3511 1227 3580 aliquid
1244 3511 1330 3564 efficit
1344 3526 1376 3565 eo
1392 3511 1465 3580 quod
1478 3511 1599 3566 eflicitur
1611 3512 1785 3582 praestantio-

141 3598 209 3653 cbor
223 3615 228 3648 :
246 3598 329 3661 Sane,
341 3613 392 3666 ego
402 3614 465 3651 suin
477 3597 616 3660 Barlaam,
625 3596 674 3667 qui
684 3597 751 3650 deos
763 3604 835 3659 tuos,
846 3614 942 3667 quem·
983 3614 1043 3651 rem
1058 3614 1129 3654 esse.
1146 3600 1218 3652 Nam
1229 3599 1253 3653 si
1264 3600 1389 3670 ipsorum
1405 3599 1445 3652 dii
1459 3616 1494 3654 ea
1507 3599 1783 3665 imbecillitatesunl,

142 3685 294 3740 admodum
310 3686 414 3751 dixisti,
431 3686 511 3739 nihili
527 3685 627 3755 pendo,
646 3685 748 3755 quique
763 3685 837 3753 regis
851 3686 941 3740 hlium
984 3691 1015 3741 ut
1032 3687 1117 3743 saluti
1132 3704 1189 3742 suae
1206 3688 1351 3742 consulere
1364 3695 1517 3759 nequeant,
1533 3705 1659 3759 quonam
1671 3690 1782 3745 tandem

140 3791 198 3829 non
212 3774 242 3829 in
252 3790 376 3828 errorem
387 3770 503 3843 conjeci,
514 3774 563 3827 sed
574 3790 668 3827 errore
678 3773 803 3839 liberavi,
812 3780 897 3844 utque
906 3776 941 3829 ad
983 3784 1063 3846 pacto
1083 3777 1145 3830 aliis
1158 3777 1280 3831 salutem
1295 3778 1433 3831 atterent?
1451 3779 1551 3848 ltaque
1571 3794 1677 3849 magno
1690 3794 1784 3833 errore

142 3878 238 3916 verum
255 3863 345 3915 Deum
360 3862 486 3930 adjunxi.
498 3864 569 3916 'l'um
585 3863 680 3916 rhetor
692 3862 739 3917 ille
749 3863 867 3917 adhunc
883 3880 940 3918 mo·
983 3866 1105 3920 Chaldaei
1120 3866 1190 3936 lapsi
1215 3872 1291 3930 sunt,
1309 3871 1434 3919 mortuas
1456 3870 1485 3919 et
1505 3866 1636 3920 utilitatis
1658 3872 1783 3938 expertes

141 3949 208 4005 dum
228 3952 338 4005 locutus
349 3956 409 4004 est:
427 3951 567 4014 Quoniam
583 3951 677 4021 magni
692 3958 721 4006 et
735 3952 828 4005 eximii
843 3952 905 4017 riri,
923 3969 941 4006 a
981 3959 1088 4009 statuas
1103 3961 1278 4009 venerantes.
1294 3958 1386 4024 Atque
1400 3956 1487 4009 etiam
1502 3955 1572 4009 mihi
1588 3955 1687 4010 mirari
1698 3956 1780 4015 subit

141 4039 341 4110 quibusomnis
352 4039 491 4110 sapientia
499 4045 528 4093 ct
536 4039 652 4094 scientia
662 4040 775 4095 inventa
783 4046 835 4107 est,
852 4041 939 4095 subli-
981 4060 998 4096 o
1011 4060 1069 4109 rex,
1081 4059 1204 4114 quonam
1218 4043 1301 4097 modo
1310 4043 1330 4096 ii
1346 4043 1394 4113 qui
1403 4043 1476 4113 apud
1490 4060 1539 4097 eos
1550 4044 1782 4115 philosophorum

142 4144 202 4182 mes
212 4129 280 4183 deos
293 4134 379 4199 atque
392 4129 567 4183 immortales
581 4145 628 4183 eos
644 4136 815 4200 nuncupent,
827 4147 939 4185 ornnes·
981 4148 1082 4187 nomen
1094 4133 1230 4195 obtinent,
1249 4132 1317 4186 illud
1333 4132 1552 4202 haudquaquam
1577 4133 1782 4188 animadverte·

142 4234 196 4288 que
210 4217 285 4272 orbis
295 4222 378 4273 terrra
388 4235 468 4287 reges
478 4224 507 4272 et
517 4219 639 4272 illustres
649 4219 700 4273 viri
710 4219 784 4290 ipsos
801 4220 894 4273 colant
907 4234 939 4274 ac
980 4221 1046 4286 rint,
1065 4223 1203 4275 elementa
1217 4237 1328 4291 quoque
1343 4221 1471 4274 interitui
1480 4221 1601 4275 obnoxia
1614 4239 1689 4276 esse.
1702 4221 1781 4287 Quod

140 4308 538 4377 vene1·ontur,qu0nammodo
548 4308 607 4378 ipse
618 4307 743 4377 linguam
753 4309 939 4362 adversuseos
980 4309 1004 4363 si
1022 4311 1162 4364 elementa
1175 4310 1304 4364 interitui
1321 4310 1435 4363 omnino
1459 4309 1578 4364 obnoxia
1600 4326 1634 4364 ae
1656 4311 1782 4382 subjecta

133 4396 227 4461 acuis,
244 4397 453 4466 atqueomnino
463 4413 496 4449 eo
507 4397 630 4451 audaciae
646 4397 815 4467 prorumpis,
831 4403 862 4450 ut
879 4390 1054 4462 haechunt,
1070 4399 1241 4469 quitandem
1256 4399 1295 4452 dii
1305 4416 1366 4452 esse
1379 4398 1503 4468 queant?
1517 4399 1631 4462 Quodsi
1642 4402 1781 4455 elementa

141 4485 287 4555 proferas?
301 4485 430 4549 Quonam
440 4485 507 4539 item
521 4491 688 4555 argumento
697 4487 799 4557 probas
813 4503 861 4540 eos
871 4487 938 4541 deos
979 4488 1018 4541 dii
1038 4505 1094 4542 non
1109 4488 1175 4552 sint,
1193 4504 1315 4559 quonam
1328 4488 1410 4541 modo
1423 4492 1533 4553 statue,
1546 4506 1608 4560 quae
1619 4506 1720 4551 eorum
1735 4504 1781 4543 no·

140 4591 194 4628 non
210 4591 280 4636 esse,
298 4574 347 4629 sed
369 4590 435 4627 ouen
450 4573 498 4643 qui
512 4574 586 4627 cruci
602 4574 773 4629 allinusestl
793 4575 939 4646 Excipiens
980 4577 1056 4632 mine
1067 4583 1279 4642 construuntur,
1295 4577 1333 4630 dii
1350 4577 1455 4630 erunt?

139 4669 234 4719 autern
247 4679 407 4718 sermonem
422 4663 543 4728 Nachor,
569 4663 709 4717 rhetorem
731 4664 844 4733 quidem
858 4663 938 4719 illum
1014 4667 1058 4720 Ad
1073 4667 1230 4738 ipsaigitur
1247 4665 1395 4731 elementa,
1412 4682 1429 4719 o
1443 4682 1501 4731 rex,
1515 4667 1693 4733 accedamus,
1711 4674 1780 4723 uteo

139 4753 216 4807 nullo
229 4769 362 4824 responso
377 4752 510 4822 dignatus
520 4758 578 4817 est;
591 4768 760 4806 rorumcum
771 4751 846 4823 plebi
857 4752 938 4808 silen·
979 4754 1046 4809 deos
1061 4772 1117 4809 non
1127 4772 1187 4809 esse
1198 4755 1432 4817 demonstremus,
1440 4754 1672 4826 sedcorruptioni
1681 4774 1781 4813 mmu-

139 4838 209 4895 tium
226 4857 312 4895 manu
325 4840 481 4907 indixisset,
497 4846 623 4911 atqueos
636 4858 728 4905 suurn,
742 4847 876 4912 tanquam
890 4843 939 4896 illa
979 4844 1082 4898 tationi
1097 4844 1232 4915 subjecta,
1247 4850 1332 4913 atque
1345 4860 1379 4897 ex
1390 4843 1478 4897 nihilo
1499 4844 1529 4898 in
1544 4852 1640 4900 ortum
1655 4846 1713 4901 reri
1733 4846 1780 4902 aa

137 4928 219 4983 asina
232 4930 356 4997 Balaam,
372 4930 538 5002 aperuisset,
545 4947 579 4984 ea
591 4947 654 5001 qum
668 4930 760 4985 dicere
774 4930 890 4986 minime
898 4932 939 4987 in·
977 4934 1058 5006 jussu
1073 4934 1209 5004 producta
1220 4949 1290 4997 esse,
1300 4933 1347 5003 qui
1363 4932 1475 5003 quidem
1491 4934 1684 5004 corruptionis
1693 4944 1723 4990 et
1732 4935 1781 4990 im·

136 5017 269 5073 satum-a
284 5021 446 5088 prolocutus
461 5025 513 5085 est,
523 5020 619 5090 aitque
633 5019 668 5073 ml
680 5036 774 5090 regem
786 5039 792 5073 :
803 5020 936 5091 ligares,
981 5022 1145 5077 mutationis
1160 5039 1259 5094 expers
1273 5029 1326 5087 est,
1342 5028 1372 5075 et
1387 5020 1543 5087 invisibilis,
1559 5029 1716 5095 contraque
1724 5026 1781 5097 ipse

140 5105 373 5175 Doiproridentia
388 5108 417 5162 in
431 5110 569 5164 uiurrdum
580 5109 660 5175 aerii,
676 5116 939 5180 conspectoquecoe-
980 5112 1077 5167 omnia
1091 5112 1190 5174 cernit,
1207 5117 1236 5166 et
1249 5110 1388 5165 arbitratu
1402 5126 1453 5163 suo
1465 5110 1598 5166 immutat
1610 5120 1700 5184 atque
1714 5130 1780 5169 con·

137 5191 175 5258 lo,
191 5200 275 5258 terra,
298 5195 380 5261 marl,
404 5198 471 5261 sole,
500 5215 532 5251 ae
562 5199 637 5264 luna,
662 5198 833 5269 reliquisque
862 5200 938 5268 eius·
981 5201 1073 5255 vertit.
1087 5201 1159 5265 Quid
1174 5200 1262 5271 igitur
1275 5200 1309 5253 de
1324 5199 1470 5253 elementis
1484 5200 1564 5254 dico?

136 5281 213 5336 modi
232 5281 326 5348 rebus,
343 5300 440 5339 earum
455 5291 586 5340 ornatum
602 5287 758 5343 admiratus
771 5304 843 5341 sum.
859 5289 938 5343 llun·
1014 5290 1068 5355 Qui
1079 5292 1180 5345 coelum
1194 5291 1279 5345 deum
1295 5305 1355 5343 esse
1371 5286 1556 5355 arbitrantur,
1576 5297 1686 5346 errant.
1708 5286 1785 5347 Nam'

136 5370 204 5425 dum
220 5375 423 5442 autem,eaque
434 5374 531 5430 omnia
543 5393 604 5447 qua
619 5376 707 5447 ipsius
716 5377 936 5449 cornplenucon-
980 5380 1073 5452 ipsum
1087 5380 1220 5443 converti,
1236 5397 1269 5433 ao
1282 5377 1440 5433 necessario
1447 5370 1704 5450 moveri,atqueex
1711 5382 1780 5436 mul-

131 5460 272 5526 beentur,
288 5462 445 5517 necessario
459 5465 564 5518 moveri
579 5467 764 5537 conspiciens,
775 5485 935 5540 cunisque
977 5470 1013 5523 tis
1027 5470 1110 5525 rebus
1123 5476 1252 5524 constare
1267 5468 1410 5533 ridemus3
1427 5474 1575 5537 propterea
1592 5469 1673 5525 enim
1689 5470 1780 5542 κόσμος

130 5555 268 5611 ,movetur
281 5555 309 5605 et
322 5553 602 5609 comerraturlleum
611 5572 673 5610 esse
682 5557 935 5619 intellexi.Etenim
977 5559 1005 5614 id
1017 5566 1060 5615 est
1072 5561 1194 5615 mundus
1205 5558 1373 5630 appellatur.
1383 5555 1508 5621 Mundus
1514 5572 1599 5627 porro
1609 5561 1781 5617 artificant-
