3818 6120
181 230 233 289 999
753 209 1266 278 usunsrrruurrrruunvr.
1760 219 1828 281 1000

179 358 325 414 mittentes
334 369 374 420 se,
385 352 411 408 si
421 351 534 424 quidem
543 346 578 404 de
588 347 730 422 prioribus
744 348 851 404 delictis
865 339 1068 410 veniamAqui
1087 342 1172 399 coelos
1183 342 1294 416 quidem
1309 343 1432 418 reliquit,
1448 344 1477 401 in
1497 345 1582 402 terris
1603 349 1703 404 autem
1730 347 1826 405 demo·

179 451 352 504 mereantur.
361 446 480 514 Propter
491 441 543 495 hoc
552 439 922 510 ergomerueruntdivinam
933 437 983 491 im·
1023 438 1103 488 ratus
1117 438 1233 506 propter
1247 434 1367 490 salutem
1382 435 1529 491 homiuum
1540 441 1592 491 est.

179 536 375 600 mutationem,
387 538 442 587 999
451 527 617 585 criminibus
633 527 842 584 absolutaesuut
851 533 880 582 et
890 527 983 581 vivent
1061 521 1103 579 tr.
1117 522 1266 579 Referebat
1281 523 1395 595 quidam
1406 525 1541 581 Patrum:
1556 525 1630 592 Quia
1637 531 1698 582 tres
1708 543 1755 582 res
1765 534 1828 583 suut

180 627 311 696 deinceps
322 622 404 678 sobre
414 637 446 675 99
456 619 511 691 pie,
524 625 553 674 et
562 620 648 690 juste.
660 618 816 690 Episcopus
827 622 921 672 autem
932 615 984 670 mi-
1023 611 1202 668 honorabiles
1210 613 1285 686 apud
1293 615 1454 681 monachos,
1468 615 1570 686 quibus
1579 620 1694 688 oportet
1703 632 1756 671 nos
1767 633 1826 672 cuur

179 713 237 768 rari
249 730 279 768 se
288 711 408 777 dicebat,
421 726 478 766 uon
487 714 599 764 tanturn
615 707 649 762 de
660 707 856 763 immutatione
867 708 982 761 illarum
1024 701 1136 762 timore.
1155 708 1183 756 et
1197 707 1329 770 tremore,
1350 709 1379 758 et
1392 704 1496 776 gaudio
1515 704 1657 778 spirituali
1671 705 1825 761 coemere:

178 802 330 858 mulierum
348 801 410 873 (1999
425 799 501 854 enirn
515 797 633 868 contigit
653 797 750 852 multis
767 798 849 866 lieri),
866 796 915 851 sed
931 794 982 849 Dei
1024 791 1239 847 communicatio
1252 798 1675 863 sanctorumsacramentorum,
1690 799 1721 850 99
1735 811 1828 850 mensa

179 891 295 959 donum,
311 889 432 962 quinon
450 888 541 942 solum
557 903 605 941 eas
617 886 766 941 tormentis
779 885 896 939 nrinime
918 881 982 938 sub
1024 878 1153 947 fratrum,
1167 886 1196 936 et
1217 882 1304 953 pelvis
1319 883 1348 937 iu
1372 899 1429 954 qua
1442 883 1562 939 fratrum
1576 884 1663 956 pedes
1684 884 1825 940 lavantur.

177 981 256 1052 jecit,
273 980 322 1035 sed
336 979 423 1034 etiam
433 983 541 1033 tantam
552 976 594 1031 cis
610 976 742 1046 dignatus
752 981 795 1030 est
804 975 909 1030 donare
920 989 983 1045 gra·
1025 969 1244 1042 Proferebatque
1257 972 1419 1044 exemplum
1428 973 1496 1041 9919,
1506 973 1617 1029 dicens:
1631 971 1705 1028 Erat
1718 973 1828 1045 quidem

181 1070 261 1126 tiam
278 1069 327 1125 999
338 1073 433 1124 autern
447 1067 563 1137 angelus
573 1065 608 1120 ad
619 1082 684 1120 eum
699 1064 930 1119 :Admirarishoc
938 1064 983 1134 ju·
1024 1074 1144 1130 magnus
1159 1076 1242 1116 senex
1253 1061 1417 1133 praevidens,
1443 1067 1471 1117 99
1484 1062 1602 1134 contigit
1617 1063 1643 1118 99
1658 1069 1693 1119 99
1702 1068 1829 1134 gustaret

182 1164 235 1227 ste,
249 1159 329 1232 quasi
346 1158 440 1224 homo;
460 1156 598 1212 Dominus
613 1159 709 1209 autem
718 1170 751 1208 ac
760 1154 834 1210 Deus
845 1158 941 1208 noster
955 1157 984 1207 99
1025 1165 1089 1203 curn
1097 1148 1225 1220 pluribus
1233 1150 1420 1206 fratribusEt
1429 1151 1640 1208 comedentibus
1655 1152 1830 1208 illisridebat

181 1242 982 1313 vestercumnaturalitersitbonusacmisericorshisqui
1025 1237 1054 1293 iu
1069 1239 1170 1309 spiritu
1184 1239 1259 1294 idem
1272 1257 1357 1295 senex
1372 1241 1473 1296 sedens
1487 1242 1523 1296 ad
1546 1258 1676 1297 mensam
1692 1242 1829 1315 quosdam

182 1337 361 1393 discedunta
380 1334 501 1408 propriis
519 1333 638 1399 delictis,
659 1339 688 1388 99
706 1350 756 1405 per
781 1331 983 1387 confessionem
1026 1328 1141 1383 edentes
1151 1330 1215 1397 mel,
1231 1330 1300 1385 alios
1314 1335 1408 1385 autem
1422 1347 1533 1402 panem,
1545 1331 1616 1387 alios
1631 1346 1700 1387 vem
1710 1338 1827 1389 stercus.

182 1427 320 1483 accedunt
335 1426 370 1480 ad
381 1441 455 1492 eum,
478 1440 535 1478 non
549 1428 660 1477 tanturn
676 1422 705 1477 in
720 1427 861 1478 tormenta
872 1438 920 1475 eos
942 1420 983 1475 ire
1025 1417 1059 1471 Et
1074 1418 1268 1475 admirabatur
1279 1420 1355 1475 intra
1373 1420 1565 1492 semetipsum,
1582 1425 1612 1476 99
1624 1421 1829 1494 deprecabatur

182 1532 239 1572 non
250 1515 382 1583 sinit,sed
390 1513 475 1569 etiarn
482 1512 606 1568 furorem
617 1529 700 1567 suum
712 1511 824 1582 mitigat
842 1510 876 1565 ab
888 1510 939 1570 eis.
955 1514 983 1563 et
1025 1507 1125 1572 Deum,
1139 1508 1234 1563 dicens
1244 1528 1250 1563 :
1262 1509 1390 1575 Domine,
1402 1510 1495 1565 999919
1505 1509 1574 1565 mibi
1584 1511 1754 1582 mysterium
1765 1511 1826 1578 hoc,

181 1605 288 1662 honore
294 1605 393 1676 dignos
399 1603 466 1659 tacit
475 1622 481 1670 ;
491 1601 595 1659 etenim
601 1601 823 1656 sicdilexitDeus
834 1598 980 1665 mundum,
1025 1596 1092 1668 quia
1105 1597 1180 1652 idem
1193 1597 1271 1652 cibus
1287 1598 1417 1654 omuibus
1431 1599 1575 1671 appositus
1590 1604 1633 1654 est
1648 1616 1737 1672 super
1750 1617 1828 1656 meu-

181 1699 215 1749 99
229 1694 331 1749 filium
341 1710 424 1748 suum
446 1691 624 1763 unigenitum
635 1691 716 1745 daret
726 1706 776 1762 pro
783 1707 816 1744 eo
826 1691 914 1755 lJoon.
930 1692 1020 1758 rulslj
1030 1702 1090 1740 sam
1100 1705 1106 1753 3
1118 1686 1147 1741 in
1161 1687 1357 1742 manducando
1372 1693 1467 1743 auteur
1477 1688 1516 1743 999
1531 1689 1702 1745 immutatus
1709 1690 1826 1746 ridetur.

182 1784 237 1849 Qui
251 1783 412 1855 igiturcum
423 1781 529 1837 inimici
542 1785 636 1835 esseut
645 1780 784 1844 homines,
797 1779 868 1833 mori
880 1795 930 1851 pro
944 1778 984 1850 ip
1025 1782 1054 1830 et
1068 1776 1183 1847 quidam
1198 1777 1287 1832 edunt
1300 1778 1365 1844 mel,
1382 1777 1497 1850 quidam
1517 1795 1581 1834 9999
1596 1795 1712 1851 panem,
1724 1779 1830 1835 aliisu-

181 1872 221 1929 sis
231 1872 413 1944 elegittllom.
429 1872 465 1940 v);
486 1887 542 1926 non
564 1869 754 1939 multomagis
765 1868 933 1924 domesticos
947 1868 984 1922 ef·
1025 1869 1084 1920 torn
1100 1871 1217 1921 stercus.
1235 1867 1269 1920 Et
1284 1867 1361 1922 venit
1373 1867 1398 1922 ei
1417 1885 1468 1924 vox
1483 1867 1613 1940 desuper,
1628 1869 1727 1924 dicens
1741 1888 1747 1925 :
1760 1869 1831 1935 Quia

181 1963 268 2019 festos
281 1978 338 2026 eos,
348 1966 377 2016 et
392 1960 587 2031 poenitentiam
597 1975 682 2030 super
700 1958 742 2013 his
760 1974 821 2029 quse
836 1962 982 2027 gesserant
1025 1955 1066 2009 9119
1078 1956 1126 2027 qui
1141 1957 1313 2011 manducant
1327 1957 1392 2020 mel,
1408 1957 1515 2013 bisunt
1529 1958 1657 2030 quicum
1672 1958 1787 2025 timore,
1800 1963 1828 2013 99

183 2057 308 2123 agentes,
333 2049 451 2105 absolvit
465 2066 483 2103 a
497 2048 600 2121 poenis?
624 2048 674 2102 llis
688 2064 763 2114 9999,
780 2064 841 2119 quae
860 2045 895 2101 ab
921 2048 981 2119 ipso
1022 2050 1154 2113 tremore,
1172 2051 1201 2101 et
1210 2047 1367 2118 gratiarum
1381 2047 1491 2103 actione
1504 2048 1591 2104 edunt
1604 2048 1640 2103 ad
1651 2064 1792 2112 mensam,
1803 2054 1830 2103 et

181 2144 340 2213 preparata
358 2145 433 2205 sunt,
450 2138 523 2193 bona
539 2137 682 2210 praestabit
695 2137 814 2192 fruenda
828 2155 834 2203 ;
851 2137 903 2191 boc
915 2153 981 2208 ergo
1023 2134 1197 2191 incessanter
1210 2143 1306 2204 orant3
1324 2143 1353 2192 et
1371 2136 1462 2192 oratio
1476 2153 1573 2193 eorum
1592 2137 1668 2193 sicut
1682 2137 1828 2193 incensum

181 2226 980 2301 scito,quianulladelictahominumvincuntclemeutiam
1023 2225 1150 2281 ascendit
1162 2231 1229 2282 ante
1241 2226 1341 2292 Deum,
1353 2226 1472 2298 ideoque
1487 2232 1516 2282 et
1530 2227 1584 2282 mel
1599 2227 1765 2283 comedunt
1778 2227 1829 2292 Qui

183 2320 250 2376 Dei:
267 2325 377 2402 tantum
393 2335 444 2390 per
457 2318 651 2391 poenitentiam
667 2333 700 2372 99
715 2334 775 2388 quae
795 2316 903 2388 pridem
919 2316 982 2388 quis
1025 2319 1119 2369 autem
1135 2332 1236 2387 panem
1252 2316 1433 2380 manducant,
1449 2316 1553 2372 bisunt
1562 2316 1611 2389 qui
1625 2316 1738 2388 gratias
1748 2331 1829 2388 agen·

184 2410 261 2466 mala
274 2414 401 2481 gesserat
423 2408 520 2463 abluat
535 2407 643 2462 actibus
657 2406 750 2465 bouis.
765 2408 836 2462 Cum
851 2406 927 2461 enim
948 2406 984 2460 sit
1025 2408 1068 2458 999
1083 2405 1241 2477 percipiunt
1258 2423 1290 2460 99
1305 2423 1367 2479 quse
1382 2423 1398 2461 9
1412 2407 1470 2462 1199
1484 2407 1588 2463 donata
1602 2411 1684 2465 sunt.
1699 2407 1745 2463 1119
1765 2420 1829 2462 vero

184 2496 344 2554 misericors
359 2499 444 2564 Deus,
456 2499 510 2552 scit
521 2496 716 2552 infirmitatem
729 2496 841 2567 generis
851 2496 944 2561 vestri,
957 2501 986 2550 et
1026 2494 1074 2565 qui
1088 2501 1195 2550 stercus
1210 2496 1389 2562 manducant,
1412 2496 1442 2551 bi
1461 2501 1528 2551 suut
1540 2496 1589 2568 qui
1607 2501 1793 2552 murmurant
1803 2502 1830 2551 99

184 2589 349 2662 passionum
363 2587 568 2653 fortitudinem,
581 2592 609 2642 et
622 2585 724 2641 diaboli
735 2585 889 2657 potentiam
900 2591 984 2657 atque
1025 2583 1137 2638 dicunt:
1152 2586 1210 2640 Hoc
1220 2584 1325 2641 bonum
1340 2591 1393 2652 est,
1414 2587 1480 2641 illud
1494 2587 1600 2641 malurn
1615 2592 1663 2642 cst
1676 2586 1706 2659 (1
1715 2587 1780 2643 eor.
1794 2590 1827 2651 rt.

184 2679 329 2744 astutiam,
343 2675 691 2748 etincidentibusquidem
707 2675 906 2730 hominibusin
924 2692 985 2747 pec·
1026 2674 1091 2728 Haec
1114 2679 1208 2729 autem
1223 2675 1292 2729 talia
1311 2691 1367 2731 non
1386 2681 1498 2748 oportet
1511 2677 1645 2747 cogitare,
1669 2675 1720 2732 sed
1740 2675 1828 2748 magis

188 2769 268 2835 99999,
281 2767 361 2839 quasi
369 2766 433 2821 srliis
442 2765 569 2838 ignoscit,
588 2770 616 2820 99
626 2769 768 2837 exspectat
782 2765 983 2820 correctionem
1024 2763 1181 2833 glorificare
1197 2763 1295 2832 Deum,
1308 2771 1394 2836 atque
1415 2765 1512 2821 laudes
1530 2765 1556 2820 ei
1571 2765 1684 2832 9119999,
1700 2772 1735 2820 ut
1759 2771 1786 2820 et
1800 2764 1828 2819 in

186 2854 984 2929 999999,999999999999999991999.(199999999919999999
1025 2852 1106 2907 nobis
1120 2853 1270 2925 impleatur
1283 2855 1353 2910 illud
1379 2855 1452 2926 quod
1465 2855 1571 2910 dictum
1591 2861 1635 2910 est
1649 2873 1655 2909 :
1669 2855 1735 2910 Sire
1749 2871 1830 2910 man·

186 2953 271 3019 atque
279 2949 340 3019 ejus
355 2944 536 3002 exorantibus
545 2944 854 3015 bonitatem‚sanqusm
864 2944 984 2998 infirmis
1025 2941 1142 3010 ducatis,
1154 2943 1212 2998 sive
1223 2943 1327 3010 bibitis,
1340 2944 1397 2999 sive
1408 2945 1476 3016 quid
1489 2945 1565 3000 aliud
1578 2945 1682 3011 facitis,
1693 2945 1792 3001 omnia
1800 2944 1829 3000 in

183 3037 364 3110 compatitur;
375 3040 403 3090 et
412 3034 530 3090 absolvit
537 3033 683 3090 confestim
693 3038 833 3089 tormenta
840 3013 1014 3101 eorumerss
1023 3031 1114 3103 gloria
1128 3032 1179 3088 Dei
1188 3033 1270 3088 facite
1284 3036 1309 3103 (l
1322 3034 1382 3089 Gor.
1402 3033 1455 3104 10).

183 3127 272 3183 donat
281 3126 321 3181 eis
330 3124 404 3180 bona
414 3142 475 3196 qum
485 3129 644 3196 praeparata
653 3129 720 3178 sunt
723 3123 818 3195 justis.
829 3123 877 3177 Ait
887 3129 982 3178 autem
1226 3123 1399 3180 LIBELLUS
1419 3123 1624 3182 SECUNDUS.

184 3206 332 3289 episcopus
351 3215 387 3270 ad
410 3215 559 3285 angelum:
577 3213 698 3269 Obsecro
709 3217 747 3279 te,
762 3213 807 3268 dic
817 3212 886 3267 milri
898 3212 984 3267 etiam
1106 3213 1142 3266 119
1156 3216 1258 3267 eunctis
1276 3214 1432 3268 senioribus
1445 3218 1496 3283 qui
1509 3217 1591 3283 sipno
1603 3212 1758 3282 faciebant.

182 3302 538 3363 99199999991199999999.99
549 3303 652 3374 quibus
663 3303 783 3376 peccatis
792 3303 985 3375 unusquisque
1062 3301 1137 3355 Dixit
1151 3301 1237 3356 abbas
1251 3302 1337 3357 Dulas
1352 3302 1505 3375 discipulus
1522 3301 1631 3358 abbatis
1642 3303 1805 3359 Besarionis
1822 3323 1827 3358 :

183 3411 280 3451 eorum
297 3393 457 3465 subjaceat;
475 3397 507 3447 ut
522 3392 608 3447 etiam
623 3398 652 3447 99
663 3393 698 3448 99
712 3393 755 3447 iris
770 3409 934 3463 agnoscens,
948 3391 984 3446 ab
1025 3389 1098 3453 Quia
1113 3390 1323 3447 ambulantibus
1337 3391 1417 3447 nobis
1432 3409 1512 3448 secus
1526 3392 1605 3447 littus
1620 3393 1721 3458 maris,
1737 3392 1825 3459 sitiri3

183 3482 982 3554 omniliberorignorantra.Angelusautemdixitadeum:
1025 3485 1055 3535 et
1077 3480 1133 3534 dixi
1150 3480 1245 3537 abbati
1263 3481 1409 3537 Besarioni
1423 3500 1429 3536 :
1444 3481 1533 3549 Abba,
1553 3482 1618 3537 sitio
1638 3482 1721 3538 99199
1735 3483 1824 3550 911999,

182 3575 220 3631 119
235 3574 358 3647 quidem,
375 3572 423 3644 qui
438 3572 583 3644 splendido
594 3578 677 3643 atque
688 3571 771 3626 hilari
781 3572 942 3638 vultusunt,
954 3572 985 3626 iu
1027 3572 1075 3626 199.
1095 3585 1135 3635 ru,
1153 3587 1182 3625 9.
1199 3569 1272 3639 2151.
1287 3571 1324 3627 Et
1337 3588 1401 3627 cum
1417 3571 1530 3627 fecisset
1552 3588 1637 3627 senex
1657 3573 1824 3638 orationem,

182 3664 344 3727 sobrietate,
361 3667 390 3717 et
413 3662 552 3728 castitate,
569 3666 597 3715 et
609 3661 721 3732 justitia
739 3661 842 3727 vivunt,
867 3661 985 3716 modesti
1026 3659 1097 3714 dixit
1111 3660 1181 3714 mihi
1197 3678 1203 3714 ε
1218 3659 1285 3715 Dibe
1300 3661 1334 3716 de
1348 3661 1429 3716 mari.
1445 3659 1483 3716 Et
1498 3661 1585 3717 dulcis
1599 3661 1674 3718 facta
1688 3669 1825 3734 estaqua,

183 3769 295 3826 quoque
305 3758 334 3807 99
343 3750 522 3806 condolentes
537 3766 570 3805 ac
584 3749 778 3805 misericordes
788 3755 862 3805 sunt.
875 3751 909 3804 lli
919 3767 983 3805 rero
1024 3754 1053 3804 et
1063 3748 1135 3815 bibi;
1152 3765 1206 3820 ego
1221 3755 1316 3805 autem
1326 3750 1407 3805 hausi
1418 3751 1556 3807 modicam
1570 3751 1600 3807 iu
1614 3767 1691 3820 vase,
1706 3767 1744 3807 ue
1758 3751 1826 3806 forte

182 3842 232 3914 qui
247 3842 345 3910 nigras
367 3838 472 3893 habeut
493 3839 587 3903 facies,
602 3838 793 3893 fornicatiouis
808 3844 837 3894 99
859 3839 983 3895 libidinis
1024 3838 1129 3894 iterum
1153 3838 1272 3894 sitirem.
1302 3840 1382 3904 Quod
1405 3857 1469 3895 cum
1493 3840 1607 3896 vidisset
1631 3857 1729 3907 senex,
1760 3839 1827 3895 dixit

183 3929 305 4002 operarii
315 3934 391 3995 sunt,
402 3926 722 3999 caeterisquesceleribus
732 3933 760 3983 et
767 3928 875 3984 delictis
885 3929 982 3984 dediti.
1025 3927 1094 3982 mibi
1113 3928 1167 3985 :Ut
1180 3929 1249 4001 quid
1263 3945 1310 3985 999
1325 3929 1448 4002 implesti
1464 3929 1556 4002 aqua?
1566 3930 1629 3985 Dixi
1643 3931 1669 3986 ei
1685 3951 1691 3985 :
1711 3931 1825 4003 Ignosce

93 4010 101 4019 ’
183 4016 219 4074 191
234 4035 298 4074 9999
313 4017 362 4090 qui
373 4022 565 4090 apparuerunt
575 4016 722 4088 sanguinei
738 4034 771 4072 ac
786 4017 874 4084 rubei,
885 4019 913 4073 in
928 4035 986 4073 rna·
1026 4019 1105 4086 mihi,
1123 4036 1157 4073 ne
1171 4018 1242 4074 forte
1250 4019 1355 4074 iterum
1367 4019 1470 4074 sitiam.
1480 4018 1518 4076 Et
1527 4020 1567 4076 ait
1580 4034 1666 4075 senex
1677 4038 1683 4074 :
1693 4020 1772 4076 Deus
1780 4020 1826 4093 qui

178 4105 314 4179 iignitate
328 4112 357 4162 et
368 4106 508 4178 injustitia
524 4106 646 4161 99999199
658 4112 734 4172 sunt,
747 4112 875 4162 amantes
889 4106 984 4162 detra·
1025 4108 1071 4163 hic
1085 4114 1136 4175 est,
1153 4112 1183 4162 99
1197 4107 1301 4180 ubique
1315 4114 1366 4163 est.

185 4198 301 4260 9999999,
310 4195 477 4268 blasphemi,
487 4195 985 4259 dolosi,cthomicidaeaunt.Rursum
1059 4197 1086 4252 2.
1103 4196 1165 4253 Alio
1180 4213 1290 4270 quoque
1306 4203 1442 4271 ternpore,
1462 4214 1525 4255 cum
1539 4199 1734 4255 necessarium
1745 4199 1772 4256 ei
1784 4215 1825 4254 es·

181 4286 250 4343 dicit
263 4287 289 4344 ei
303 4286 420 4358 angelus
432 4303 438 4340 :
451 4285 624 4356 Adjuvaeos,
643 4285 666 4340 si
681 4286 794 4358 quidem
805 4286 925 4342 salutern
940 4286 984 4358 ip·
1025 4292 1077 4353 set,
1089 4286 1154 4342 iecit
1165 4287 1330 4353 orationem,
1338 4287 1506 4343 et'transivit
1518 4287 1699 4360 chrysoroan
1712 4287 1826 4343 nuvium

181 4375 675 4447 sorumdesideras3proptereaetiam
686 4376 813 4432 meruisti
824 4377 984 4432 orationum
995 4376 1153 4449 Dpedibus3
1168 4393 1219 4448 ego
1236 4383 1331 4432 autem
1345 4376 1501 4432 admiratus
1515 4377 1639 4433 satisfeci
1654 4377 1691 4444 ei,
1706 4377 1823 4433 diceus:

180 4463 984 4537 tuarumefiectum,utridendodiscasdiscipulorumtuo·
1025 4466 1170 4531 Quomodo
1186 4466 1326 4521 sentiebas
1339 4466 1425 4539 pedes
1437 4472 1511 4534 tuos,
1530 4466 1598 4521 dum
1618 4464 1825 4522 ambularesin

181 4572 245 4613 rum
260 4559 374 4629 peccata
386 4560 416 4610 et
431 4570 483 4626 per
497 4553 703 4610 admonitiones
718 4560 804 4627 atque
817 4554 985 4611 obsecratio·
1024 4555 1111 4628 aqua?
1120 4554 1300 4611 Etaitsenex:
1309 4553 1824 4628 Usqueadtalumsentiebamaquam,

181 4660 241 4713 999,
254 4646 385 4701 meliores
394 4661 445 4716 per
454 4643 650 4716 penitentiam
671 4659 718 4698 eos
737 4644 824 4700 facias
834 4645 860 4699 ei
871 4646 918 4717 qui
933 4663 983 4718 pro
1024 4645 1133 4717 reliqua
1145 4650 1239 4699 autem
1253 4649 1314 4699 erat
1325 4644 1415 4701 solida
1424 4642 1601 4716 subpedibus
1617 4644 1702 4700 meis.

180 4734 250 4808 ipsis
258 4740 387 4791 mortuus
396 4740 448 4801 999,
465 4739 493 4788 99
508 4733 820 4801 resurrexitamortuis,
830 4736 984 4790 lesuChri·
1061 4733 1086 4792 3.
1103 4735 1210 4789 Rursus
1225 4733 1357 4789 euntibus
1373 4732 1453 4788 nobis
1467 4733 1503 4788 ad
1524 4733 1611 4789 alium
1626 4750 1739 4802 senem,
1754 4733 1827 4791 verrit

183 4829 227 4880 sto
237 4825 357 4881 Domino
372 4829 478 4880 nostro.
495 4824 717 4896 Quantacunque
730 4823 817 4895 igitur
833 4823 885 4879 tibi
895 4825 983 4880 virtus
1025 4824 1066 4880 soi
1085 4824 1121 4879 ad
1139 4840 1277 4879 occasum·
1295 4823 1329 4879 Et
1341 4824 1432 4879 oravit
1445 4839 1539 4891 senex,
1555 4823 1653 4879 dicens
1669 4843 1675 4878 :
1694 4824 1824 4886 Obsecro.

182 4918 224 4968 ost
230 4918 259 4969 et
269 4914 393 4969 studium
404 4931 436 4970 99
446 4913 557 4969 dilectio
567 4912 797 4970 circaDominum
808 4920 888 4970 tuum
900 4914 983 4970 Chri·
1024 4914 1151 4980 Domine,
1168 4913 1282 4980 stetsol,
1295 4912 1383 5001 99999
1395 4912 1555 4985 perveniam
1566 4912 1601 4969 ad
1612 4930 1729 4970 serram
1736 4920 1824 4971 tuum.

184 5008 271 5069 stum,
286 5019 397 5058 omnem
413 5020 509 5059 eorum
523 5020 590 5074 gere
603 5003 818 5075 providentiam,
829 5010 862 5060 ut
872 5021 983 5060 conver·
1024 5004 1059 5059 Et
1071 5005 1175 5060 factum
1187 5008 1230 5058 est
1241 5003 1290 5058 sio.

181 5096 306 5147 tanturn
320 5092 440 5163 propriis
455 5094 575 5162 peccatis
586 5094 621 5148 ad
636 5095 734 5161 Deum,
744 5095 913 5150 suadenseis
925 5112 983 5151 rna·
1060 5095 1086 5152 1.
1103 5093 1187 5148 Venit
1195 5092 1347 5164 aliquando
1362 5092 1477 5164 quidam
1489 5088 1663 5150 daemonium
1676 5091 1825 5150 habeusiu

182 5179 284 5236 uifeste
298 5178 400 5250 quibus
414 5183 534 5251 peccatis
549 5182 721 5254 subjaceant,
733 5201 768 5238 ne
780 5184 922 5257 propriam
936 5184 983 5240 de·
1024 5183 1129 5255 scythi,
1143 5188 1171 5237 et
1185 5181 1258 5237 facta
1268 5187 1311 5236 est
1325 5199 1375 5253 pro
1387 5199 1420 5236 eo
1436 5182 1526 5237 oratio
1538 5181 1568 5237 in
1578 5182 1709 5249 99919999,
1725 5191 1756 5239 99
1774 5198 1825 5239 999

181 5273 297 5342 sperent
309 5269 428 5322 salutum
445 5286 478 5324 ex
502 5270 563 5325 hoc.
584 5272 787 5329 Poenibentibus
798 5274 911 5346 quidem
926 5275 981 5329 91199
1024 5271 1221 5344 egrediebatur
1234 5272 1343 5327 daemon
1358 5271 1393 5326 ab
1412 5289 1455 5339 eo,
1468 5271 1535 5343 quia
1553 5272 1643 5327 durus
1658 5279 1723 5328 9999
1737 5274 1823 5345 (1999,

182 5365 212 5414 99
225 5356 453 5414 convertentibus
467 5357 501 5412 ad
518 5359 607 5416 Deum
621 5362 768 5417 animabus
789 5380 888 5418 eorum
905 5364 981 5419 99199
1023 5365 1072 5418 lib.
1087 5376 1125 5428 ur,
1143 5379 1171 5417 n.
1185 5360 1232 5419 tlt
1248 5380 1254 5417 :
1267 5363 1406 5428 Ρ99919.,9.
1420 5360 1463 5430 11,
1476 5377 1554 5416 uum.
1564 5359 1600 5427 21.
1613 5361 1722 5418 Dicunt
1735 5371 1824 5419 auteur

182 5448 238 5504 erit
249 5454 278 5503 et
291 5445 415 5520 epulatio
436 5446 596 5502 futurorum
613 5449 765 5520 bonorum;
781 5451 833 5507 tibi
847 5469 912 5508 9999
927 5452 981 5508 erit
1022 5451 1191 5508 adinvicem
1212 5451 1306 5506 clerici
1329 5450 1383 5506 1999
1406 5450 1498 5506 illius:
1515 5450 1588 5516 Quid
1612 5451 1752 5509 faciemus
1765 5450 1825 5508 huic

181 5537 305 5616 plurima
319 5550 437 5606 marces,
460 5534 597 5594 imitando
610 5543 708 5608 040
720 5540 872 5600 Dominum
887 5547 977 5616 tuum,
1022 5542 1160 5602 demoni?
1174 5543 1263 5600 Nemo
1273 5546 1366 5616 potest
1381 5539 1568 5616 cumspicere,
1580 5540 1637 5599 nisi
1648 5541 1826 5602 9999911999·
