3818 6120
155 264 209 322 ⁴41
551 272 649 329 —vlra
666 273 795 331 sanun
814 273 1013 332 FRONTONII
1032 277 1193 335 ABBATIS.
1214 272 1383 333 nerano.
1735 263 1794 322 eta

157 406 233 451 unns
247 397 296 469 qui
310 397 481 469 praecaeteris
492 399 607 470 majoris
617 403 679 453 erat
688 399 986 473 consiliinesponditn
997 419 1058 459 rere
1065 403 1176 470 herbas,
1187 408 1219 456 ut
1225 398 1385 455 laborantia
1392 394 1525 450 animalia
1532 393 1602 448 escis
1613 391 1739 464 pluribus
1749 407 1800 477 re·-¹

157 489 188 539 ct
201 487 258 540 ait:
275 486 305 541 Si
318 486 439 541 volueris
454 488 579 558 accipere
594 487 740 543 consilium
764 503 868 557 meum,
885 489 953 545 cha·
995 492 1158 553 ficerentur.

156 574 281 642 rissime,
294 575 410 630 forsitan
425 576 480 631 erit
495 576 606 631 hoctibi
618 577 738 632 salubre.
755 578 827 634 Sunt
840 578 891 634 tibi
906 597 952 635 ca-
1031 585 1096 641 Cne.
1110 588 1158 642 IX.
1176 613 1206 624 -
1221 584 1303 640 Mane
1318 588 1413 637 autem
1434 582 1516 645 sacto,
1538 575 1623 632 abbas
1645 572 1792 629 consilium

155 663 223 718 meli
236 665 425 737 septuaginta,
441 683 527 721 Onera
539 683 586 722 ⁶0⁸
599 683 632 721 ex
642 667 771 722 Omnibus
789 667 879 736 bonis,
889 668 952 741 qui·
994 676 1063 730 utile
1078 676 1193 746 eligens,
1206 680 1233 728 et
1245 672 1389 728 avaritiam
1400 670 1512 725 omnino
1523 680 1666 740 spernens,
1683 661 1792 717 medie·

154 750 209 807 bus
221 753 356 825 intelligis
368 755 419 810 Dei
434 755 553 811 famulos
565 773 645 828 posse
659 757 746 825 vesci3
762 763 791 813 et
805 757 894 829 dirige
909 775 953 814 ea·
993 771 1081 821 tatem
1093 765 1214 837 sumpsit
1222 779 1359 827 escarum,
1372 760 1455 814 aliam
1464 776 1529 817 vero
1536 762 1645 829 partem
1653 752 1790 817 dividens,

156 841 244 896 melos
258 858 309 913 per
324 843 405 911 viam,
421 845 534 900 nemine
545 843 672 900 ducente.
685 847 720 900 Ec
737 846 807 923 sier
822 848 880 902 Deo
901 849 954 904 hoc
994 872 1079 926 super
1093 855 1215 909 cameles
1229 869 1335 920 omnes,
1348 867 1383 905 ne
1394 848 1442 904 alli
1451 848 1613 902 riderentur
1621 848 1744 916 portare,
1761 843 1791 893 et

155 929 260 1009 tactum
276 938 320 986 est
332 931 492 1004 imperium,
503 934 637 989 animalia
648 942 698 990 tua
707 936 783 991 salva
797 938 955 1008 regredien-
994 944 1076 999 tlerct
1089 945 1152 999 aliis
1166 943 1279 1013 injuria,
1292 939 1421 996 omnibus
1431 937 1553 994 medium
1567 932 1702 1008 imposuit
1708 945 1790 994 onus,

155 1022 203 1074 tur
217 1020 252 1074 ad
267 1025 314 1076 te:
331 1023 354 1077 si
374 1039 438 1077 rero
447 1022 498 1078 tibi
512 1040 545 1078 ex
557 1024 666 1079 diabolo
680 1027 793 1095 jactura
812 1026 950 1093 imminet,
993 1034 1070 1087 volut
1083 1031 1209 1103 eulogias
1220 1031 1257 1101 (8)
1269 1045 1403 1085 revocans
1414 1027 1532 1083 Domino
1543 1041 1648 1090 rerum,
1658 1028 1691 1079 ut
1705 1018 1792 1076 arari·

154 1106 278 1164 libenter
288 1111 376 1166 tolera
391 1111 502 1183 flagella
515 1113 658 1185 temporis,
676 1130 760 1184 quam
774 1112 874 1170 acriori
881 1115 952 1171 forte
992 1122 1040 1178 tiae
1055 1124 1145 1192 legem
1161 1120 1309 1185 scinderet,
1327 1123 1355 1173 et
1371 1117 1549 1172 medietatem
1564 1113 1714 1169 oblationis
1725 1129 1790 1184 pre-

154 1198 228 1254 cede
238 1200 409 1271 corripieris.
418 1202 499 1264 Quod
510 1200 804 1259 sihoctibiconsilium
813 1204 950 1277 displicet,
992 1211 1054 1284 prio
1076 1212 1189 1266 domino
1215 1209 1385 1264 camelorum
1405 1205 1580 1262 reddidisset.
1595 1205 1681 1259 Erant
1704 1202 1791 1272 igitur

153 1288 395 1359 quaerealiumqui
404 1290 581 1361 poteritdare
592 1292 692 1346 melius
702 1309 876 1364 responsum.
888 1295 953 1350 ilaec
993 1301 1145 1372 supradicti
1156 1293 1791 1361 amicicumdominecamelorum,consolantes

153 1374 258 1443 clicone,
276 1379 419 1445 conticuit,
430 1381 479 1435 sed
487 1380 539 1451 ipsi
554 1380 631 1435 diviti
645 1387 673 1435 et
683 1381 730 1452 qui
744 1398 808 1436 curn
824 1399 855 1436 eo
872 1389 953 1439 erant
994 1405 1060 1446 oum
1084 1390 1119 1444 de.
1141 1388 1304 1443 animalium
1327 1393 1472 1442 tantorum
1498 1384 1630 1458 periculo,
1653 1381 1792 1453 simulque

153 1463 347 1535 huiuscemfflh
363 1468 511 1522 milium
526 1467 723 1540 beneplacuit·
740 1470 874 1526 Oneravst
885 1489 951 1543 ergo
993 1479 1145 1534 Dominum
1159 1478 1351 1549 deprecantes,
1364 1494 1400 1531 ne
1415 1476 1553 1531 accideret
1566 1471 1708 1529 innocenti
1732 1471 1791 1524 viro

152 1555 301 1626 sexaginta
314 1554 437 1628 quinque
451 1558 572 1612 camelos
586 1557 621 1627 (3)
637 1575 670 1612 ex
684 1559 728 1613 his
743 1576 804 1630 quae
814 1561 886 1614 servi
901 1561 951 1615 Dei
992 1573 1072 1624 taam
1084 1570 1206 1638 J'actura.
1224 1567 1328 1622 Octava
1342 1571 1436 1621 autem
1451 1565 1505 1629 die,
1518 1581 1582 1618 cum
1590 1567 1684 1616 essent
1693 1577 1792 1614 omnes

151 1644 299 1699 comedere
312 1653 426 1717 possent
436 1665 443 1714 ;
455 1647 579 1718 quinque
589 1664 654 1702 vere
662 1649 833 1703 camelorum
846 1650 952 1706 cibaria
992 1657 1022 1713 in
1035 1674 1122 1713 unum
1142 1657 1259 1723 collecti,
1273 1656 1374 1727 Jejuni3
1391 1671 1464 1709 unus
1478 1654 1526 1725 qui
1540 1653 1612 1708 leves
1627 1668 1659 1706 ec
1666 1651 1791 1706 tinnulas

148 1728 223 1786 hebr
245 1733 389 1805 imposuit,
414 1751 505 1789 escam
535 1742 700 1791 cunctorum
725 1738 899 1806 animalium,
922 1727 1076 1802 inBaures
1091 1746 1221 1812 habebat,
1243 1762 1293 1811 per
1308 1745 1423 1799 ilamina
1445 1747 1592 1796 uentorum
1617 1739 1790 1812 campanulae
1894 1729 1899 1735 ’

148 1823 275 1878 maximo
290 1823 385 1878 dolore
408 1823 521 1878 dicens:
545 1824 658 1896 Siquis
682 1826 819 1881 invenerit
840 1845 896 1895 ees,
923 1836 953 1883 et
992 1838 1104 1908 rapiens
1119 1836 1252 1902 sonitum,
1273 1834 1420 1906 paululum
1445 1832 1575 1898 reticnjn3
1602 1835 1631 1885 et
1653 1846 1717 1884 cnm
1738 1828 1791 1881 bn.

142 1926 248 1966 eonem
266 1911 427 1984 exposuerit
438 1930 533 1977 onera,
549 1913 614 1968 risis
639 1914 752 1969 cibariis
774 1916 953 1971 miserebitur
992 1942 1028 1980 ne
1050 1925 1164 1980 tandem
1189 1930 1336 1978 sonantem
1360 1921 1617 1993 comprehenderet,
1642 1919 1700 1973 ait:
1718 1918 1790 1972 Puto

142 1998 197 2066 eis,
215 2000 336 2055 etdabit
350 2002 391 2055 eis
407 2004 586 2058 manducare.
612 2004 646 2058 nr
668 2021 732 2058 cum
754 2005 862 2075 ingenti
884 2007 952 2061 iletu
993 2015 1067 2085 qnod
1094 2031 1127 2068 ex
1155 2013 1304 2068 altitudine
1329 2011 1466 2066 montium
1499 2026 1641 2080 campanae
1665 2006 1791 2062 sonantis

139 2099 204 2144 nno
220 2091 319 2146 ordine
335 2092 479 2146 innectens
492 2092 620 2159 chordas,
630 2094 732 2148 direxit
746 2111 794 2148 eos
803 2112 854 2166 per
867 2095 951 2164 riam,
993 2108 1087 2158 motus
1101 2103 1225 2157 auditur,
1242 2103 1319 2157 Tunc
1334 2118 1432 2155 munes
1450 2098 1554 2171 egressi
1576 2102 1726 2152 senserunt
1744 2112 1791 2150 ω.

141 2181 353 2235 wmfflssssdfflls
371 2181 500 2246 D⁰miss02
518 2182 949 2255 utsifflDeOeSSOtimperiuQ
993 2194 1130 2247 melomm
1159 2192 1313 2257 adrentus;
1338 2188 1505 2260 gratulando
1530 2185 1666 2241 mirabilis
1690 2184 1792 2240 accidit

139 2277 312 2324 remearent
326 2269 455 2324 celeriter
464 2286 529 2324 cum
544 2272 823 2327 saluteNullusrero
834 2273 952 2329 ducator
992 2282 1098 2349 laetitin,
1123 2281 1242 2337 secunda
1262 2296 1328 2335 vero
1354 2279 1389 2333 de
1415 2277 1604 2332 consolatione
1633 2275 1694 2328 viri.
1717 2272 1791 2328 Nam

142 2357 189 2429 (4)
204 2374 271 2412 cum
286 2357 454 2413 animalibus
469 2358 545 2415 abiit·
992 2372 1041 2443 qul
1055 2370 1188 2424 defuncta
1201 2367 1335 2423 animalia
1344 2366 1512 2438 autperdita
1518 2366 1578 2435 jam
1587 2363 1711 2434 lugebat,
1720 2378 1792 2432 gau-

183 2448 253 2504 Cnr.
271 2447 345 2504 Vlll.
358 2448 438 2503 —Et
450 2450 563 2523 quando
574 2453 680 2524 egressi
694 2459 761 2508 sunt
771 2455 898 2523 januam,
910 2455 951 2508 di·
992 2459 1062 2514 dens
1076 2459 1111 2512 de
1121 2457 1241 2528 receptis
1251 2454 1419 2511 animalibus
1431 2460 1518 2520 ‘Ml
1534 2452 1694 2508 letabatur.
1704 2450 1792 2506 Vene-

145 2535 228 2590 misit
239 2537 366 2593 servulus
380 2539 502 2610 primum
517 2540 664 2606 camelum,
679 2543 760 2612 cujus
774 2542 900 2598 ducalem
915 2541 949 2612 (ὃ)
992 2554 1060 2602 runt
1073 2564 1170 2603 omnes
1184 2546 1273 2613 illaesi,
1293 2561 1350 2600 non
1370 2543 1465 2598 tristes
1484 2542 1572 2609 vultu,
1598 2558 1650 2595 nec
1673 2538 1790 2594 maciem

149 2625 275 2691 tenebat,
295 2643 378 2698 quem
393 2628 484 2682 caeteri
499 2629 697 2700 sequebantur,
717 2637 746 2686 et
759 2631 889 2687 abiemnt
902 2649 953 2704 per
992 2637 1166 2692 necessitatis
1180 2635 1325 2689 habentes.
1347 2633 1476 2703 Suscepit
1496 2648 1562 2702 ergo
1580 2631 1703 2685 camelos
1725 2644 1792 2683 suos

151 2715 227 2769 riam
240 2717 323 2786 juxta
337 2716 515 2787 praecinctum
529 2718 631 2773 montis
647 2718 692 2788 (6),
707 2725 805 2775 euntes
821 2721 882 2776 soli.
897 2721 951 2777 Sed
993 2726 1077 2780 homo
1091 2726 1148 2791 ille,
1162 2741 1227 2779 cum
1237 2739 1340 2794 magna
1354 2722 1510 2794 gratiarum
1525 2720 1652 2774 actione:
1674 2724 1704 2772 et
1726 2717 1792 2771 risis
1811 2784 1814 2791 Ι

150 2805 247 2859 nescio
258 2821 295 2859 an
307 2806 359 2859 soli
373 2807 472 2860 cameli
487 2823 604 2877 pergere
615 2812 754 2879 poterant,
774 2811 823 2864 sed
837 2811 951 2866 Domini
993 2814 1134 2880 oneribus,
1151 2814 1239 2868 multo
1254 2812 1374 2884 amplius
1388 2816 1540 2875 recreatus,
1560 2808 1690 2863 exsultat.
1714 2807 1792 2860 'lunc
1811 2794 1813 2798 ’

149 2894 254 2948 nuntio
267 2900 419 2965 praeunte,
430 2895 502 2949 viam
513 2896 648 2951 directam
663 2899 706 2962 (ut
720 2898 893 2954 intellectum
907 2906 951 2955 est
991 2909 1020 2958 et
1033 2903 1094 2957 illos
1109 2903 1223 2967 amicos,
1239 2907 1268 2956 et
1277 2917 1415 2973 pauperes
1423 2898 1572 2972 pluresne
1582 2897 1731 2970 prandium
1741 2910 1791 2950 no·

148 2985 257 3055 postea)
271 2983 403 3039 abierunt
416 2990 445 3039 et
454 2990 553 3057 quarto
564 2986 609 3040 dic
624 2986 749 3043 confecto
763 2988 872 3055 itinere,
881 2989 951 3044 hora
991 2991 1046 3046 bile
1061 2995 1150 3055 vocat,
1167 2990 1335 3060 easdemque
1349 2987 1476 3058 eulogias
1489 2985 1679 3060 indigentibus
1699 2984 1793 3038 distri·

148 3086 226 3126 nona
235 3072 383 3143 agentibus
393 3090 463 3144 opus
475 3074 525 3128 Dei
535 3073 679 3141 fratribus,
692 3077 763 3131 sicut
774 3077 889 3148 quidam
903 3095 951 3150 pe
961 3080 1054 3148 chuit
1067 3096 1136 3151 quas
1150 3083 1307 3150 acceperat.
1326 3077 1382 3132 Sed
1397 3083 1425 3131 et
1444 3076 1541 3130 amieis
1557 3075 1603 3146 qui
1619 3075 1738 3129 aderant
1756 3089 1789 3128 ex

149 3166 212 3216 stca
227 3162 326 3216 retulit
339 3161 428 3228 nobis,
446 3179 508 3216 ecce
521 3165 629 3235 primus
639 3171 705 3220 ante
720 3165 793 3220 iores
806 3166 951 3222 accubavit
991 3170 1032 3224 eis
1044 3169 1161 3240 largitus
1176 3176 1218 3222 est
1230 3186 1237 3234 3
1253 3173 1281 3222 et
1297 3167 1356 3238 ipse
1368 3182 1480 3238 quoque
1490 3164 1713 3218 benedictionem
1726 3178 1789 3216 san·

148 3251 292 3305 camelus:
310 3253 358 3306 sed
373 3268 515 3323 campana
530 3254 654 3308 sonitum
670 3253 707 3324 (7)
723 3255 820 3310 audire
835 3272 950 3328 nonpo-
991 3263 1041 3313 ctae
1051 3257 1237 3329 jucunditatis
1251 3256 1398 3327 accipiens,
1414 3253 1556 3324 gaudebat
1570 3253 1599 3307 in
1611 3251 1730 3307 Domino

147 3341 206 3396 tuit
220 3348 399 3412 perstrepens
423 3359 508 3397 sonus
527 3344 708 3415 hymnorum.
723 3343 817 3399 Abbas
840 3350 936 3400 tamen
1027 3347 1094 3401 Car.
1111 3347 1146 3401 X.
1160 3376 1192 3387 -
1203 3346 1242 3400 lix
1254 3345 1301 3398 illo
1320 3344 1408 3415 igitur
1420 3359 1504 3407 anno,
1520 3341 1653 3412 usquein
1669 3344 1788 3394 mortem

118 3430 285 3521 ,quoniam
300 3446 385 3501 prope
395 3431 497 3485 estium
513 3443 583 3496 erat,
600 3431 658 3502 ipsc
672 3433 750 3502 prior
762 3433 839 3498 vidit,
852 3439 881 3487 et
896 3450 947 3504 ga·
991 3435 1145 3501 Frontonii,
1161 3435 1200 3488 sic
1210 3434 1286 3488 dives
1296 3434 1343 3486 ille
1357 3437 1598 3501 notatotempere,
1613 3429 1724 3501 quando
1735 3428 1792 3499 pri·

146 3518 226 3573 risus
241 3525 286 3573 est
298 3519 387 3574 valde.
397 3521 541 3590 Angustus
551 3521 625 3574 enim
634 3527 694 3575 eret
709 3521 839 3576 introitus
852 3539 947 3576 mona·
991 3542 1070 3579 mum
1085 3524 1209 3588 miserat,
1222 3539 1299 3577 escas
1312 3521 1484 3576 necessarias
1498 3520 1565 3591 ipsis
1588 3517 1745 3588 dirigebat3
1761 3522 1790 3572 ct

147 3608 238 3675 sterii,
256 3614 285 3663 et
294 3609 370 3663 solus
383 3608 468 3663 abbas
482 3609 555 3663 fores
569 3627 620 3664 suo
635 3615 711 3665 statu
725 3611 881 3678 claudebat,
893 3629 947 3667 cae·
991 3613 1103 3669 aliissic
1112 3611 1243 3666 divitibus
1252 3611 1388 3665 Dominus
1399 3608 1564 3680 imperabat,
1577 3613 1650 3662 etex
1660 3606 1790 3662 cornibus

146 3698 275 3769 terisque
283 3698 950 3772 interpositisfratribustacuit,nihilrespondens
991 3702 1111 3774 dapibus
1120 3699 1370 3771 irrigati,nihilDei
1381 3698 1522 3753 servicem
1532 3694 1787 3751 sanctoFrontonio

148 3786 240 3842 donec
252 3787 351 3858 hymni
365 3789 582 3859 complerentur.
598 3789 676 3842 Tunc
686 3789 824 3860 complete
835 3790 951 3861 hymno·
991 3791 1085 3846 minus
1100 3789 1245 3844 haberent.
1256 3788 1418 3859 Vigilabant
1428 3787 1457 3841 in
1467 3786 1596 3858 operibus
1604 3785 1654 3840 Dei
1664 3783 1715 3838 filii
1724 3800 1789 3837 cum

150 3890 216 3930 rum
229 3876 329 3930 ordine
342 3877 482 3932 advocatis
497 3877 639 3943 iratribus,
657 3893 728 3948 pene
746 3878 946 3950 improperans,
991 3880 1084 3945 Patre,
1102 3877 1349 3951 spiritualibusque
1363 3893 1411 3931 eos
1425 3876 1579 3930 admonens
1593 3872 1720 3945 dapibus,
1736 3873 1791 3926 im-

149 3965 210 4019 ait:
226 3964 280 4019 Ubi
290 3966 728 4021 suntmurmurctionesrestrae?
741 3967 951 4022 EcceDominus
991 3969 1086 4040 plebat
1096 3967 1221 4039 quotidie
1231 3982 1361 4021 sermone
1370 3965 1491 4031 ceresta
1508 3963 1706 4033 exsultansque
1716 3963 1792 4017 laeta-

149 4050 322 4125 improperie
336 4054 399 4108 forti
416 4054 495 4109 nobis
510 4073 587 4110 escas
598 4055 633 4109 ab
642 4055 698 4110 alto
707 4056 793 4122 misit,
807 4056 853 4111 cui
864 4057 952 4111 voluit
992 4057 1075 4111 batur
1088 4057 1118 4111 in
1133 4055 1316 4126 Domino,qui
1325 4054 1377 4108 sibi
1387 4055 1472 4108 talem
1483 4052 1789 4118 dederatintellertum,

149 4142 207 4198 viro
226 4143 360 4214 prudenti
376 4144 516 4214 imperans
531 4145 649 4199 adduxit
658 4145 738 4199 nobis
752 4146 874 4199 camelos
883 4163 951 4200 oue·
992 4151 1025 4201 ut
1037 4147 1099 4201 aria
1110 4145 1270 4200 solitudinis
1288 4145 1349 4197 loca
1361 4143 1446 4212 digna
1457 4143 1610 4214 quaesisset.

150 4236 215 4287 etos.
243 4232 356 4297 Venite,
379 4234 552 4304 deponamus
576 4250 670 4301 onera,
698 4239 730 4288 ut
747 4233 856 4306 possint
876 4235 952 4288 retici
1028 4237 1093 4290 (lar.
1110 4236 1158 4289 Xl.
1176 4262 1207 4272 -
1222 4232 1382 4303 Legendum
1398 4232 1570 4297 hoctradite,
1587 4232 1741 4307 multorum
1756 4230 1791 4283 ad

151 4321 284 4376 animalia
299 4323 381 4377 lassa.
398 4323 477 4377 Tune
492 4338 589 4376 omnes
605 4323 677 4377 mira
686 4324 876 4393 gratulatione
883 4323 950 4390 leti,
992 4323 1206 4379 edificationem
1216 4322 1428 4375 monachorum.
1440 4319 1791 4388 illeenimnragisoritme

150 4411 337 4466 communiter
350 4411 507 4483 gratiarum
522 4412 660 4466 actionem
676 4411 735 4466 Deo
757 4412 949 4474 reddiderunt,
959 4409 1046 4467 Dlior
1060 4414 1090 4467 in
1104 4416 1253 4482 conspectu
1264 4410 1323 4475 Dei,
1331 4426 1387 4463 non
1397 4409 1555 4480 quicunque
1565 4408 1673 4478 legerit,
1685 4407 1734 4461 sed
1743 4407 1791 4478 qui

151 4504 175 4554 et
191 4501 353 4572 gaudentes
368 4500 546 4572 deponebant
563 4517 649 4555 onera
663 4503 843 4558 camelorum.
862 4502 954 4572 Supra
993 4501 1133 4556 credendo
1147 4501 1198 4555 Dei
1214 4499 1302 4554 servis
1312 4499 1353 4552 sic
1368 4498 1473 4553 lecerit.
1485 4497 1641 4552 Mercedem
1657 4500 1752 4550 autem
1776 4512 1793 4549 a

151 4590 274 4660 quinque
288 4606 352 4644 rere
364 4590 495 4655 camelos,
511 4590 643 4644 reseratis
657 4589 892 4656 sarcinis,cibar·ia
903 4607 951 4645 re·
994 4591 1105 4645 Christo
1120 4591 1186 4645 lesu
1199 4590 1320 4643 Domino
1335 4593 1431 4642 nostro
1446 4586 1571 4657 recipiet,
1584 4585 1793 4656 quieleemosy-

148 4678 953 4750 peterent.abluentesigituranimeliumpedesdestratu
994 4696 1059 4734 nam
1069 4694 1224 4751 pauperum
1231 4695 1288 4732 non
1303 4677 1469 4748 despexerit,
1483 4683 1512 4730 et
1526 4692 1620 4728 servre
1629 4674 1792 4728 Deidirccto

147 4782 246 4826 torum
262 4768 389 4823 fecerunt
402 4769 555 4840 presepia;
572 4775 601 4823 et
615 4769 851 4840 apposuerunteis
863 4785 949 4835 escas,
993 4769 1076 4824 corde
1091 4769 1210 4822 intuitus
1230 4766 1322 4830 tuerit,
1341 4766 1369 4819 in
1384 4764 1474 4835 gloria
1491 4763 1603 4818 Domini
1617 4764 1708 4817 nostri
1726 4764 1792 4817 lesu

144 4871 220 4931 quas
231 4857 287 4929 ipsi
299 4857 351 4912 sibi
360 4864 697 4929 apportaverant,necnon
707 4863 736 4912 et
744 4857 798 4928 ipsi
805 4857 953 4912 etiamdis·
995 4858 1110 4922 Christi,
1123 4857 1168 4912 cui
1179 4863 1219 4910 est
1233 4856 1323 4909 honor
1332 4853 1456 4923 etgloria
1466 4853 1494 4905 in
1506 4853 1606 4907 saecula
1617 4852 1791 4907 saeculorum.

140 4947 303 5007 currebant
313 4963 364 5019 per
377 4964 473 5003 omnes
484 4947 587 5002 montis
599 4947 752 5013 anfractus,
764 4951 845 5001 notas
862 4946 952 5017 inqui·
992 4947 1093 5000 Amen.
1109 4947 1174 5001 ilaec
1187 4944 1239 4998 sub
1247 4942 1390 4997 Antonino
1401 4941 1437 5009 lt)
1450 4941 1621 5012 imperatore
1627 4946 1791 5012 gestasunt,

992 5035 1186 5090 tertiodecimo
1198 5048 1272 5086 anne
1286 5030 1398 5101 imperii
1412 5031 1483 5100 ejus.

784 5153 977 5210 ROSWEYDI
994 5152 1162 5208 ΝΟΤΑΤΙΟ.

178 5250 583 5378 (i)Fruatiaiithiisdrento
591 5251 701 5307 dicitur.
713 5253 945 5324 Martyrologium
989 5251 1080 5305 exhec
1093 5251 1162 5315 loco,
1174 5255 1207 5303 ut
1219 5251 1347 5319 apparet,
1362 5248 1567 5319 depromptam.
1581 5245 1668 5300 Miror
1677 5245 1752 5298 unde
1763 5245 1792 5298 in

133 5322 322 5389 Romanum,
337 5323 371 5378 n
411 5324 507 5395 prilis:
526 5342 538 5376 e
554 5323 727 5377 Alexandriae
737 5323 947 5378 sanctil'ronto-
990 5321 1293 5376 FlorarioSanctorum
1310 5319 1519 5388 manuscripto:
1539 5336 1552 5367 e
1571 5317 1647 5371 Obiit
1659 5332 1733 5369 anno
1747 5331 1793 5368 sa·

129 5393 944 5464 nisabbatis,cujusn‘tasanctitateetmiracnlisclaruit,r
988 5393 1055 5446 lutis
1074 5392 1132 5447 lii.
1150 5411 1163 5442 a
1182 5392 1221 5446 De
1237 5391 1289 5446 hoc
1305 5391 1405 5445 Petrus
1431 5390 1459 5442 in
1481 5390 1608 5458 catalogo
1633 5392 1794 5441 sanctorum

127 5460 255 5525 Eadem
268 5466 342 5536 apud
355 5466 515 5520 Usuardum
536 5472 565 5519 et
585 5467 721 5520 helenam.
741 5465 827 5519 Addit
852 5465 946 5519 Beda:
988 5462 1059 5516 libro
1075 5463 1296 5534 xr,cap.ultimo,
1311 5479 1389 5517 num.
1400 5459 1620 5515 recusandus
1633 5458 1728 5528 lapsus
1741 5457 1794 5509 Pe·

135 5536 947 5608 «QuiseptuagintaiermePatererstititmonachornm.»
989 5532 1038 5597 tri,
1055 5533 1103 5587 lib.
1117 5549 1154 5599 rx,
1172 5552 1233 5605 cap.
1249 5535 1312 5601 109,
1327 5539 1355 5588 et
1366 5532 1511 5599 Antonini,
1519 5531 1547 5584 in
1555 5530 1671 5589 Chron,
1683 5532 1763 5598 parte
1771 5540 1791 5589 1,

132 5604 306 5666 Rhabanus
315 5609 490 5664 etNotherus
499 5606 739 5679 tusiusaliquanto
749 5622 809 5661 rem
820 5612 948 5673 narrant,
989 5603 1038 5662 tit.
1052 5619 1088 5669 rr,
1104 5621 1165 5676 cap.
1174 5605 1220 5673 ⁶26,
1231 5605 1282 5678 gl,
1297 5603 1527 5679 quicontundunt
1536 5602 1605 5654 Acta
1615 5597 1791 5669 hujusFron·
