3818 6120
140 283 206 375 569ι
337 319 423 376 vira
442 321 662 381 SANGTORUM
680 324 853 381 asstanti
872 325 1041 383 EREMITAE
1068 326 1111 382 ET
1130 325 1312 382 Josneuar
1332 323 1444 381 INDIAE
1464 325 1581 383 REGIS.
1728 324 1781 381 570

140 446 236 518 quium
244 446 353 501 reniret
365 448 501 519 petiisset,
517 466 599 506 mane
606 469 663 518 rex,
676 471 709 508 eo
719 471 813 509 secum
827 456 1124 528 assum-Aprudentia
1138 461 1166 511 et
1180 455 1330 526 sagacitate
1343 454 1493 510 antecellit.
1505 454 1577 509 Illud
1592 453 1665 510 enirn
1681 470 1745 509 eum
1761 470 1779 509 a

140 543 195 608 pte,
206 538 241 591 ad
252 537 396 592 visendum
407 539 496 593 tilium
508 542 702 611 proficiscitur.
717 545 843 616 Cumque
853 563 939 617 prope
981 565 1035 620 quo
1052 548 1137 601 alitur
1154 546 1240 612 novit,
1265 550 1296 599 tu
1322 551 1419 600 contra
1440 547 1510 616 ejuS,
1527 562 1543 598 a
1566 562 1620 616 quo
1635 562 1668 599 ex
1692 543 1779 598 nihilo

138 642 201 680 eum
216 627 396 694 consedisset,
414 645 479 683 enm
497 630 610 702 alloqui,
623 649 654 685 ac
672 632 781 703 probris
796 634 937 701 insectari,
980 639 1131 710 productus
1147 654 1186 698 es,
1197 637 1333 706 cujusque
1341 634 1583 689 beneficioriviset
1594 634 1776 698 conservaris,

137 720 221 788 atque
234 717 322 787 ipsius
338 718 542 773 contumaciam
557 720 699 793 animique
709 722 880 793 rigiditatem
896 741 939 779 ac·
979 728 1155 800 ignoratione
1168 725 1288 779 laboras.
1304 726 1344 779 Ac
1358 725 1441 778 deum
1456 726 1580 796 appellas
1594 740 1677 796 quem
1693 724 1775 795 paulo

138 822 236 860 casare
248 807 341 878 eoepit.
354 807 404 862 lllo
414 811 701 881 verorectadogmate
712 829 823 867 rursum
836 815 938 868 confir·
980 824 1045 873 ante
1059 819 1134 871 ferro
1148 815 1298 881 verberari,
1312 821 1395 885 atque
1410 815 1474 884 igne
1489 816 1613 879 conflari,
1627 821 1655 869 et
1670 814 1778 869 malleis

138 901 243 960 monte,
257 896 417 967 Christique
430 913 525 953 amore
539 899 608 952 nihil
622 901 764 971 antiquius
778 903 939 958 habendum
979 908 1061 962 tundi
1077 906 1199 969 videbas,
1218 921 1299 975 quem
1323 909 1439 974 argento
1455 909 1539 974 atque
1565 921 1633 957 auro
1653 903 1775 969 cinxisti,

137 1002 196 1039 esse
218 986 369 1052 clamante,
391 986 520 1042 Theudae
541 989 570 1042 iu
595 990 718 1044 medium
738 992 879 1062 prodiens,
895 993 939 1047 his
980 996 1206 1069 atqueaterrain
1216 995 1302 1048 altum
1314 993 1624 1063 sustulisti;posteaque
1634 992 1661 1047 in
1672 999 1775 1047 terram

135 1073 229 1128 serbis
244 1091 312 1129 usus
323 1081 364 1130 est
376 1093 382 1128 :
395 1076 545 1143 Quidnam,
563 1095 579 1132 o
594 1078 737 1150 iosaphat,
754 1082 828 1151 quod
844 1082 938 1136 inim·
980 1087 1105 1158 abjectus
1126 1085 1229 1155 abjecti
1251 1083 1352 1154 lapidis
1372 1082 1549 1152 abjectiores
1564 1082 1704 1148 adorator,
1721 1099 1776 1135 uon

134 1163 303 1218 mortalibus
311 1164 366 1217 diis
375 1165 478 1220 uostris
488 1167 746 1238 reprehendendum
754 1170 935 1238 sitinvcnisti,
979 1178 1069 1231 Deum
1085 1176 1213 1241 adorans,
1230 1175 1279 1228 sed
1294 1177 1406 1227 mortua
1418 1177 1445 1225 et
1460 1172 1560 1226 animae
1576 1171 1699 1242 expertia
1716 1188 1776 1224 ma-

133 1258 164 1306 ut
187 1258 218 1306 tu
236 1252 271 1306 ab
289 1269 386 1307 eorum
397 1256 474 1308 cultu
485 1256 652 1322 discederes,
663 1274 694 1311 ac
704 1259 778 1328 regis
793 1260 880 1330 patris
895 1262 937 1316 tui
979 1282 1068 1320 nuum
1081 1270 1296 1334 tuarumopera.
1309 1263 1368 1316 imo
1381 1278 1452 1326 vero,
1465 1277 1501 1315 ne
1512 1265 1652 1313 mortuum
1665 1260 1776 1330 quidem

130 1341 265 1397 animum
289 1342 329 1396 ita
357 1341 521 1397 offendendo
543 1346 630 1399 totius
649 1347 744 1417 populi
769 1347 864 1402 odium
886 1350 938 1405 tibi
979 1372 1090 1427 aequum
1112 1359 1155 1408 est
1181 1353 1361 1407 simulacrum
1384 1351 1647 1422 appellare,rerurn
1674 1366 1775 1403 norum

131 1431 346 1485 commo-eres?
358 1433 401 1485 An
416 1449 471 1487 non
484 1433 562 1488 abiis
570 1435 655 1489 vitam
668 1436 816 1508 accepisti?
826 1444 869 1495 An
882 1457 938 1494 non
979 1445 1118 1516 quoddam
1128 1449 1245 1496 actanta
1254 1441 1377 1494 umentia
1387 1440 1502 1510 dignum
1511 1456 1613 1493 nornen
1621 1438 1776 1508 excogitare

132 1520 191 1592 ipsi
207 1521 281 1592 patri
295 1525 322 1575 te
337 1521 408 1575 dono
422 1521 568 1589 dederuut,
591 1526 694 1580 auditis
714 1528 841 1584 videlicet
851 1532 938 1602 ipsius
980 1551 1030 1606 par
1044 1543 1095 1588 est.
1106 1534 1177 1586 Nam
1189 1531 1316 1602 lapideus
1331 1529 1540 1589 comminuitur,
1555 1532 1696 1581 testaceus
1711 1544 1776 1581 con-

127 1609 275 1680 preeibus,
288 1625 376 1680 eoque
387 1609 543 1666 sterilitatis
558 1614 674 1669 vinculis
687 1617 795 1671 soluto?
805 1619 874 1672 Cum
891 1635 938 1673 au·
979 1624 1119 1695 fringitur,
1132 1619 1447 1692 ligneuscorrumpitur,
1456 1616 1679 1686 aereusrubigine
1691 1616 1778 1669 infici-

127 1702 192 1751 tem
202 1697 314 1751 'multos
322 1697 420 1752 inanes
430 1717 582 1765 sermones,
590 1719 622 1756 ae
633 1705 736 1759 multas
745 1706 938 1778 inutilesque·
978 1722 1034 1780 tur,
1043 1717 1178 1767 aureuset
1186 1715 1334 1780 argenteus
1342 1708 1399 1778 igni
1408 1705 1723 1769 conflaturQuiuetiam
1736 1705 1774 1758 dii

127 1787 294 1840 stionesille
302 1787 462 1844 inveteratae
472 1789 749 1862 improbitatishomo
757 1803 933 1868 proponeret,
948 1805 1021 1879 Btni
1031 1803 1133 1874 partim
1146 1800 1246 1870 exiguo
1256 1815 1288 1852 ac
1298 1798 1354 1862 vili,
1365 1798 1469 1869 partim
1480 1811 1591 1849 summo
1602 1794 1691 1865 pretio
1707 1811 1774 1847 ren-

128 1876 262 1947 atquede
272 1877 792 1953 Evangeliipraedieationeargumenta
802 1891 933 1953 necteret,
977 1896 1091 1951 duratur.
1104 1892 1201 1960 Neque
1210 1889 1285 1943 enim
1297 1887 1365 1959 ipsis
1375 1885 1513 1949 divinitas,
1527 1884 1574 1937 sed
1586 1883 1703 1936 materia
1715 1899 1776 1953 pre-

129 1965 186 2018 hoe
204 1965 334 2021 videlicet
347 1969 450 2030 anime,
465 1974 497 2023 ut
511 1987 572 2023 eam
589 1973 763 2042 suggillaret,
779 1979 863 2046 atque
874 1977 935 2030 ido·
976 1981 1048 2034 tium
1059 1978 1116 2031 dat.
1129 1974 1214 2046 Atqui
1230 1975 1320 2028 Deum
1336 1972 1466 2043 quisnam
1483 1986 1577 2024 emere
1591 1973 1640 2022 aut
1655 1967 1774 2020 rendere

130 2052 228 2108 lorum
244 2056 350 2109 cultum
369 2058 558 2125 confirmaret,
570 2060 616 2113 ille
627 2062 741 2132 superni
754 2063 837 2134 Regis
851 2064 933 2131 filius,
977 2067 1146 2141 queatllam
1158 2079 1279 2136 quonam
1288 2062 1448 2133 pactoDeus
1458 2055 1670 2130 appellaturqui
1682 2061 1774 2110 motus

131 2147 221 2214 atque
236 2143 312 2198 illius
333 2145 419 2203 urbis.
435 2164 519 2218 quam
540 2165 595 2202 non
610 2150 704 2217 horno,
720 2152 767 2205 sed
786 2153 860 2207 Deus
874 2171 938 2208 con·
978 2173 1076 2229 expers
1091 2153 1153 2209 est‘?
1165 2155 1207 2207 An
1223 2168 1277 2206 non
1299 2151 1367 2205 illud
1389 2149 1490 2210 cernis,
1506 2163 1557 2201 nee
1575 2163 1640 2200 eum
1657 2145 1704 2215 qui
1721 2148 1778 2198 stat

131 2233 240 2286 struxit
251 2235 342 2299 (Hebr.
357 2239 427 2304 rur),
440 2236 516 2301 civis,
528 2244 710 2310 posteaquam
725 2258 786 2295 sese
797 2243 938 2314 paulisper
978 2261 1104 2317 unquam
1117 2243 1214 2297 sedere
1225 2258 1276 2295 nee
1290 2257 1354 2294 eum
1365 2239 1412 2310 qui
1423 2238 1510 2301 sedet,
1526 2252 1651 2306 unquam
1667 2234 1759 2288 stare?

131 2323 330 2389 continuisset,
347 2325 528 2379 tumdemum
545 2327 579 2381 ad
594 2329 739 2383 Theudam
754 2331 794 2385 ait
812 2349 817 2383 :
1013 2336 1122 2391 Pudeat
1133 2338 1170 2396 te,
1188 2347 1324 2385 ovecors
1339 2345 1453 2383 manum
1467 2326 1509 2380 ori
1523 2341 1642 2396 appone,
1653 2341 1668 2378 o
1680 2323 1774 2387 stulte,

170 2414 255 2479 Audi,
273 2433 289 2468 o
303 2415 463 2488 imposturae
476 2435 585 2489 vorago,
603 2437 634 2473 ac
656 2421 841 2492 palpabilibus
860 2428 936 2478 tenc·
976 2425 1024 2497 qui
1035 2441 1079 2478 res
1089 2421 1250 2492 hujusmodi
1262 2420 1369 2474 laudas.
1381 2417 1489 2471 Etenim
1500 2414 1773 2475 averitatearersuS,

133 2501 192 2557 bris
204 2505 393 2575 caliginosior,
410 2523 505 2561 semen
521 2508 730 2580 Babylonicum,
747 2513 936 2582 atqueChala-
976 2515 1052 2569 salsis
1064 2513 1181 2585 picturis
1197 2510 1332 2580 deciperis
1343 2514 1426 2578 atque
1437 2507 1465 2560 in
1476 2505 1603 2559 fraudem
1624 2501 1775 2567 induceris,

134 2592 203 2646 uieae
228 2594 314 2647 tanis
336 2600 553 2663 exstructorum,
571 2615 690 2669 quorum
710 2616 794 2654 causa
814 2603 935 2657 mundus
977 2608 1084 2659 statuas
1099 2601 1227 2656 videlicet
1239 2599 1384 2668 effingens,
1399 2595 1537 2666 rebusque
1552 2608 1637 2646 manu
1651 2597 1701 2645 tua
1715 2591 1779 2643 elie-

134 2682 267 2737 coniusus
282 2690 333 2745 est,
350 2701 437 2756 nepos
449 2687 523 2751 iden.
541 2691 595 2754 x1);
612 2704 690 2754 rane,
708 2689 834 2760 inquam.
851 2696 936 2762 atque
977 2693 1029 2747 ctis
1044 2691 1094 2746 Dei
1112 2706 1212 2745 nomen
1228 2688 1393 2743 attribuens.
1414 2683 1565 2755 Resipisee,
1582 2682 1677 2746 miser,
1691 2685 1776 2750 atque

134 2770 229 2825 inielix
245 2789 337 2826 senex.
349 2774 396 2844 qui
406 2775 580 2845 gravioribus
594 2793 677 2848 quam
688 2779 811 2850 quinque
826 2780 880 2834 illa·
895 2781 935 2834 di·
977 2781 1043 2835 illud
1054 2780 1187 2849 intellige,
1204 2784 1231 2832 te
1248 2777 1300 2830 deo
1311 2775 1361 2829 abs
1373 2781 1400 2828 te
1416 2774 1487 2828 facto
1502 2771 1690 2842 antiquiorem
1704 2786 1774 2823 esse.

133 2860 197 2915 vino
212 2861 280 2930 igne
293 2870 474 2918 concrematae
489 2864 572 2919 urbes
588 2867 739 2922 sceleribus
754 2875 782 2922 te
796 2870 935 2923 constrin
976 2871 1063 2939 Cujus
1074 2869 1188 2923 tandem
1202 2865 1304 2921 furoris
1315 2865 1368 2918 ista
1379 2863 1462 2918 sunt?
1474 2862 1593 2916 Haecine
1603 2860 1654 2914 tibi
1664 2875 1777 2930 persua-

134 2947 208 3003 xisti.
232 2951 335 3021 Ecquid
357 2952 455 3006 salutis
472 2954 709 3024 praedicationem,
732 2973 782 3028 per
801 2974 885 3028 quam
901 2975 935 3013 ea
975 2959 1046 3025 sisti,
1065 2963 1103 3023 te,
1121 2975 1184 3011 cum
1207 2957 1290 3010 homo
1305 2954 1353 3010 sis.
1370 2954 1460 3008 Deum
1476 2951 1586 3005 efficere
1600 2949 1698 3021 pessel
1723 2947 1777 3012 Qui

134 3056 195 3110 qua
212 3039 335 3093 tenebris
353 3041 520 3096 circumfusa
536 3048 625 3111 erant,
646 3045 736 3100 lucem
756 3053 932 3119 acceperunt,
977 3048 1089 3102 tandem
1099 3046 1173 3101 istud
1184 3045 1245 3099 fieri
1258 3041 1359 3115 queat‘?
1371 3042 1506 3107 Quocirca
1521 3057 1576 3094 non
1588 3036 1778 3092 bominemef·

134 3144 184 3198 per
196 3145 281 3200 quam
290 3136 416 3185 errantes
430 3131 502 3186 riam
513 3133 688 3199 invenerunt,
699 3152 838 3207 perquam
854 3136 874 3190 ii
885 3138 931 3208 qui
942 3140 963 3202 C
976 3137 1044 3204 llcis,
1062 3153 1157 3191 verum
1173 3133 1295 3188 hominis
1310 3138 1360 3187 out
1378 3130 1533 3201 cujuspiam
1553 3125 1705 3182 animantis
1720 3126 1777 3179 sor-

134 3217 286 3288 perierant,
298 3236 330 3272 ac
345 3220 447 3275 misera
461 3223 594 3277 servitute
608 3225 816 3295 premebantur,
831 3225 861 3279 in
877 3226 932 3298 pri·
979 3244 1065 3290 marn,
1081 3242 1137 3279 non
1161 3225 1266 3294 lingua,
1283 3238 1338 3276 nou
1357 3220 1492 3282 faucibus,
1512 3235 1568 3272 non
1581 3215 1705 3280 cerebro,
1721 3230 1777 3299 non

135 3306 244 3361 stinum
260 3315 365 3362 statum
377 3311 500 3365 restituti
511 3320 585 3376 sunt,
593 3314 696 3367 cavillis
711 3315 841 3369 insectari
852 3332 936 3370 cona·
976 3317 1035 3370 ulla
1050 3314 1144 3385 aliqua
1159 3313 1270 3367 interna
1288 3317 1368 3383 parte
1388 3309 1548 3382 praeditam:
1565 3323 1597 3361 ae
1612 3303 1776 3377 proludens

135 3395 277 3451 rileedo
292 3403 386 3452 utrum
399 3401 514 3455 tandem
530 3418 562 3455 ex
578 3402 622 3456 his
637 3403 746 3458 duobus
761 3407 939 3476 praestantius
980 3404 1101 3458 bominis
1115 3403 1227 3474 quidem
1247 3406 1297 3455 aut
1314 3399 1467 3454 animantis
1485 3395 1639 3451 similitudo
1659 3399 1711 3457 est,
1728 3392 1777 3446 sed

136 3491 187 3551 est,
201 3502 304 3558 nempe
317 3488 536 3560 omnipotentem
548 3492 706 3546 Deumcum
716 3493 861 3565 unigenito
870 3495 939 3548 Filio
981 3493 1088 3548 inutilis
1103 3493 1217 3547 omnino
1232 3508 1276 3545 res
1290 3506 1323 3544 ac
1338 3488 1470 3543 vanitatis
1494 3487 1585 3557 plena.
1603 3483 1675 3548 Quid
1691 3482 1778 3554 igitur

136 3580 164 3630 et
177 3576 285 3648 Spiritu
302 3584 398 3632 sancto
413 3580 512 3646 colere,
528 3582 628 3646 Deum,
640 3581 768 3654 inquam,
782 3583 939 3638 increatum
980 3582 1063 3637 rebus
1078 3598 1176 3635 sensus
1191 3578 1350 3651 expertibus
1364 3575 1517 3630 blandiris?
1532 3573 1603 3638 Quid
1621 3579 1714 3626 mente
1728 3587 1776 3625 ca-

136 3664 371 3732 etimmortalem,
383 3666 520 3722 bonorum
535 3670 661 3725 omnium
675 3671 789 3737 iontem,
798 3674 877 3742 cujus
888 3689 938 3726 nec
977 3669 1105 3725 rentibus
1116 3676 1144 3723 et
1153 3668 1297 3723 inutilibus
1307 3665 1430 3721 assides?
1444 3664 1504 3719 Nisi
1517 3661 1625 3726 latomi,
1634 3658 1779 3714 autarehi·

135 3753 288 3825 imperium
307 3772 338 3809 ac
361 3756 447 3811 robur
462 3759 622 3829 conjectura
644 3761 758 3833 percipi,
784 3778 835 3816 nee
848 3762 938 3832 gloria
978 3760 1055 3825 tecti,
1067 3764 1116 3813 aut
1127 3757 1297 3811 malleatoris
1308 3773 1353 3810 ars
1364 3749 1775 3813 adessetdeumnonbaberes.

138 3851 233 3898 mente
247 3846 445 3916 comprehendi
461 3853 562 3918 potest,
581 3851 624 3903 cni
638 3851 826 3920 angelicorum
841 3867 937 3905 acere·
979 3847 1039 3902 Nisi
1054 3847 1183 3901 custodes
1198 3852 1299 3918 praesto
1314 3850 1416 3910 essent,
1428 3845 1511 3898 deum
1526 3847 1606 3896 tuum
1622 3838 1775 3894 amisisses.

137 3933 249 3988 lestium
264 3933 394 3989 ordinum
404 3935 665 4004 milliamillium‚et
675 3940 829 4004 deciesm
840 3940 939 4004 smil·
978 3937 1051 3991 Nam
1066 3952 1148 4007 quem
1163 3953 1236 4006 saepe
1251 3935 1416 3989 stolidorum
1430 3932 1575 3987 hominum
1587 3926 1779 4001 copiosissima

136 4018 302 4076 liamillium
314 4028 416 4085 astant,
429 4025 609 4095 cujusgloriae
619 4027 720 4081 coslum
734 4033 845 4082 etterra
857 4026 938 4098 plena
980 4025 1046 4080 urbs
1057 4030 1192 4095 tanquam
1208 4026 1301 4090 deum,
1313 4031 1345 4078 ut
1354 4023 1389 4077 ab
1404 4021 1625 4083 eocustodistur,
1639 4018 1775 4079 obsecrat,

137 4115 210 4171 suut,
230 4127 378 4182 perquem
393 4113 677 4170 omniaexnihiloin
693 4123 786 4171 ortum
802 4116 937 4188 producta
978 4131 1041 4169 cum
1057 4131 1090 4168 eo
1107 4114 1167 4185 ipso
1186 4114 1267 4185 pauci
1282 4114 1421 4176 custodes,
1437 4129 1471 4165 ne
1488 4109 1665 4179 surripiatur,
1683 4121 1776 4159 rema-

138 4205 210 4267 snut,
230 4218 282 4272 per
297 4219 378 4273 quem
390 4204 512 4259 mundus
528 4206 688 4260 continetur
701 4224 733 4261 ac
747 4213 935 4276 conservatur,
978 4205 1102 4259 neut.Ae
1112 4203 1134 4257 si
1146 4203 1259 4273 quidem
1274 4219 1306 4256 ex
1322 4206 1439 4272 argento
1450 4201 1492 4253 vel
1503 4214 1572 4253 auro
1583 4200 1700 4258 constet,
1708 4192 1777 4246 dili-

139 4287 280 4362 ipsiusque
289 4292 653 4365 providentiagubernatur,
663 4296 752 4350 colere
760 4313 792 4350 ac
800 4299 935 4366 cenerari3
978 4299 1077 4365 genter
1097 4291 1266 4356 custOditur3
1283 4291 1307 4345 Si
1326 4296 1422 4344 aulem
1436 4305 1467 4343 ex
1483 4287 1584 4358 lapide.
1602 4288 1651 4338 flul
1665 4281 1774 4352 argilla,

140 4393 171 4433 an
182 4380 937 4455 veropestilerosdaemoncsatqueinanimasimulacra,
980 4386 1029 4435 aut
1042 4381 1097 4434 alia
1108 4379 1229 4452 quadarn
1243 4380 1333 4434 viliori
1346 4379 1475 4444 materia,
1495 4376 1619 4447 seipsum
1638 4370 1772 4428 custOtlit-

142 4483 259 4538 quorum
274 4469 335 4524 lans
350 4476 378 4524 et
387 4472 478 4542 gloria
492 4472 662 4529 adulterium
678 4481 729 4538 est,
746 4492 778 4530 ac
787 4493 938 4545 puerorum
949 4472 1024 4562 Dite
1037 4471 1071 4525 de
1085 4477 1177 4524 restra
1191 4469 1473 4525 senteutiavalentior
1486 4473 1529 4522 est
1543 4467 1566 4520 is
1576 4464 1624 4536 qui
1634 4478 1666 4516 ex
1679 4459 1777 4530 argilla

141 4559 340 4629 constupratio,
358 4567 514 4632 caeteraque
527 4564 632 4634 flagitia
648 4581 708 4634 quae
723 4565 756 4619 de
769 4565 822 4619 diis
841 4566 940 4620 restris
981 4576 1064 4632 quom
1081 4560 1129 4631 qui
1144 4577 1176 4614 ex
1191 4577 1260 4615 311Υο
1276 4561 1412 4615 conflatus
1427 4563 1478 4614 esl-

122 4637 127 4648 '
141 4643 487 4718 insuperstitionisrestrae
497 4651 683 4707 voluminibus
694 4653 848 4724 conscripta
860 4653 940 4708 suntl
1015 4651 1058 4703 An
1073 4666 1129 4703 non
1144 4650 1230 4720 igitur
1239 4651 1345 4722 optimo
1357 4652 1421 4720 jure
1433 4666 1480 4702 vos
1491 4646 1591 4702 stultos
1606 4648 1634 4698 et
1645 4656 1731 4696 caecos
1745 4655 1776 4692 ae

172 4736 236 4790 Non
252 4754 300 4791 vos
312 4739 408 4808 pudet,
421 4739 527 4807 miseri,
539 4748 624 4813 atque
634 4741 707 4813 ignis
723 4742 886 4814 sempiterni
903 4743 939 4796 ci·
980 4739 1095 4793 stolidos
1110 4738 1238 4794 homines
1247 4739 1373 4804 irridere,
1392 4738 1436 4791 vel
1451 4736 1542 4809 potius
1558 4736 1634 4789 luctu
1648 4736 1778 4803 prosequi

141 4819 938 4902 bus,Chalduiciquegenerissimilitudinemgerentes,non
980 4830 1143 4902 possumus?
1153 4831 1256 4901 quippe
1266 4826 1578 4899 operarestrafurorem
1590 4823 1777 4896 potiusquam

141 4928 194 4975 ros,
207 4915 334 4987 inquam,
347 4923 472 4973 mortuas
483 4923 591 4973 statuas
607 4920 730 4975 bumana
745 4938 830 4975 rnanu
845 4927 936 4976 extru-
981 4920 1117 4992 pietatem
1129 4919 1344 4973 redolentNam
1356 4916 1402 4987 qui
1415 4916 1456 4970 rei
1469 4915 1584 4969 militari
1598 4913 1702 4975 studet,
1720 4917 1778 4966 sta-

142 5007 197 5058 ttas
212 5005 331 5058 adorare
340 5005 442 5076 pudet?
450 5008 558 5061 Caesum
570 5008 939 5081 enimlapidcmautlignum
980 5014 1059 5064 tuam
1074 5009 1108 5063 ad
1124 5007 1252 5062 militaris
1266 5006 1368 5078 speciei
1383 5005 1595 5060 similitudinem
1607 5019 1777 5075 expressam,

142 5108 171 5148 ac
179 5094 274 5148 fabrili
287 5100 347 5149 arte
358 5096 486 5167 politum,
497 5097 580 5151 deum
591 5099 760 5170 nuncupatis
772 5118 777 5152 :
791 5116 823 5154 ac
837 5100 938 5154 deinde
980 5116 1013 5153 ac
1028 5104 1104 5153 certo
1117 5097 1176 5152 loeo
1190 5096 1319 5168 positam,
1330 5097 1448 5151 Martem
1459 5100 1611 5166 nuncupat.
1621 5093 1675 5158 Qui
1684 5099 1778 5147 autem

142 5183 274 5238 eximium
290 5189 413 5250 taurum,
431 5192 481 5242 aut
493 5187 569 5241 aliud
583 5187 700 5242 tortasse
708 5193 736 5242 et
744 5189 939 5259 pulcherrimis
980 5187 1130 5244 mulierum
1147 5202 1242 5240 amore
1258 5184 1293 5239 ad
1308 5184 1446 5239 insaniam
1460 5199 1548 5255 usque
1560 5184 1669 5253 flagrat,
1678 5182 1778 5236 animae

142 5275 278 5344 cujusque
297 5275 409 5344 generis
425 5275 614 5331 animantibus
629 5283 813 5344 assumentes
828 5284 939 5333 mortuo
981 5292 1038 5351 suae
1061 5275 1243 5347 cupiditatem
1270 5275 1380 5346 pictura
1397 5273 1561 5338 informans,
1582 5273 1681 5327 vitium
1695 5286 1777 5325 suum

141 5363 260 5428 numini,
277 5379 332 5434 qua
342 5365 477 5420 raecordia
487 5365 563 5430 estis,
575 5366 737 5421 immolatis.
758 5369 850 5439 Atque
863 5368 940 5422 victi·
980 5366 1064 5420 deum
1076 5365 1170 5430 elficit,
1178 5363 1295 5418 Veneris
1305 5364 1410 5418 scilicet
1420 5363 1533 5418 nomine
1545 5379 1609 5418 eum
1622 5361 1775 5433 appellans.

141 5466 185 5506 ma
200 5451 255 5506 deo
269 5457 318 5507 tuo
330 5455 509 5526 prestantior
522 5460 573 5510 est.
584 5456 654 5510 Nam
670 5456 747 5510 illum
758 5456 940 5511 homoelabo-
980 5455 1059 5508 Alius
1074 5470 1171 5508 rursus
1192 5453 1363 5509 temulentiae
1381 5470 1437 5509 suae
1451 5470 1544 5517 causa,
1560 5452 1651 5506 efficto
1666 5448 1779 5503 simula-

140 5541 220 5608 ravit,
237 5542 313 5598 Deus
327 5549 421 5599 autem
434 5545 539 5599 animal
555 5546 720 5618 procrearit.
739 5547 778 5600 Ac
792 5550 940 5619 propterea
981 5558 1037 5607 cro,
1054 5544 1436 5616 Bacchumipsumnominat.
1448 5538 1699 5615 Eodemquemodo
1710 5537 1778 5590 alio-

140 5631 226 5687 etiam
249 5631 364 5689 brutum
382 5633 487 5691 animal
501 5639 539 5704 te,
556 5634 604 5708 qui
625 5636 734 5692 ratione
754 5636 938 5710 pradituses,
980 5632 1555 5708 rumvitiorurocupidi,eorumsimulacra
1563 5628 1778 5690 consumerent,
