3818 6120
150 256 205 318 hil
607 255 694 315 VITA
711 253 842 315 sabell
859 252 1012 314 resumo
1031 251 1333 316 mauuosrulau.
1738 256 1794 317 dli

152 400 191 442 ns
200 390 231 443 et
242 402 294 444 nos
303 384 460 443 incidamus
473 383 503 442 in
516 382 654 457 judicium
668 381 741 438 servi
755 381 831 438 illius
845 381 950 445 (nortl.
961 384 1033 447 xxvi.
1050 381 1098 453 qui
1107 381 1247 436 talentum
1259 381 1289 437 in
1300 386 1378 437 terra
1392 385 1485 448 190
1496 379 1650 438 abscondit.
1662 383 1790 440 Secundo

152 480 262 537 sutem.
278 480 311 533 ut
324 477 352 531 in
367 477 421 531 hac
434 474 595 530 narratione
609 478 707 529 nostra
720 473 902 529 correctiores
916 477 945 527 et
962 470 1141 527 delectabiles
1156 470 1280 526 historia
1295 470 1516 537 conscribantur,
1532 486 1594 543 quce
1607 473 1718 545 scripte
1733 490 1788 530 uon

152 572 221 621 sunt
235 563 271 620 ab
285 564 399 638 optimis
413 564 489 628 riris,
502 563 532 618 in
545 562 675 619 laudibus
688 562 856 618 sanctissimi
869 577 967 617 revera
980 565 1065 633 atquc
1078 559 1235 615 beatissimi
1249 560 1374 615 loannis.
1390 560 1496 615 lleinde
1510 576 1585 628 vero,
1601 562 1667 633 quia
1677 564 1791 636 sapien-

150 656 197 709 ses
212 658 242 710 ec
250 660 379 726 potentes
393 654 423 709 in
432 670 572 717 sermone,
584 658 725 707 amatores
739 652 863 708 historice
873 657 963 716 erant,
975 651 1118 722 sapienter
1130 657 1159 704 et
1170 649 1328 705 sublimiter
1341 649 1489 704 materiam
1499 650 1702 721 depinxerunt:
1715 654 1790 726 quod

151 743 276 799 maxime
289 749 319 799 et
333 743 505 816 peramplius
519 741 611 797 erexit
626 757 677 796 nos
688 741 725 797 ad
738 750 905 814 praesentem
920 739 1147 805 sollicitudinem,
1161 744 1194 794 ut
1207 755 1240 794 eo
1252 738 1301 809 qui
1315 737 1390 793 inest
1403 737 1494 801 nobis,
1511 739 1645 813 pedestri,
1660 740 1788 809 deformi,

150 830 309 904 humilique
323 838 484 888 charactere
498 847 703 895 enarraremus,
718 836 749 885 ut
764 836 859 902 posset
872 836 901 886 et
914 830 1002 886 idiota
1016 835 1045 885 et
1057 829 1119 885 sine
1133 829 1235 884 litteris
1250 829 1285 883 de
1299 828 1344 883 his
1360 843 1423 900 quae
1437 827 1570 884 meriatur
1588 831 1733 902 proficere.

832 1065 1122 1202 VITA.

189 1270 284 1325 Gerar
298 1279 416 1321 rursusi.
429 1261 540 1319 -Gum
549 1261 737 1334 pervenissem
752 1257 1174 1329 AlexandriamAErangclium
1187 1256 1349 1312 audientem
1363 1271 1403 1321 se,
1420 1256 1488 1312 dicit
1498 1256 1568 1311 mihi
1581 1272 1646 1312 cum
1659 1247 1792 1330 compun-

151 1374 205 1431 ago
229 1356 363 1429 indignus
386 1355 423 1409 ad
438 1351 648 1424 amplectandos
661 1355 772 1405 sanctos
786 1354 815 1405 et
832 1349 951 1403 uictores
991 1349 1083 1403 ctione
1099 1366 1105 1401 :
1122 1349 1154 1403 lu
1167 1347 1220 1401 hoc
1234 1346 1355 1410 miraris,
1371 1345 1509 1401 Domine?
1523 1347 1586 1401 lam
1596 1345 1621 1400 si
1638 1346 1791 1403 invenisses

151 1452 295 1519 martyres
302 1447 407 1517 cyrum
421 1444 590 1498 etloannem
603 1440 654 1511 (9),
671 1445 700 1494 et
714 1455 810 1494 eorum
819 1439 951 1509 jucundis
991 1442 1120 1493 mactum
1142 1436 1340 1508 patriarcham,
1358 1434 1444 1506 quidl
1457 1435 1510 1490 hio
1518 1435 1559 1490 ei:
1586 1434 1659 1500 Quid
1670 1436 1791 1508 amplius

151 1536 244 1609 epulis
254 1540 283 1591 at
295 1533 447 1589 relectione
457 1527 855 1593 frueremur,convenientibus
863 1527 951 1583 etcol-
990 1528 1135 1585 riderem?
1146 1531 1224 1585 Tunc
1232 1528 1303 1583 dixit
1317 1527 1402 1582 mihi:
1421 1527 1510 1583 Crede
1520 1544 1571 1600 per
1584 1528 1790 1600 indulgentiam

149 1623 333 1697 loquentibus
348 1622 452 1676 ibidem
476 1620 643 1692 quibusdam
660 1619 725 1673 viris
746 1616 950 1672 venerabilibus
991 1618 1053 1675 Dsi.
1068 1620 1131 1691 lpse
1142 1616 1472 1689 mesecitpresbyterum,
1487 1617 1792 1689 etviceuominumttt)

111 1748 114 1753 -
151 1719 238 1786 atque
248 1711 437 1785 philochristis
452 1711 497 1777 (lo
513 1714 551 1775 ,et
561 1709 769 1780 disputaremus·
778 1707 814 1761 de
824 1706 950 1777 Scriptu—
990 1707 1173 1762 sanctissima
1183 1706 1315 1771 ccclesiae,
1331 1712 1361 1760 et
1373 1705 1430 1760 ridi
1441 1705 1472 1761 in
1486 1721 1519 1760 co
1530 1706 1789 1776 opera,univcrsam

150 1802 191 1858 ris
206 1809 236 1857 ct
251 1802 286 1856 de
300 1801 400 1856 animae
414 1799 601 1863 institutione,
629 1797 705 1852 venit
719 1796 754 1851 ad
768 1813 819 1851 nos
834 1794 949 1867 quidam
990 1813 1062 1869 pene
1083 1803 1214 1852 naturam
1226 1794 1398 1851 excedentia.
1415 1796 1451 1850 Et
1468 1794 1492 1849 si
1507 1794 1638 1865 diguatus
1656 1795 1742 1851 fueris
1759 1796 1789 1851 in

151 1891 318 1965 peregrinus
345 1895 443 1960 petens
471 1889 687 1958 eleemosynam.
700 1884 815 1941 Dicebat
829 1884 904 1939 enirn
919 1900 949 1938 se
990 1885 1162 1941 serriiiatua
1175 1885 1258 1940 hodie
1273 1884 1419 1951 ueniendo,
1435 1884 1611 1939 sanctificare
1632 1901 1693 1946 nos,
1709 1901 1790 1940 enar·

150 1997 243 2053 nuper
256 1980 291 2035 de
305 1978 466 2050 captivitate
480 1978 631 2032 Persarum
642 1973 890 2047 creptum.Accidit
900 1972 949 2044 igi·
989 1974 1057 2031 rabo
1072 1975 1124 2030 trbi
1133 1980 1223 2045 gesta,
1234 1990 1296 2032 oure
1307 1973 1366 2044 ipse
1380 1973 1521 2045 inspector
1537 1989 1635 2029 eorum
1646 1973 1737 2029 sactus
1746 1991 1790 2030 as·

149 2075 198 2125 tur
216 2075 250 2124 ut
272 2069 365 2123 nullus
376 2068 412 2122 de
426 2064 635 2122 considentibus
655 2064 829 2119 inveniretur
842 2062 949 2117 habeus
989 2064 1062 2137 pexi.
1080 2065 1206 2135 Cumque
1229 2063 1282 2118 hoc
1302 2062 1426 2128 dixisset,
1451 2061 1530 2116 tenui
1545 2077 1660 2117 manum
1673 2067 1703 2117 et
1715 2064 1791 2118 erexi
1891 2070 1898 2081 '

152 2157 275 2229 pretium
295 2162 344 2211 aut
358 2171 515 2210 nummum.
526 2155 604 2209 Unus
614 2169 681 2223 ergo
692 2152 727 2207 de
740 2151 949 2207 considentibus
991 2169 1056 2209 eum
1071 2172 1077 2220 ;
1103 2151 1381 2224 apprehendensque,
1398 2150 1478 2205 duxit
1489 2167 1535 2205 me
1550 2151 1580 2205 in
1593 2167 1611 2206 a
1624 2150 1683 2207 Deo
1696 2167 1789 2207 serva·

151 2244 334 2301 habebatillic
341 2249 480 2299 astantem
488 2241 805 2307 mercenarium,callide
811 2241 949 2306 datorem,
989 2247 1049 2296 tam
1064 2242 1180 2297 domum
1193 2256 1283 2296 suam.
1300 2240 1312 2295 1
1326 2255 1399 2310 aque
1411 2239 1615 2295 cumvoluisset
1622 2240 1703 2296 nobis
1712 2257 1789 2296 men·

150 2335 334 2406 accipientem
341 2338 517 2388 trestantum
525 2342 655 2386 nummos
662 2329 842 2402 persingulas
849 2344 946 2393 annos,
989 2347 1050 2386 sam
1060 2330 1192 2399 dignatus
1206 2345 1357 2401 apponere,
1370 2328 1427 2384 dixi
1444 2327 1480 2383 ad
1498 2344 1562 2383 cum
1578 2348 1584 2383 :
1600 2330 1663 2385 Non
1677 2330 1788 2400 justum

150 2429 179 2479 et
191 2423 343 2478 habentem
357 2437 474 2477 uxorem
489 2426 517 2476 et
535 2421 606 2475 duos
620 2419 701 2474 tilios.
718 2420 845 2490 Cumque
860 2434 950 2472 reces·
989 2424 1041 2484 est,
1054 2434 1071 2475 o
1085 2418 1212 2485 Domine,
1229 2418 1332 2472 animae
1353 2417 1448 2472 cibum
1461 2417 1661 2488 relinquentes,
1686 2434 1788 2491 corpus

149 2512 234 2567 sisset
245 2511 293 2582 qui
314 2509 435 2582 petebat,
452 2513 665 2579 prosecutusest
674 2523 738 2562 eum
747 2505 901 2577 ingeniose,
920 2508 949 2559 et
989 2513 1055 2564 ante
1069 2507 1193 2582 animam
1202 2508 1327 2572 relicere,
1338 2506 1389 2561 sed
1398 2506 1489 2578 magis
1502 2506 1595 2561 cibum
1611 2507 1726 2578 quinon
1741 2524 1788 2580 pe·

148 2599 267 2656 abstulit
277 2596 710 2670 ascquamierebatcruciculam
719 2601 882 2666 argenteam
893 2579 1036 2664 illlssrit,
1050 2614 1205 2662 sumamus,
1220 2603 1249 2652 et
1262 2596 1441 2668 postmodum
1460 2596 1570 2667 corpori
1589 2596 1787 2653 necessitatem

148 2690 239 2745 etdat
253 2689 288 2754 ei,
307 2689 403 2743 dicens
417 2704 447 2741 se
457 2703 513 2741 non
528 2686 632 2740 habere
653 2685 729 2739 aliud
740 2683 846 2755 aliquid
857 2699 947 2755 usque
987 2692 1160 2759 praestemus.
1178 2687 1250 2742 (lum
1264 2702 1331 2756 ergo
1348 2684 1477 2757 coepisset
1498 2685 1586 2739 vitam
1613 2685 1702 2741 sancti
1726 2686 1787 2741 sine

148 2778 184 2833 sd
194 2778 328 2849 siliquam
352 2793 438 2831 unam
453 2777 508 2844 (li)
535 2775 565 2829 in
589 2775 646 2829 rite
659 2790 720 2828 sua.
736 2774 793 2843 Ego
810 2772 898 2843 igitur
911 2772 946 2826 de
986 2775 1132 2830 mendacio
1141 2773 1547 2844 recitare,Primum,inquit,et
1555 2774 1727 2846 praecipuum
1738 2773 1786 2830 bc-

148 2866 201 2922 hoc
212 2866 288 2938 quod
299 2865 448 2929 acciderat,
471 2865 528 2919 imo
537 2864 610 2934 quod
616 2868 727 2934 gestum
745 2862 879 2927 videram,
896 2876 946 2931 per
986 2879 1055 2919 num
1070 2865 1131 2935 ejus
1141 2863 1339 2934 luit,quoniam
1354 2862 1523 2917 omnimodis
1533 2863 1784 2932 conjuravitpetii

148 2951 944 3026 gratiamDeiconsideransquodleceratetcompunctus,
986 2953 1074 3024 igitur
1086 2954 1212 3007 chartam
1228 2957 1257 3007 et
1271 2951 1515 3018 atramentarium,
1534 2956 1562 3006 ct
1580 2967 1641 3023 quae
1655 2952 1786 3008 dicebau-

148 3045 278 3099 cnarrasi
290 3044 385 3098 statim
395 3059 481 3114 prope
494 3041 612 3106 sedenti,
624 3041 734 3095 Menace
743 3039 865 3104 nornine,
886 3039 945 3093 uiro
986 3047 1043 3109 tur,
1061 3041 1251 3114 perordinem
1267 3039 1448 3095 annotabam.

147 3132 287 3188 industrio
301 3142 330 3187 et
340 3132 450 3187 timenti
465 3132 564 3195 benni,
581 3129 629 3201 qui
639 3134 668 3183 et
678 3134 740 3182 erat
755 3128 888 3182 ordinans
900 3127 944 3182 di·
1022 3131 1088 3186 Osa.
1100 3131 1136 3185 11.
1154 3129 1347 3184 -Promotus
1366 3145 1442 3199 crgo,
1459 3134 1488 3184 et
1501 3129 1531 3184 iu
1541 3129 1644 3185 throno
1658 3129 1784 3187 residens

145 3222 354 3294 spensationem
379 3220 563 3276 sanctissima
584 3219 706 3274 ecclesiae
729 3216 780 3272 sub
807 3216 894 3271 nobili
916 3220 946 3271 et
985 3220 1016 3275 in
1030 3219 1121 3275 amica
1131 3217 1235 3274 Christi
1243 3234 1348 3289 magna
1357 3217 1469 3273 civitate
1478 3218 1656 3284 Alexandria,
1671 3217 1783 3275 decreto

146 3310 308 3366 beatissimo
325 3313 433 3367 loanne
448 3309 616 3381 patriarcha.
627 3308 681 3372 Qui
695 3324 758 3361 cum
769 3323 814 3360 me
825 3305 944 3360 intuitus
985 3308 1078 3365 divino
1106 3308 1252 3373 veraciter,
1269 3312 1369 3362 etnon
1383 3322 1415 3360 ex
1430 3306 1600 3385 bominibus,
1624 3324 1715 3379 neque
1732 3324 1783 3380 per

145 3406 217 3456 esset
227 3400 415 3455 admirantem
434 3404 462 3454 ct
472 3398 634 3453 laudantem
649 3412 714 3451 eum
727 3395 775 3467 qui
791 3396 942 3466 eleemosy·
983 3398 1121 3463 homines,
1135 3396 1316 3469 hocprimum
1325 3395 1398 3450 torte
1408 3388 1513 3450 sactum
1523 3401 1553 3451 et
1561 3396 1710 3468 praemium
1723 3414 1782 3453 om-

144 3488 479 3556 uamlecemtdixitmihi
489 3507 495 3541 :
507 3489 549 3543 Nc
560 3486 721 3552 mireris,eo
730 3485 804 3556 quod
814 3483 941 3538 extradi—
983 3486 1066 3542 nibus
1080 3484 1291 3542 demonstrarit.
1310 3484 1421 3539 Mittens
1435 3484 1510 3539 enim
1527 3501 1591 3541 mox
1605 3485 1781 3556 dispensato·

144 3578 219 3635 tione
235 3583 264 3633 et
274 3579 403 3634 dotrina
413 3577 576 3648 hujusmodi
586 3575 704 3631 actionis
718 3577 850 3645 operator
856 3572 941 3628 exsti·
982 3593 1037 3643 res,
1048 3581 1077 3631 et
1088 3591 1153 3631 eum
1164 3575 1212 3646 qui
1221 3573 1366 3629 dicebatur
1379 3589 1464 3645 super
1474 3589 1572 3645 pacem
1584 3573 1647 3645 (lb,
1658 3575 1726 3631 dicit
1734 3592 1782 3631 ea·

143 3666 186 3724 tit.
198 3668 404 3723 Etdicenteme
415 3667 450 3721 ad
459 3683 534 3730 cum,
545 3665 691 3729 Quomodo
702 3664 715 3716 l
727 3668 842 3735 propter
852 3662 941 3717 chari·
981 3682 1043 3722 ram
1058 3664 1188 3720 omnibus
1198 3663 1232 3717 ad
1242 3679 1290 3718 eos
1301 3661 1330 3717 in
1343 3661 1499 3717 honorabili
1508 3669 1615 3719 secreto
1625 3663 1683 3736 (17)
1694 3681 1702 3721 ς
1717 3665 1781 3721 Non

143 3761 230 3813 hiem
243 3755 375 3829 prodesto
386 3755 464 3810 mihi.
477 3752 779 3826 Ipsercspondensait:
795 3750 943 3807 Sanctissi·
979 3757 1090 3826 justum
1115 3758 1167 3820 est,
1183 3752 1295 3817 tratres,
1316 3755 1447 3806 uosante
1473 3751 1590 3808 alterius
1613 3753 1780 3826 cujusquam

142 3852 240 3901 moter
247 3845 329 3900 beato
337 3844 604 3917 patriarcheenostro
612 3841 775 3896 ministrans
784 3839 941 3912 permansit
981 3859 1077 3899 euram
1091 3841 1194 3896 habere
1210 3856 1295 3912 quam
1305 3840 1418 3895 Christi.
1431 3841 1514 3897 Omni
1523 3856 1586 3896 vero
1600 3841 1782 3899 multitudiue

141 3932 252 4001 ioanni,
260 3941 291 3989 et
304 3941 438 4005 tanquam
453 3933 527 3987 silius
542 3929 940 4002 propriuspatrisindustriam
953 3935 1043 4004 equa
1052 3934 1229 3996 convenerat,
1253 3929 1349 3985 audito
1375 3929 1460 3985 uerbo
1471 3935 1640 4002 compuncta
1653 3947 1686 3986 ae
1697 3932 1781 3988 susti-

140 4024 274 4096 suscepit,
291 4023 402 4077 dicente
416 4028 511 4078 sancto
525 4021 561 4076 ad
574 4036 637 4076 eum
650 4037 657 4072 ε
668 4017 936 4083 HumilisZachariu‚
979 4019 1253 4087 uenm,dicititerum
1263 4018 1311 4073 ille
1320 4017 1428 4075 beatus:
1439 4020 1543 4075 Euntes
1556 4025 1779 4092 ergopertotam

140 4120 198 4167 esto
213 4112 389 4179 misericors3
404 4118 432 4167 et
446 4107 655 4166 uerbumhabes
669 4109 773 4162 exDeo
788 4104 939 4178 perinieli·
979 4107 1131 4174 civitatem,
1158 4106 1325 4163 conscribite
1346 4113 1432 4176 18!
1454 4108 1524 4163 mihi
1537 4125 1627 4181 usque
1641 4110 1676 4165 ad
1690 4126 1778 4168 uuum

139 4201 253 4256 citatem
267 4217 369 4268 meam,
388 4201 454 4272 quia
465 4216 556 4273 neque
575 4200 604 4254 in
617 4198 675 4253 rita
689 4213 752 4252 mea
764 4211 855 4269 neque
876 4199 940 4266 post
980 4213 1078 4252 ornnes
1084 4196 1214 4252 dominos
1220 4213 1307 4252 meas.
1315 4196 1373 4252 Illis
1385 4201 1480 4252 autem
1490 4214 1547 4253 non
1554 4197 1778 4270 intelligentibus

140 4296 259 4346 mortem
269 4290 385 4346 deerita
399 4297 427 4346 te
439 4290 527 4344 Deus:
552 4287 625 4361 quod
640 4293 829 4357 servatusque
844 4283 937 4339 hodie.
980 4286 1029 4359 qui
1040 4285 1070 4341 hi
1085 4290 1189 4353 essent,
1204 4286 1253 4341 sed
1268 4285 1431 4356 rogantibus
1445 4286 1548 4353 dicere,
1560 4292 1590 4342 et
1603 4286 1774 4344 mirantibus

139 4378 243 4434 Hultas
255 4379 331 4434 eninr
350 4378 556 4433 henedictiones
572 4377 660 4432 mittit
674 4377 700 4431 ei
721 4376 806 4440 Deus,
818 4374 868 4428 sed
882 4389 939 4428 non
979 4375 1095 4446 quinam
1102 4374 1379 4447 patriaruhaedomini
1386 4375 1547 4440 existerent,
1558 4376 1704 4449 respondit
1717 4393 1778 4433 rur·

137 4466 258 4523 dimittit
272 4468 576 4539 quidquam,quodnon
586 4465 682 4521 statim
693 4464 742 4519 det
755 4461 935 4535 pauperibus,
978 4480 1026 4537 sus
1041 4464 1198 4536 angelicum
1210 4463 1281 4520 illud
1295 4481 1336 4531 os,
1348 4469 1377 4520 et
1391 4464 1451 4519 ait:
1477 4464 1558 4530 Quod
1573 4482 1620 4521 vos
1630 4481 1733 4537 egenos
1748 4473 1778 4523 ct

135 4556 342 4629 propemodum
356 4557 549 4627 constringens
560 4561 589 4610 et
606 4555 635 4610 in
658 4553 778 4608 nihilum
807 4551 937 4622 redigens
977 4554 1121 4609 mendicos
1132 4555 1247 4622 vocatis,
1265 4553 1329 4610 illos
1343 4570 1395 4627 ego
1410 4554 1539 4610 dominos
1550 4560 1580 4612 et
1597 4555 1775 4612 auxiliatores

136 4643 349 4700 domumsuam.
362 4646 504 4700 hiultoties
514 4650 610 4699 autem
624 4643 653 4699 in
668 4641 853 4698 exsultatione
862 4639 937 4694 inre·
977 4643 1106 4716 praedico.
1120 4643 1178 4716 Ipsi
1192 4642 1266 4699 enim
1277 4642 1358 4700 nobis
1374 4660 1438 4700 vere
1447 4649 1476 4700 et
1489 4643 1628 4711 auxiliari,
1646 4650 1675 4700 et
1694 4645 1775 4701 coelo-

134 4739 241 4789 uerunt
255 4749 322 4789 eum
337 4734 461 4805 quidam,
477 4733 696 4789 dicentemDeo:
713 4731 759 4787 Sic
773 4730 823 4796 sie,
839 4734 890 4784 aut
903 4735 935 4784 tu
976 4749 1039 4789 rum
1055 4732 1434 4807 regnumdonare'poterunt.
1451 4735 1485 4789 Et
1497 4733 1775 4793 cumhoemultave·

134 4823 285 4889 mittendo,
300 4829 351 4878 aut
359 4823 603 4895 egodispergende
614 4841 620 4889 ;
633 4820 788 4877 ridebimus
798 4835 863 4874 vero
872 4817 934 4890 quis
975 4821 1088 4878 locitatc
1110 4822 1224 4879 vidisset
1244 4822 1349 4879 lactum
1372 4822 1477 4878 Christi
1491 4823 1627 4889 imitator,
1642 4824 1776 4898 pracepit

132 4911 238 4968 ducat.
254 4912 355 4983 Liquet
378 4913 453 4967 enim
466 4913 598 4984 quoniam
612 4917 645 4966 tu
663 4910 750 4976 dives,
765 4909 893 4973 Domine,
906 4912 935 4962 et
975 4910 1016 4967 eis
1034 4928 1086 4983 per
1110 4912 1235 4983 singulos
1259 4912 1319 4967 dies
1333 4911 1475 4984 stipendia
1491 4911 1588 4980 tribui,
1609 4917 1639 4968 et
1651 4930 1774 4987 perpro-
1858 4970 1867 4982 ,

133 4998 198 5055 viss
213 5007 316 5055 nostrae
335 5000 511 5055 ministrator
526 5017 566 5055 es.
578 5001 665 5055 Porro
676 5004 718 5054 est
730 4998 841 5069 quando
852 4997 934 5067 juxta
973 5000 1066 5071 prium
1092 5001 1313 5072 dispensatorem
1327 5000 1455 5073 praebens
1471 5001 1513 5057 eis
1526 5002 1713 5058 sufficientem
1721 5020 1773 5060 ne·

131 5095 266 5144 mentum
279 5105 337 5143 non
350 5088 435 5144 habet
448 5090 483 5143 ad
495 5091 594 5144 horam
604 5088 710 5160 aliquid
721 5088 795 5160 quod
813 5087 861 5141 det
875 5101 933 5140 ase
973 5089 1151 5147 cessitatem:
1172 5090 1236 5162 plus
1248 5096 1343 5146 autem
1361 5097 1443 5146 eraut
1458 5107 1543 5163 quam
1559 5098 1667 5164 septem
1681 5093 1773 5149 millia

129 5179 258 5251 petenti,
275 5178 439 5234 ettristatus
452 5178 521 5233 dicit
530 5179 565 5234 ad
575 5178 767 5235 tabernarium
776 5181 827 5233 aut
839 5175 874 5231 ad
883 5191 933 5230 ne·
974 5180 1131 5253 quingenti.
1146 5180 1225 5238 Tunc
1245 5180 1325 5253 quasi
1339 5186 1436 5254 pastor
1449 5198 1531 5238 verus
1546 5188 1576 5238 et
1588 5198 1646 5239 non
1664 5199 1772 5242 merce·

127 5265 302 5339 gotiatorem
317 5285 323 5321 :
342 5267 385 5323 Da
399 5267 565 5323 mihiunum
579 5267 738 5324 tremissem
751 5265 820 5340 qli),
834 5272 862 5323 et
872 5282 931 5323 ser·
940 5256 965 5317 D
974 5270 1079 5337 uarius,
1093 5286 1157 5327 cum
1167 5287 1246 5327 sacro
1261 5287 1312 5328 suo
1331 5271 1396 5327 ovili
1410 5276 1515 5328 etcum
1530 5272 1768 5340 convomentibus‚

128 5354 207 5411 mam
219 5354 338 5412 tibiuuo
360 5373 455 5413 meuse
479 5356 523 5413 rel
549 5357 669 5426 duobus,
681 5363 713 5414 ut
725 5357 806 5413 riset
817 5358 867 5414 ubi
881 5360 931 5428 vis,
974 5359 1078 5415 mactis
1087 5359 1155 5416 uiris
1164 5360 1300 5433 episcopis
1310 5360 1501 5417 adecelesiam
1514 5367 1640 5418 sanctam
1651 5378 1771 5435 pergens

127 5444 268 5515 quoniam
283 5445 413 5502 esuriunt
427 5447 506 5501 valde
520 5447 569 5517 qui
586 5447 616 5502 in
630 5447 714 5502 domo
727 5463 791 5502 mea
804 5454 879 5503 sunt.
899 5450 934 5505 lit
974 5455 1153 5505 consecratus
1164 5449 1310 5506 estdivino
1322 5450 1428 5522 judicio
1443 5450 1506 5522 (18).

127 5548 248 5591 amens
260 5534 417 5609 detegam,
429 5552 531 5608 rogans
545 5541 577 5593 ut
590 5535 696 5593 nemini
703 5536 934 5613 dicatcumergo
1010 5538 1076 5595 (lar.
1086 5538 1173 5597 111.-
1188 5540 1202 5596 J
1206 5544 1300 5597 ustum
1314 5556 1379 5597 vero
1394 5546 1437 5598 est
1447 5545 1476 5597 et
1486 5539 1539 5597 hoc
1550 5544 1694 5612 gestorum
1708 5538 1770 5608 ejus

127 5624 269 5683 namuco
280 5625 408 5684 meidam
422 5626 474 5684 Dei
486 5627 702 5686 cultorllenaas
718 5625 783 5700 lli),
796 5632 933 5701 tauquam
975 5643 1032 5686 uon
1046 5632 1216 5704 poeqouere
1228 5629 1345 5691 bouum.
1363 5629 1561 5689 laerastiuum
1580 5628 1657 5687 enim
1669 5627 1773 5685 iterum
