3818 6120
127 269 181 327 685
502 265 587 322 Vl'l'rl
606 263 755 323 SANOEAE
773 264 898 321 HARIAE
917 258 1150 328 marmilon,
1170 256 1396 314 marmora.
1710 253 1764 316 686

127 394 225 455 stinui
237 397 524 450 concrementaaestus
533 392 672 460 incendio,
680 398 708 447 et
715 391 802 447 nimio
814 391 925 462 frigoris
934 391 959 450 A
968 404 1052 461 quam
1062 402 1152 458 usque
1159 401 1234 441 nunc
1241 381 1470 439 sanctificationis
1480 382 1565 454 huJ‘us
1574 397 1764 456 usasumpor·

126 490 257 556 tempore
265 482 483 555 gelurigescens
493 487 666 549 ettremens,
677 481 820 537 multoties
834 481 863 535 in
872 487 927 536 ter·
968 479 1062 543 tione;
1079 483 1108 532 et
1121 477 1193 541 ideo,
1205 475 1349 546 deprecor,
1362 491 1453 530 meam
1474 491 1509 529 ue
1522 491 1638 546 spernas
1654 473 1764 546 petitio·

127 590 191 629 mm
201 573 305 628 cadens
314 572 420 643 absque
429 572 532 643 spiritu
539 571 667 642 jacebam
680 571 840 638 immobilis,
852 571 926 625 mul·
967 588 1042 637 nem,
1054 571 1150 636 8⁹⁰
1161 568 1209 622 sed
1224 583 1274 638 per
1284 566 1447 637 omniaipsa
1460 566 1568 621 vivitica
1577 572 1661 639 atque
1671 567 1768 622 divina

126 663 165 719 tis
175 663 327 731 etdiversis
338 662 550 717 necessitatibus
563 666 592 716 et
601 661 927 716 tentationibusimrnen-
970 659 1103 732 mysteria
1118 658 1187 712 affer
1198 657 1227 711 in
1244 674 1277 710 ea
1290 656 1369 721 hora,
1386 671 1442 727 qua
1455 656 1591 711 Dominus
1615 656 1767 728 discipulos

127 751 168 807 sis
183 753 317 817 eluctans,
335 768 386 824 per
400 751 495 806 omnia
506 768 594 822 usque
618 751 647 805 in
665 752 738 804 hanc
751 751 825 806 diem
840 751 928 804 virtus
969 750 1068 805 divinae
1082 765 1167 803 coenae
1181 746 1331 819 participes
1342 745 1416 800 lecit.
1439 746 1539 801 Joanni
1556 752 1650 802 autem
1672 745 1767 803 abbati

127 841 182 897 Dei
196 841 292 897 multis
306 841 397 896 modis
405 840 535 895 nriseram
551 840 675 894 eitimam
685 857 778 895 meam
791 845 928 910 etcorpus
970 838 1142 905 monasterii,
1157 837 1186 891 in
1198 853 1253 908 quo
1268 834 1485 898 habitas,edicto
1500 854 1506 889 :
1522 836 1642 891 Attende
1656 834 1769 907 tibiipsi

127 947 225 985 meum
235 931 393 987 custodivit.
402 931 643 986 Recordanseninr
658 930 692 984 de
703 929 832 1001 qualibus
846 928 928 983 malis
971 936 1000 985 et
1008 928 1087 1001 gregi
1101 933 1167 994 tu03
1183 927 1279 997 aliqua
1292 924 1366 980 enim
1383 925 1455 978 frunt
1468 923 1506 978 ibi
1521 926 1718 981 emendatione
1728 923 1771 979 in·

128 1019 312 1075 liberavitme
323 1021 469 1087 Dominus,
482 1036 545 1074 esca
556 1017 927 1084 nutrioriucousummabili,
971 1018 1105 1090 digentis.
1120 1016 1175 1072 Sed
1189 1016 1253 1070 nolo
1267 1021 1296 1069 te
1309 1015 1368 1071 haec
1381 1031 1455 1069 nunc
1470 1014 1496 1069 ei
1509 1015 1610 1081 dicere,
1627 1015 1771 1086 sedquan·

128 1115 158 1164 et
172 1110 312 1165 satietatis
325 1108 454 1181 possideo
466 1109 564 1180 epulas
582 1123 659 1180 spem
675 1107 773 1161 salutis
788 1107 931 1162 meae.Nu·
971 1109 1007 1162 do
1022 1107 1073 1163 tibi
1087 1106 1251 1179 praeceperit
1264 1106 1349 1161 Deus.
1370 1106 1435 1160 Haec
1455 1105 1559 1173 dicens,
1576 1105 1732 1160 orationem
1753 1120 1772 1159 a

128 1199 202 1254 trior
210 1205 305 1254 autem
314 1203 344 1253 et
351 1198 499 1269 cooperior
507 1197 631 1268 tegmine
642 1195 718 1250 rerbi
729 1196 789 1263 Dei,
801 1196 849 1267 qui
864 1212 930 1250 con·
971 1214 1038 1253 sene
1052 1197 1231 1269 postulando,
1244 1197 1273 1251 in
1287 1194 1451 1250 interiorem
1461 1194 1642 1250 solitudinem
1648 1194 1771 1249 velocius

128 1288 203 1344 tinet
210 1289 306 1344 omnia
316 1290 404 1357 (Dent.
414 1293 483 1356 vrn).
498 1288 562 1343 Non
573 1287 649 1341 enirn
668 1287 765 1341 insolo
782 1302 854 1358 pene
866 1286 932 1340 vivit
970 1288 1121 1342 festinavit.

128 1379 216 1433 homo
232 1378 338 1444 (dlottb.
347 1375 400 1447 111),
411 1383 502 1431 etnon
512 1375 647 1430 habentes
662 1376 867 1446 operimentum
881 1392 931 1447 pe·
1008 1379 1073 1434 Cur.
1089 1377 1335 1432 XXI.·-Zosimas
1347 1381 1441 1431 autern
1457 1380 1637 1447 prosternens
1649 1392 1679 1431 se
1694 1390 1773 1431 oscu-

128 1474 183 1524 trae
195 1466 362 1522 circumdati
385 1472 452 1521 sunt
466 1465 589 1537 tegmine
603 1465 633 1520 hi
652 1466 700 1536 qui
714 1483 744 1520 se
763 1465 869 1538 peccati
888 1482 933 1519 ex·
972 1466 1085 1522 labatur
1098 1472 1181 1521 terrae
1195 1466 1297 1533 locum,
1311 1466 1403 1537 inquo
1417 1467 1478 1535 ejus
1492 1466 1610 1536 vestigia
1624 1470 1771 1534 steterant,

127 1557 323 1630 spoliaverunt
335 1558 431 1612 tunica
445 1557 511 1624 (deb.
526 1570 600 1620 xurv,
613 1559 698 1625 jueta
713 1557 782 1617 cxxi.
973 1556 1043 1611 dans
1054 1557 1174 1627 gloriam
1188 1556 1247 1610 Deo
1263 1581 1269 1611 ι
1285 1555 1493 1626 immensasque
1507 1555 1600 1626 gratia
1614 1572 1710 1626 agens,
1727 1571 1773 1609 re·

165 1647 234 1703 Car.
251 1647 310 1701 XX.
333 1673 361 1688 -·
375 1646 500 1701 Audiens
528 1650 624 1700 autem
653 1645 776 1699 Zosimas
801 1644 933 1715 quoniam
974 1664 1071 1701 versus
1085 1652 1136 1711 est,
1153 1646 1272 1700 laudans
1287 1651 1316 1698 et
1333 1644 1502 1700 benedicens
1516 1645 1667 1699 Dominum
1682 1645 1772 1698 Deum

128 1736 342 1808 scripturarum
356 1735 518 1790 testimonia
532 1734 692 1806 proferebat
705 1752 738 1788 ex
752 1733 831 1788 libris
844 1715 963 1807 MoysiB
974 1741 1102 1791 nostrum
1116 1736 1212 1791 Jesum
1228 1735 1383 1790 Christum.
1400 1735 1505 1790 lterum
1531 1739 1627 1789 autem
1642 1750 1772 1789 remeans

128 1825 261 1881 videlicet
270 1831 299 1879 et
310 1825 384 1879 beati
394 1824 446 1880 Job
456 1824 513 1879 sive
524 1825 712 1891 Psalmorum,
725 1823 837 1878 dixitad
849 1841 929 1878 eam:
974 1824 1101 1896 ejusdem
1116 1825 1274 1880 solitudinis
1288 1824 1351 1892 iter,
1368 1842 1424 1895 quo
1443 1830 1567 1892 venerat,
1584 1825 1729 1895 coniunxit
1742 1824 1773 1879 in

128 1915 270 1978 Psalmos,
287 1931 303 1969 o
328 1920 429 1974 mater,
452 1914 583 1981 didicisti,
600 1914 643 1968 vel
660 1914 730 1968 alios
744 1913 830 1968 libros
847 1930 933 1968 secra
974 1915 1145 1970 monasterio
1160 1931 1193 1970 eo
1207 1921 1344 1986 tempore,
1359 1931 1414 1986 quo
1434 1919 1637 1969 consueverant
1647 1914 1668 1968 ii
1681 1913 1728 1985 qui
1742 1914 1774 1968 in

131 2004 284 2076 scalptura
297 2003 408 2074 legisti?
418 2003 470 2058 llla
485 2008 579 2058 autem
591 2004 775 2069 hocaudiens,
784 2002 932 2057 subridens
975 2005 1072 2059 eodem
1088 2004 1279 2059 morabantur.
1293 2005 1327 2059 Et
1341 2009 1432 2059 totum
1447 2004 1559 2076 quidem
1575 2019 1681 2059 annum
1693 2003 1774 2057 illum

130 2093 203 2148 dixit
212 2093 249 2147 ad
258 2109 341 2148 eum:
357 2093 664 2158 ‹tredemunnonvidi
677 2092 863 2146 hominemex
878 2108 933 2163 quo
974 2095 1071 2159 tacuit,
1087 2094 1202 2148 minime
1215 2094 1323 2148 audens
1339 2093 1483 2165 quidpiam
1497 2094 1590 2150 dicere
1604 2111 1637 2148 ex
1651 2092 1695 2147 his
1711 2109 1773 2164 quae

130 2183 285 2239 Iordanem
298 2181 425 2245 transivi,
437 2181 491 2236 nisi
505 2186 533 2236 te
545 2182 647 2237 hodie:
664 2182 713 2236 sed
737 2197 829 2252 neque
844 2180 933 2236 teram
974 2182 1096 2250 viderat3
1110 2183 1139 2237 in
1150 2183 1344 2255 seipsoautem
1354 2182 1662 2254 deprecabaturDeum,
1672 2187 1704 2236 ut
1718 2181 1786 2236 ite·⁴

131 2278 183 2328 aut
192 2271 270 2327 aliud
278 2271 384 2326 animal
395 2270 596 2343 qualecunque,
608 2288 642 2326 ex
651 2286 705 2342 quo
714 2269 823 2325 inhanc
831 2269 931 2325 deveni
973 2288 1037 2327 rum
1046 2272 1237 2328 eiostenderet
1246 2271 1460 2327 desiderabilem
1472 2273 1591 2327 vultum.
1608 2270 1774 2342 suspirabat

131 2361 454 2417 solitudinemLitteras
463 2365 559 2416 autem
574 2359 826 2431 nunquamalicubi
835 2358 930 2423 didici,
973 2361 1172 2426 autem,ennui
1183 2377 1279 2420 cursus
1289 2360 1646 2432 consideranstarditatem.
1655 2358 1773 2425 Quando

131 2451 183 2506 sed
192 2467 286 2523 neque
299 2450 465 2523 psallentem
479 2455 529 2504 aut
537 2450 677 2521 legentem
691 2449 814 2520 aliquem
824 2448 932 2504 auscul·
973 2455 1068 2506 autem
1083 2450 1195 2505 advenit
1208 2467 1289 2505 sacra
1300 2450 1475 2522 jejuniorum
1489 2449 1601 2505 initiata
1617 2447 1708 2522 prima
1719 2450 1773 2505 Do·

131 2541 200 2596 tavi.
217 2541 316 2596 Sermo
330 2546 425 2595 autem
440 2539 492 2595 Dei
506 2540 629 2594 vivuset
644 2538 741 2593 efficax
756 2538 932 2593 intellectum
973 2539 1085 2607 minica,
1108 2556 1173 2594 mox
1196 2545 1260 2612 post
1283 2540 1395 2595 solitam
1414 2539 1570 2594 orationem
1586 2539 1635 2595 alii
1660 2539 1774 2611 quidem
1841 2600 1846 2605 ,

132 2629 303 2684 intrinsecus
330 2629 410 2683 docet
434 2627 590 2682 humanum
615 2629 688 2696 (Heb.
705 2631 752 2697 rr).
768 2629 933 2700 Hucusque
973 2629 1124 2701 psallentes
1135 2630 1283 2685 exierunt:
1300 2630 1465 2702 ipseautem
1475 2629 1585 2685 modica
1598 2628 1683 2684 febris
1691 2629 1773 2684 intir-

132 2718 198 2772 finis
212 2734 310 2773 eorum
325 2734 386 2788 quae
398 2733 461 2771 mea
473 2722 547 2771 sunt.
568 2718 648 2771 Nunc
671 2722 765 2771 autem
785 2716 933 2772 obsecrans
973 2718 1072 2773 mitate
1082 2715 1223 2786 detentus,
1235 2719 1340 2773 mansit
1346 2719 1423 2774 intus
1437 2718 1466 2773 in
1477 2717 1657 2773 monasterio.
1668 2717 1774 2772 Recor-

132 2823 229 2879 quaeso
244 2811 336 2877 teper
349 2806 571 2862 incarnationem
594 2805 678 2859 Verbi
696 2806 747 2860 Dei
762 2812 791 2860 et
805 2822 867 2861 ores
882 2823 932 2877 pro
974 2808 1057 2863 datus
1071 2814 1114 2864 est
1127 2814 1221 2864 autern
1236 2809 1358 2864 Zosimus
1373 2808 1426 2863 sibi
1440 2808 1606 2879 predictum
1625 2812 1728 2862 sanctae
1743 2805 1776 2861 il·

132 2911 180 2951 me
192 2893 347 2950 luxuriosa.
360 2895 395 2949 Et
415 2911 478 2949 cum
493 2895 552 2949 haec
565 2893 693 2959 dixisset,
710 2894 835 2949 cucurrit
849 2910 934 2949 senex
973 2897 1038 2965 lius,
1052 2898 1118 2968 quia
1131 2915 1224 2970 neque
1237 2898 1332 2953 volens
1342 2896 1541 2952 exirevalebis.
1552 2896 1711 2969 Aliquantis
1725 2906 1785 2950 au:

133 2990 162 3039 et
173 3000 252 3055 genu
266 2983 338 3039 tlexo
358 3001 388 3038 se
405 2983 552 3038 interram
578 2989 765 3054 prosternere,
780 2982 933 3038 vociferans
973 2991 1032 3041 tem
1044 2987 1145 3059 elapsis
1152 2987 1260 3054 diebus,
1269 2986 1304 3041 ab
1319 2986 1483 3041 infirmitate
1498 2985 1705 3051 sublevatus,in
1716 3001 1774 3039 mo·

133 3079 162 3129 et
174 3073 273 3128 dicens
285 3091 291 3128 :
302 3073 469 3129 Benedictus
479 3071 616 3127 Dominus
626 3073 701 3128 Deus
712 3073 760 3144 qui
774 3074 841 3128 tacit
850 3072 933 3126 mira·
944 3077 1097 3137 Cnasterio
1112 3075 1337 3131 conversabatur.
1350 3076 1467 3141 Quando
1482 3075 1587 3130 reversi
1600 3078 1667 3129 sunt
1681 3088 1777 3129 mona·

133 3162 204 3218 bilia
216 3178 322 3232 magua
332 3162 418 3227 solus,
435 3160 558 3231 gloriosa
569 3167 598 3216 et
604 3162 786 3217 vehementer
795 3161 935 3233 stupenda
975 3165 1019 3219 chi
1034 3172 1149 3221 sacrata
1159 3182 1246 3221 coenae
1259 3181 1383 3237 vespere,
1398 3164 1546 3236 iecitquod
1557 3163 1583 3218 ei
1595 3164 1706 3235 iussum
1716 3167 1773 3219 est:

134 3251 239 3324 quibus
252 3267 310 3306 non
335 3256 378 3305 est
401 3265 536 3304 numerus
552 3252 620 3318 (lob,
637 3250 686 3320 rr).
711 3251 877 3306 Benedictus
891 3267 933 3319 es,
977 3259 1006 3310 et
1020 3255 1134 3310 mittens
1149 3255 1178 3310 in
1195 3255 1304 3311 modico
1312 3253 1397 3309 calice
1407 3253 1568 3308 intemerati
1584 3252 1776 3325 corporiapor-

133 3341 256 3398 Domine
265 3340 350 3407 Deus,
361 3338 409 3410 qui
417 3339 565 3394 ostendisti
575 3339 644 3393 mihi
658 3346 763 3411 quanta
774 3340 886 3411 largiris
901 3340 935 3394 ti·
976 3343 1083 3399 tionem
1098 3348 1127 3400 et
1153 3343 1267 3416 pretiosi
1295 3343 1440 3415 sanguinis
1468 3342 1581 3398 Domini
1599 3343 1689 3396 nostri
1709 3342 1776 3397 lesu

133 3428 278 3486 urentibus
287 3433 324 3483 te.
345 3428 417 3483 Vere
431 3428 507 3483 enim
522 3445 579 3484 non
593 3428 763 3500 derelinquis
778 3434 935 3500 quarentes
976 3433 1091 3498 christi,
1109 3433 1203 3505 posuit
1216 3434 1245 3487 in
1260 3432 1382 3488 canistro
1396 3447 1617 3505 carycaspaucas
1632 3437 1661 3486 et
1670 3431 1778 3504 palma·

134 3524 172 3584 te,
184 3516 394 3579 DominetPsol.
407 3524 455 3578 rxl.
468 3518 521 3573 illa
541 3522 636 3572 autern
657 3518 870 3589 apprehendens
889 3535 935 3574 ae·
976 3538 1041 3576 rum
1055 3522 1172 3589 fructus,
1182 3521 1212 3578 id
1221 3527 1266 3578 est
1277 3522 1413 3594 dactylos,
1421 3526 1450 3577 et
1464 3538 1566 3594 parum
1578 3520 1718 3576 lenticula
1732 3519 1774 3575 in·

134 3626 212 3677 nem,
222 3625 281 3663 non
290 3607 457 3681 permisitiu
466 3613 572 3663 terram
584 3607 705 3681 perfecte
719 3609 869 3680 prosterni,
886 3609 934 3664 sed
976 3611 1045 3667 insa
1068 3610 1098 3665 in
1111 3611 1210 3683 aquis;
1236 3616 1265 3667 et
1277 3610 1354 3667 venit
1370 3610 1461 3678 tarde,
1475 3615 1503 3665 et
1517 3609 1554 3665 ad
1568 3609 1660 3682 ripam
1674 3609 1689 3664 J
1691 3608 1775 3664 orda·

134 3699 207 3755 dixit
219 3698 248 3754 ei
264 3717 270 3752 :
287 3699 354 3754 ilaec
380 3715 442 3771 quae
457 3698 569 3759 audisti,
585 3697 678 3764 homo,
695 3696 820 3754 obtestor
837 3704 866 3753 te
885 3716 936 3771 per
976 3699 1019 3755 nis
1034 3698 1159 3767 sedebat,
1176 3701 1326 3756 adventum
1341 3703 1444 3756 sancta
1453 3698 1628 3772 praestolans.
1644 3696 1777 3753 Beatissi-

134 3787 705 3845 DominumSalvatoremnostrumJesum
718 3787 869 3852 Christum,
888 3804 935 3843 ne·
976 3805 1023 3843 nra
1037 3794 1131 3845 autern
1144 3789 1193 3845 illa
1213 3790 1345 3846 tardante
1366 3788 1495 3856 muliere,
1506 3788 1631 3844 zosimas
1641 3803 1699 3844 non
1714 3786 1778 3842 dor·

134 3878 206 3933 mini
216 3878 332 3945 dixeris,
341 3876 523 3949 quoadusque
534 3876 610 3931 Deus
619 3876 653 3931 de
664 3876 875 3932 vinculocarnis
885 3875 935 3931 ab·
976 3877 1095 3945 mitavit,
1110 3879 1159 3933 sed
1170 3879 1287 3934 sollicite
1301 3877 1466 3934 attendebat
1480 3876 1670 3943 solitudinem,
1689 3873 1776 3932 susti·

135 3968 226 4024 solvat
240 3985 296 4024 me.
312 3968 362 4024 rus
374 3965 503 4022 omnibus
518 3966 638 4037 acceptis
653 3966 681 4020 in
696 3982 773 4037 pace,
790 3966 936 4021 etiterum
976 3983 1046 4022 nens
1068 3967 1142 4038 quod
1165 3968 1260 4023 videre
1283 3964 1471 4024 desiderabat.
1497 3966 1613 4022 Dicebat
1635 3971 1731 4021 autem
1744 3965 1776 4021 in

135 4057 297 4113 hoceodern
308 4064 433 4128 tempore
447 4054 612 4110 adveniente
628 4071 701 4110 anno
715 4054 856 4127 apparebo
871 4055 931 4122 tibi,
976 4055 1126 4128 semetipso
1143 4055 1297 4128 :Nunquid
1310 4056 1435 4122 veniens,
1449 4055 1518 4110 dum
1532 4071 1568 4109 ne
1582 4071 1639 4109 non
1656 4054 1773 4122 invenit,

136 4147 278 4202 stridebis
288 4163 342 4213 roe,
353 4145 404 4200 Dei
411 4161 461 4199 nos
471 4143 647 4216 gubernante
656 4143 759 4214 gratia.
769 4144 824 4199 Fac
839 4150 935 4200 autem
976 4161 1090 4200 reversa
1103 4144 1167 4199 est?
1181 4146 1247 4200 Hac
1261 4145 1365 4212 dicens,
1381 4142 1485 4212 tiebat3
1503 4148 1533 4197 et
1551 4143 1662 4198 elevans
1675 4142 1704 4197 in
1718 4159 1772 4197 coe·

135 4243 254 4308 prupter
263 4233 423 4292 Dominum.
435 4233 508 4306 quod
518 4250 593 4288 nunc
606 4233 659 4289 tibi
669 4234 796 4305 injungo,
808 4238 841 4288 ut
849 4234 935 4289 sacris
976 4233 1035 4287 lum
1049 4232 1151 4298 oculos,
1163 4234 1327 4306 suppliciter
1337 4233 1428 4288 Deum
1436 4230 1648 4303 deprecabatur,
1660 4231 1771 4286 dicens:

133 4324 253 4396 jeiuniis
261 4322 470 4380 ooenrrsntibus
480 4321 548 4378 anni
561 4322 672 4378 venturi
682 4324 937 4379 nontranseasJor
976 4320 1040 4377 Non
1052 4338 1097 4377 me
1115 4323 1229 4388 alienes,
1245 4320 1372 4388 Domine,
1388 4319 1492 4375 iterum
1503 4319 1608 4387 videre,
1625 4335 1710 4392 quam
1726 4334 1773 4374 me

136 4412 251 4481 danem,
272 4417 306 4468 ut
319 4412 549 4470 conaretudinem
573 4411 682 4466 habetis
703 4411 733 4466 in
750 4412 930 4468 monasterio.
941 4395 965 4457 D
977 4409 1070 4466 videre
1085 4411 1219 4467 tribuisti.
1244 4411 1308 4466 Nou
1325 4410 1426 4466 vadam
1448 4424 1561 4477 vacuus,
1577 4414 1693 4482 peccata
1709 4424 1774 4464 mea

136 4500 276 4575 stupebat
288 4508 384 4558 autem
394 4501 528 4568 Zosimus,
536 4499 794 4571 audiensquouiam
809 4506 838 4555 et
850 4517 935 4556 cano·
976 4504 1092 4572 portans
1103 4500 1132 4556 in
1143 4500 1344 4574 increpatione.

135 4606 202 4648 nem
211 4591 474 4647 massanissae
487 4590 567 4662 quasi
577 4606 638 4660 quae
647 4596 742 4645 nosset
755 4589 878 4658 dicebat3
895 4590 936 4645 ni·
1012 4589 1075 4646 Cur.
1090 4591 1178 4646 111111.
1194 4617 1224 4629 -
1240 4591 1305 4647 Haec
1319 4605 1404 4646 orans
1418 4605 1482 4646 cum
1509 4586 1650 4660 lacrymis,
1671 4587 1728 4643 elia
1745 4587 1776 4643 in

135 4683 235 4755 hiique
248 4680 325 4736 aliud
339 4679 478 4736 domabat
491 4679 545 4734 nisi
555 4679 674 4749 gloriam
689 4680 808 4752 Dei„qui
827 4680 936 4751 majora
976 4679 1294 4752 eumcogitatioincidit.
1306 4680 1379 4745 Quid
1388 4680 1484 4752 itaque
1493 4677 1517 4732 si
1534 4676 1650 4744 venerit,
1663 4675 1774 4731 faciet?

136 4786 223 4844 quam
237 4768 344 4843 petitur
353 4766 534 4840 diligentibus
542 4784 574 4822 se
584 4767 712 4838 largitur.
722 4768 774 4823 Illa
785 4773 880 4823 autem
894 4767 935 4822 di·
976 4769 1116 4838 quomodo
1131 4769 1248 4824 transiet
1256 4769 1417 4838 Jordanem,
1432 4766 1499 4839 quia
1508 4764 1635 4821 navicula
1645 4764 1776 4820 nonest?

134 4861 177 4916 xit
190 4879 197 4914 :
210 4860 325 4916 Sustine
334 4865 367 4914 ut
375 4859 442 4925 dirr,
452 4858 533 4923 abba,
543 4859 572 4913 in
579 4858 748 4914 monasterio
760 4876 767 4926 ;
780 4874 872 4929 neque
881 4858 935 4913 etsi
977 4857 1097 4928 qualiter
1106 4857 1141 4911 ad
1152 4874 1197 4912 me
1215 4856 1363 4928 indignum
1372 4853 1534 4928 perveniet?
1545 4853 1607 4908 Heu
1621 4869 1667 4907 me
1679 4851 1771 4909 infeli·

136 4950 214 5007 eure
223 4948 344 5004 roloeris
352 4965 503 5021 quoquam,
512 4947 625 5002 valebis.
641 4949 764 5020 Vespere
777 4953 872 5004 eutem
892 4965 935 5003 sa·
975 4962 1034 5000 cem
1048 4946 1054 5000 t
1070 4947 1125 5002 heu
1136 4946 1198 5018 quis
1204 4963 1250 5001 me
1260 4951 1318 5001 tam
1326 4947 1409 5016 justae
1419 4942 1521 5015 speciei
1543 4940 1693 4996 alienavit?
1707 4943 1775 4999 Haec

135 5039 295 5095 mtissimo
308 5037 459 5094 Dominicae
480 5053 574 5103 crena,
590 5036 676 5092 divini
692 5037 815 5109 corporis
828 5042 857 5092 et.
869 5036 935 5091 vivi·
975 5051 1042 5090 seue
1056 5035 1206 5106 cogitante,
1220 5050 1284 5091 ecce
1299 5039 1396 5089 sancta
1410 5033 1459 5088 illa
1472 5031 1593 5098 advenit,
1608 5035 1637 5086 et
1650 5030 1680 5087 in
1691 5037 1773 5104 parte

135 5129 182 5185 tici
188 5126 337 5199 sanguinis
344 5127 500 5199 portionem
511 5126 540 5179 in
549 5142 614 5180 vase
624 5126 854 5198 sacrodignoque
860 5126 933 5181 tanti
975 5124 1032 5179 alia
1040 5124 1165 5180 fluminis
1171 5125 1258 5191 stetit,
1271 5123 1345 5179 unde
1355 5119 1609 5178 veneratzosimas
1623 5125 1720 5176 autem
1734 5122 1774 5178 vi·

134 5216 266 5292 mysterir
279 5218 357 5284 atier,
373 5221 403 5271 et
415 5215 522 5271 sustine
534 5230 579 5270 me
593 5214 622 5269 iu
637 5216 852 5286 partstordanis
872 5233 934 5287 quae
975 5211 1044 5268 dens
1058 5229 1129 5280 eam,
1141 5213 1263 5268 surrexit
1274 5213 1411 5284 gaudem,
1428 5216 1457 5266 et
1470 5209 1598 5265 exultans
1611 5209 1697 5265 nimis
1710 5210 1773 5282 glo-

133 5307 321 5380 coujungitur
331 5305 441 5369 seems,
454 5310 483 5360 et
495 5304 609 5359 veniens
624 5304 732 5359 vivitlca
743 5305 876 5377 accipiam
886 5305 935 5360 do·
975 5299 1102 5358 riticabat
1108 5303 1208 5358 Deum.
1218 5304 1305 5358 Lucta
1317 5308 1412 5358 autem
1428 5298 1588 5356 certaminis
1602 5297 1632 5353 iu
1645 5300 1706 5370 ejus
1720 5299 1772 5354 tiu·

133 5415 184 5454 na.
196 5397 237 5453 Ex
251 5413 309 5469 quo
322 5397 396 5453 enirn
411 5394 441 5449 in
465 5393 581 5448 ecclesia
607 5392 764 5450 beatissimi
780 5396 935 5450 Praecurso·
975 5391 1088 5448 ctuabat
1102 5391 1278 5464 cogitationis
1292 5390 1458 5459 intentione,
1467 5388 1533 5462 quia
1547 5403 1603 5443 non
1615 5389 1773 5460 potestJor·

132 5486 185 5551 ris,
201 5486 369 5558 priusquam
380 5482 531 5539 transirem
544 5480 706 5551 Jordanem,
721 5482 932 5552 communicavi,
975 5481 1055 5537 danis
1063 5482 1183 5537 transire
1198 5482 1313 5538 fluenta.
1326 5482 1361 5537 Et
1370 5479 1521 5553 respiciens
1535 5476 1773 5544 sener,riditeam

132 5574 272 5647 deinceps
285 5590 374 5646 usque
387 5587 616 5643 nuncnunquaro
634 5572 846 5640 communicavi,
860 5588 935 5628 nun·
976 5570 1075 5628 vexillo
1099 5569 1190 5626 crucis
1216 5588 1303 5643 aquas
1331 5569 1461 5627 Iordanis
1488 5567 1657 5638 signantem.
1674 5561 1773 5621 Totius
