<?xml version="1.0" encoding="UTF-8"?>
<!DOCTYPE html PUBLIC "-//W3C//DTD XHTML 1.0 Transitional//EN"
    "http://www.w3.org/TR/xhtml1/DTD/xhtml1-transitional.dtd">
<html xmlns="http://www.w3.org/1999/xhtml" xml:lang="en" lang="en">
 <head>
  <title>
</title>
<meta http-equiv="Content-Type" content="text/html;charset=utf-8" />
  <meta name='ocr-system' content='tesseract 3.04.00' />
  <meta name='ocr-capabilities' content='ocr_page ocr_carea ocr_par ocr_line ocrx_word'/>
</head>
<body>
  <div class='ocr_page' id='page_1' title='image "./patrologiaecurs38unkngoog_0292.png"; bbox 0 0 3818 6120; ppageno 0'>
   <div class='ocr_carea' id='block_1_1' title="bbox 134 265 1774 374">
    <p class='ocr_par' dir='ltr' id='par_1_1' title="bbox 134 265 1774 374">
     <span class='ocr_line' id='line_1_1' title="bbox 134 265 1774 374; baseline 0.001 -9"><span class='ocrx_word' id='word_1_1' title='bbox 134 306 184 365; x_wconf 64' lang='grc'>593</span> <span class='ocrx_word' id='word_1_2' title='bbox 331 265 416 366; x_wconf 77' lang='lat' dir='ltr'>turn</span> <span class='ocrx_word' id='word_1_3' title='bbox 435 310 655 370; x_wconf 72' lang='lat' dir='ltr'>sanctonum</span> <span class='ocrx_word' id='word_1_4' title='bbox 674 311 848 373; x_wconf 67' lang='lat' dir='ltr'>naaman</span> <span class='ocrx_word' id='word_1_5' title='bbox 867 313 1041 374; x_wconf 70' lang='lat' dir='ltr'>nanuum</span> <span class='ocrx_word' id='word_1_6' title='bbox 1058 314 1103 372; x_wconf 70' lang='lat' dir='ltr'>ET</span> <span class='ocrx_word' id='word_1_7' title='bbox 1121 312 1303 374; x_wconf 74' lang='lat' dir='ltr'>leserunt*</span> <span class='ocrx_word' id='word_1_8' title='bbox 1324 313 1439 373; x_wconf 82' lang='lat' dir='ltr'><strong>INDIAE</strong></span> <span class='ocrx_word' id='word_1_9' title='bbox 1457 311 1574 368; x_wconf 80' lang='lat' dir='ltr'>REGIS.</span> <span class='ocrx_word' id='word_1_10' title='bbox 1719 307 1774 369; x_wconf 72' lang='lat' dir='ltr'>&#39;ull</span> 
     </span>
    </p>
   </div>
   <div class='ocr_carea' id='block_1_2' title="bbox 133 433 1774 960">
    <p class='ocr_par' dir='ltr' id='par_1_2' title="bbox 133 433 1774 780">
     <span class='ocr_line' id='line_1_2' title="bbox 134 433 1771 514; baseline 0.002 -22"><span class='ocrx_word' id='word_1_11' title='bbox 134 435 326 493; x_wconf 85' lang='lat' dir='ltr'>demonstrat:</span> <span class='ocrx_word' id='word_1_12' title='bbox 341 436 447 510; x_wconf 87' lang='lat' dir='ltr'>qnippe</span> <span class='ocrx_word' id='word_1_13' title='bbox 460 453 526 493; x_wconf 92' lang='lat' dir='ltr'>cum</span> <span class='ocrx_word' id='word_1_14' title='bbox 540 438 784 507; x_wconf 84' lang='lat' dir='ltr'>doctrinavestra,</span> <span class='ocrx_word' id='word_1_15' title='bbox 806 441 1091 512; x_wconf 78' lang='lat' dir='ltr'>quamvisAaxpone.</span> <span class='ocrx_word' id='word_1_16' title='bbox 1108 438 1182 505; x_wconf 84' lang='lat' dir='ltr'><strong>Quid</strong></span> <span class='ocrx_word' id='word_1_17' title='bbox 1196 439 1231 495; x_wconf 90' lang='lat' dir='ltr'>de</span> <span class='ocrx_word' id='word_1_18' title='bbox 1252 439 1420 514; x_wconf 80' lang='lat' dir='ltr'>ipsisquod.</span> <span class='ocrx_word' id='word_1_19' title='bbox 1430 438 1576 512; x_wconf 72' lang='lat' dir='ltr'>pradinas,</span> <span class='ocrx_word' id='word_1_20' title='bbox 1595 433 1705 503; x_wconf 75' lang='lat' dir='ltr'>natea.</span> <span class='ocrx_word' id='word_1_21' title='bbox 1716 433 1771 496; x_wconf 75' lang='lat' dir='ltr'>nisi</span> 
     </span>
     <span class='ocr_line' id='line_1_3' title="bbox 134 526 1770 600; baseline 0.002 -18"><span class='ocrx_word' id='word_1_22' title='bbox 134 526 260 582; x_wconf 82' lang='lat' dir='ltr'>eruditos</span> <span class='ocrx_word' id='word_1_23' title='bbox 272 532 405 598; x_wconf 85' lang='lat' dir='ltr'>patronos</span> <span class='ocrx_word' id='word_1_24' title='bbox 419 544 453 582; x_wconf 90' lang='lat' dir='ltr'>ac</span> <span class='ocrx_word' id='word_1_25' title='bbox 467 529 565 584; x_wconf 86' lang='lat' dir='ltr'>firmos</span> <span class='ocrx_word' id='word_1_26' title='bbox 572 529 716 599; x_wconf 83' lang='lat' dir='ltr'>adjutores</span> <span class='ocrx_word' id='word_1_27' title='bbox 729 529 843 597; x_wconf 87' lang='lat' dir='ltr'>habeat,</span> <span class='ocrx_word' id='word_1_28' title='bbox 856 530 932 586; x_wconf 90' lang='lat' dir='ltr'>debi-</span> <span class='ocrx_word' id='word_1_29' title='bbox 972 529 1145 586; x_wconf 88' lang='lat' dir='ltr'>dementiam</span> <span class='ocrx_word' id='word_1_30' title='bbox 1171 545 1204 584; x_wconf 88' lang='lat' dir='ltr'>ac</span> <span class='ocrx_word' id='word_1_31' title='bbox 1232 529 1453 600; x_wconf 84' lang='lat' dir='ltr'>turpitudinem,¹</span> <span class='ocrx_word' id='word_1_32' title='bbox 1477 528 1651 599; x_wconf 85' lang='lat' dir='ltr'>inanemque.</span> <span class='ocrx_word' id='word_1_33' title='bbox 1667 529 1770 594; x_wconf 78' lang='lat' dir='ltr'>artem,</span> 
     </span>
     <span class='ocr_line' id='line_1_4' title="bbox 133 615 1774 692; baseline 0.003 -23"><span class='ocrx_word' id='word_1_34' title='bbox 133 615 232 671; x_wconf 85' lang='lat' dir='ltr'>litetur</span> <span class='ocrx_word' id='word_1_35' title='bbox 247 617 813 688; x_wconf 68' lang='lat' dir='ltr'>umenetexstinguatur;nostrasutem</span> <span class='ocrx_word' id='word_1_36' title='bbox 822 620 930 692; x_wconf 85' lang='lat' dir='ltr'>religio,</span> <span class='ocrx_word' id='word_1_37' title='bbox 972 618 1119 674; x_wconf 78' lang='lat' dir='ltr'>verborum</span> <span class='ocrx_word' id='word_1_38' title='bbox 1135 618 1276 690; x_wconf 84' lang='lat' dir='ltr'>elegantia</span> <span class='ocrx_word' id='word_1_39' title='bbox 1285 618 1388 675; x_wconf 81' lang='lat' dir='ltr'>loetidoe</span> <span class='ocrx_word' id='word_1_40' title='bbox 1411 634 1468 674; x_wconf 79' lang='lat' dir='ltr'>sues</span> <span class='ocrx_word' id='word_1_41' title='bbox 1491 616 1635 689; x_wconf 75' lang='lat' dir='ltr'>religionis</span> <span class='ocrx_word' id='word_1_42' title='bbox 1659 630 1774 674; x_wconf 76' lang='lat' dir='ltr'>crannus.</span> 
     </span>
     <span class='ocr_line' id='line_1_5' title="bbox 133 702 1186 780; baseline 0.004 -22"><span class='ocrx_word' id='word_1_43' title='bbox 133 702 199 758; x_wconf 89' lang='lat' dir='ltr'>licet</span> <span class='ocrx_word' id='word_1_44' title='bbox 214 705 292 759; x_wconf 89' lang='lat' dir='ltr'>omni</span> <span class='ocrx_word' id='word_1_45' title='bbox 303 705 427 761; x_wconf 87' lang='lat' dir='ltr'>humano</span> <span class='ocrx_word' id='word_1_46' title='bbox 441 705 566 761; x_wconf 88' lang='lat' dir='ltr'>subsidio</span> <span class='ocrx_word' id='word_1_47' title='bbox 581 712 685 773; x_wconf 88' lang='lat' dir='ltr'>careat,</span> <span class='ocrx_word' id='word_1_48' title='bbox 701 707 759 762; x_wconf 89' lang='lat' dir='ltr'>sole</span> <span class='ocrx_word' id='word_1_49' title='bbox 773 713 869 763; x_wconf 90' lang='lat' dir='ltr'>tamen</span> <span class='ocrx_word' id='word_1_50' title='bbox 878 708 933 763; x_wconf 74' lang='lat' dir='ltr'>cla</span> <span class='ocrx_word' id='word_1_51' title='bbox 972 707 1186 780; x_wconf 79' lang='lat' dir='ltr'><strong>contegentem?</strong></span> 
     </span>
    </p>

    <p class='ocr_par' dir='ltr' id='par_1_3' title="bbox 133 793 1771 960">
     <span class='ocr_line' id='line_1_6' title="bbox 133 793 1770 871; baseline 0.001 -23"><span class='ocrx_word' id='word_1_52' title='bbox 133 793 192 848; x_wconf 90' lang='lat' dir='ltr'>rius</span> <span class='ocrx_word' id='word_1_53' title='bbox 205 794 308 858; x_wconf 88' lang='lat' dir='ltr'>luceat,</span> <span class='ocrx_word' id='word_1_54' title='bbox 323 795 476 866; x_wconf 82' lang='lat' dir='ltr'>orbemque</span> <span class='ocrx_word' id='word_1_55' title='bbox 491 800 582 850; x_wconf 91' lang='lat' dir='ltr'>totum</span> <span class='ocrx_word' id='word_1_56' title='bbox 596 797 757 867; x_wconf 87' lang='lat' dir='ltr'>occuparit:</span> <span class='ocrx_word' id='word_1_57' title='bbox 772 813 837 852; x_wconf 88' lang='lat' dir='ltr'>nam</span> <span class='ocrx_word' id='word_1_58' title='bbox 859 796 933 852; x_wconf 89' lang='lat' dir='ltr'>siah</span> <span class='ocrx_word' id='word_1_59' title='bbox 1008 798 1184 864; x_wconf 84' lang='lat' dir='ltr'>Quinetiam</span> <span class='ocrx_word' id='word_1_60' title='bbox 1197 797 1414 870; x_wconf 88' lang='lat' dir='ltr'>expoetistuis,</span> <span class='ocrx_word' id='word_1_61' title='bbox 1433 797 1593 871; x_wconf 86' lang='lat' dir='ltr'>quicunque</span> <span class='ocrx_word' id='word_1_62' title='bbox 1612 797 1647 853; x_wconf 90' lang='lat' dir='ltr'>ab</span> <span class='ocrx_word' id='word_1_63' title='bbox 1663 795 1770 867; x_wconf 88' lang='lat' dir='ltr'>ingenti</span> 
     </span>
     <span class='ocr_line' id='line_1_7' title="bbox 133 875 1771 960; baseline 0.002 -22"><span class='ocrx_word' id='word_1_64' title='bbox 133 882 294 938; x_wconf 88' lang='lat' dir='ltr'>oratoribus</span> <span class='ocrx_word' id='word_1_65' title='bbox 309 888 338 938; x_wconf 89' lang='lat' dir='ltr'>et</span> <span class='ocrx_word' id='word_1_66' title='bbox 349 884 521 956; x_wconf 89' lang='lat' dir='ltr'>philosophis</span> <span class='ocrx_word' id='word_1_67' title='bbox 535 885 611 939; x_wconf 88' lang='lat' dir='ltr'>edita</span> <span class='ocrx_word' id='word_1_68' title='bbox 624 885 731 948; x_wconf 80' lang='lat' dir='ltr'>suisset,</span> <span class='ocrx_word' id='word_1_69' title='bbox 747 902 883 959; x_wconf 84' lang='lat' dir='ltr'>regesque</span> <span class='ocrx_word' id='word_1_70' title='bbox 900 902 934 940; x_wconf 85' lang='lat' dir='ltr'>ac</span> <span class='ocrx_word' id='word_1_71' title='bbox 973 875 1167 960; x_wconf 74' lang='lat' dir='ltr'>lucerentque</span> <span class='ocrx_word' id='word_1_72' title='bbox 1180 887 1291 944; x_wconf 88' lang='lat' dir='ltr'>insania</span> <span class='ocrx_word' id='word_1_73' title='bbox 1305 889 1347 942; x_wconf 87' lang='lat' dir='ltr'>vel</span> <span class='ocrx_word' id='word_1_74' title='bbox 1361 888 1503 943; x_wconf 88' lang='lat' dir='ltr'>tantulum</span> <span class='ocrx_word' id='word_1_75' title='bbox 1517 904 1661 957; x_wconf 74' lang='lat' dir='ltr'>enrerqere</span> <span class='ocrx_word' id='word_1_76' title='bbox 1670 893 1771 957; x_wconf 85' lang='lat' dir='ltr'>potue·</span> 
     </span>
    </p>
   </div>
   <div class='ocr_carea' id='block_1_3' title="bbox 133 972 1874 1050">
    <p class='ocr_par' dir='ltr' id='par_1_4' title="bbox 133 972 1874 1050">
     <span class='ocr_line' id='line_1_8' title="bbox 133 972 1874 1050; baseline 0.003 -24"><span class='ocrx_word' id='word_1_77' title='bbox 133 972 275 1044; x_wconf 76' lang='lat' dir='ltr'>principes</span> <span class='ocrx_word' id='word_1_78' title='bbox 287 973 431 1046; x_wconf 89' lang='lat' dir='ltr'>adjutores</span> <span class='ocrx_word' id='word_1_79' title='bbox 445 973 599 1041; x_wconf 75' lang='lat' dir='ltr'>habuisset,</span> <span class='ocrx_word' id='word_1_80' title='bbox 625 974 717 1029; x_wconf 88' lang='lat' dir='ltr'>dicere</span> <span class='ocrx_word' id='word_1_81' title='bbox 740 974 868 1042; x_wconf 85' lang='lat' dir='ltr'>fortusse,</span> <span class='ocrx_word' id='word_1_82' title='bbox 892 976 934 1029; x_wconf 86' lang='lat' dir='ltr'>vir</span> <span class='ocrx_word' id='word_1_83' title='bbox 974 983 1050 1044; x_wconf 89' lang='lat' dir='ltr'>runt,</span> <span class='ocrx_word' id='word_1_84' title='bbox 1067 977 1096 1032; x_wconf 91' lang='lat' dir='ltr'>id</span> <span class='ocrx_word' id='word_1_85' title='bbox 1110 977 1184 1050; x_wconf 91' lang='lat' dir='ltr'>quod</span> <span class='ocrx_word' id='word_1_86' title='bbox 1197 977 1363 1033; x_wconf 83' lang='lat' dir='ltr'>veriuscrat</span> <span class='ocrx_word' id='word_1_87' title='bbox 1379 977 1522 1043; x_wconf 82' lang='lat' dir='ltr'>dixerunt,</span> <span class='ocrx_word' id='word_1_88' title='bbox 1538 993 1637 1047; x_wconf 86' lang='lat' dir='ltr'>nempe</span> <span class='ocrx_word' id='word_1_89' title='bbox 1652 993 1700 1031; x_wconf 88' lang='lat' dir='ltr'>eos</span> <span class='ocrx_word' id='word_1_90' title='bbox 1722 974 1770 1045; x_wconf 88' lang='lat' dir='ltr'>qui</span> <span class='ocrx_word' id='word_1_91' title='bbox 1869 1010 1874 1014; x_wconf 93' lang='lat'><em>-</em></span> 
     </span>
    </p>
   </div>
   <div class='ocr_carea' id='block_1_4' title="bbox 111 1059 1783 5705">
    <p class='ocr_par' dir='ltr' id='par_1_5' title="bbox 111 1059 1783 5705">
     <span class='ocr_line' id='line_1_9' title="bbox 131 1059 1772 1139; baseline 0.002 -25"><span class='ocrx_word' id='word_1_92' title='bbox 131 1059 271 1133; x_wconf 84' lang='lat' dir='ltr'>improbe,</span> <span class='ocrx_word' id='word_1_93' title='bbox 288 1062 436 1134; x_wconf 87' lang='lat' dir='ltr'>potuisses,</span> <span class='ocrx_word' id='word_1_94' title='bbox 452 1063 606 1119; x_wconf 90' lang='lat' dir='ltr'>humanam</span> <span class='ocrx_word' id='word_1_95' title='bbox 619 1064 774 1135; x_wconf 87' lang='lat' dir='ltr'>potentiam</span> <span class='ocrx_word' id='word_1_96' title='bbox 794 1065 822 1120; x_wconf 93' lang='lat' dir='ltr'>id</span> <span class='ocrx_word' id='word_1_97' title='bbox 842 1070 934 1120; x_wconf 87' lang='lat' dir='ltr'>totum</span> <span class='ocrx_word' id='word_1_98' title='bbox 974 1066 1015 1122; x_wconf 92' lang='lat' dir='ltr'>dii</span> <span class='ocrx_word' id='word_1_99' title='bbox 1040 1067 1218 1139; x_wconf 86' lang='lat' dir='ltr'>appellantur</span> <span class='ocrx_word' id='word_1_100' title='bbox 1246 1066 1374 1121; x_wconf 86' lang='lat' dir='ltr'>homines</span> <span class='ocrx_word' id='word_1_101' title='bbox 1396 1065 1542 1131; x_wconf 75' lang='lat' dir='ltr'>exstitisse,</span> <span class='ocrx_word' id='word_1_102' title='bbox 1566 1083 1598 1120; x_wconf 90' lang='lat' dir='ltr'>ac</span> <span class='ocrx_word' id='word_1_103' title='bbox 1623 1070 1772 1136; x_wconf 89' lang='lat' dir='ltr'>propterea</span> 
     </span>
     <span class='ocr_line' id='line_1_10' title="bbox 131 1151 1772 1229; baseline 0.001 -24"><span class='ocrx_word' id='word_1_104' title='bbox 131 1151 308 1222; x_wconf 70' lang='lat' dir='ltr'>praestitisse.</span> <span class='ocrx_word' id='word_1_105' title='bbox 319 1153 345 1207; x_wconf 93' lang='lat' dir='ltr'>N</span> <span class='ocrx_word' id='word_1_106' title='bbox 348 1167 401 1208; x_wconf 92' lang='lat' dir='ltr'>unc</span> <span class='ocrx_word' id='word_1_107' title='bbox 407 1168 472 1207; x_wconf 88' lang='lat' dir='ltr'>vero</span> <span class='ocrx_word' id='word_1_108' title='bbox 482 1157 609 1207; x_wconf 86' lang='lat' dir='ltr'>sanctum</span> <span class='ocrx_word' id='word_1_109' title='bbox 618 1153 799 1225; x_wconf 83' lang='lat' dir='ltr'>Evangelium</span> <span class='ocrx_word' id='word_1_110' title='bbox 809 1153 934 1210; x_wconf 90' lang='lat' dir='ltr'>avilibus</span> <span class='ocrx_word' id='word_1_111' title='bbox 976 1156 1050 1229; x_wconf 92' lang='lat' dir='ltr'>quod</span> <span class='ocrx_word' id='word_1_112' title='bbox 1061 1156 1281 1228; x_wconf 79' lang='lat' dir='ltr'>quidumeorum</span> <span class='ocrx_word' id='word_1_113' title='bbox 1293 1154 1409 1210; x_wconf 90' lang='lat' dir='ltr'>urbibus</span> <span class='ocrx_word' id='word_1_114' title='bbox 1419 1171 1452 1211; x_wconf 89' lang='lat' dir='ltr'>ec</span> <span class='ocrx_word' id='word_1_115' title='bbox 1470 1154 1638 1222; x_wconf 77' lang='lat' dir='ltr'>regionibus</span> <span class='ocrx_word' id='word_1_116' title='bbox 1650 1154 1772 1224; x_wconf 79' lang='lat' dir='ltr'>impara-</span> 
     </span>
     <span class='ocr_line' id='line_1_11' title="bbox 130 1239 1772 1317; baseline -0.001 -22"><span class='ocrx_word' id='word_1_117' title='bbox 130 1239 319 1310; x_wconf 82' lang='lat' dir='ltr'>piscatoribus</span> <span class='ocrx_word' id='word_1_118' title='bbox 329 1242 528 1313; x_wconf 81' lang='lat' dir='ltr'>conscriptum,</span> <span class='ocrx_word' id='word_1_119' title='bbox 539 1248 625 1313; x_wconf 88' lang='lat' dir='ltr'>utque</span> <span class='ocrx_word' id='word_1_120' title='bbox 639 1242 674 1296; x_wconf 90' lang='lat' dir='ltr'>ab</span> <span class='ocrx_word' id='word_1_121' title='bbox 688 1242 818 1298; x_wconf 90' lang='lat' dir='ltr'>omnibus</span> <span class='ocrx_word' id='word_1_122' title='bbox 837 1248 934 1315; x_wconf 86' lang='lat' dir='ltr'>tyran·</span> <span class='ocrx_word' id='word_1_123' title='bbox 975 1250 1051 1311; x_wconf 90' lang='lat' dir='ltr'>runt,</span> <span class='ocrx_word' id='word_1_124' title='bbox 1061 1245 1175 1317; x_wconf 88' lang='lat' dir='ltr'>quidam</span> <span class='ocrx_word' id='word_1_125' title='bbox 1184 1252 1279 1300; x_wconf 89' lang='lat' dir='ltr'>autem</span> <span class='ocrx_word' id='word_1_126' title='bbox 1290 1243 1704 1316; x_wconf 82' lang='lat' dir='ltr'>aliudquiddamnullius-poene</span> <span class='ocrx_word' id='word_1_127' title='bbox 1715 1257 1772 1296; x_wconf 83' lang='lat' dir='ltr'>mo·</span> 
     </span>
     <span class='ocr_line' id='line_1_12' title="bbox 131 1329 1772 1401; baseline 0.001 -19"><span class='ocrx_word' id='word_1_128' title='bbox 131 1329 178 1382; x_wconf 92' lang='lat' dir='ltr'>nis</span> <span class='ocrx_word' id='word_1_129' title='bbox 194 1334 334 1396; x_wconf 84' lang='lat' dir='ltr'>vexatum,</span> <span class='ocrx_word' id='word_1_130' title='bbox 346 1330 434 1386; x_wconf 91' lang='lat' dir='ltr'>nihilo</span> <span class='ocrx_word' id='word_1_131' title='bbox 448 1336 544 1386; x_wconf 88' lang='lat' dir='ltr'>tamen</span> <span class='ocrx_word' id='word_1_132' title='bbox 555 1332 746 1388; x_wconf 86' lang='lat' dir='ltr'>seciustoturn</span> <span class='ocrx_word' id='word_1_133' title='bbox 758 1331 855 1387; x_wconf 86' lang='lat' dir='ltr'>orbem</span> <span class='ocrx_word' id='word_1_134' title='bbox 865 1331 936 1387; x_wconf 90' lang='lat' dir='ltr'>obti-</span> <span class='ocrx_word' id='word_1_135' title='bbox 975 1334 1074 1400; x_wconf 89' lang='lat' dir='ltr'>menti,</span> <span class='ocrx_word' id='word_1_136' title='bbox 1091 1334 1159 1390; x_wconf 89' lang='lat' dir='ltr'>dum</span> <span class='ocrx_word' id='word_1_137' title='bbox 1172 1334 1305 1401; x_wconf 87' lang='lat' dir='ltr'>viverent,</span> <span class='ocrx_word' id='word_1_138' title='bbox 1329 1334 1489 1399; x_wconf 79' lang='lat' dir='ltr'>effecerunt,</span> <span class='ocrx_word' id='word_1_139' title='bbox 1516 1332 1644 1387; x_wconf 89' lang='lat' dir='ltr'>homines</span> <span class='ocrx_word' id='word_1_140' title='bbox 1677 1345 1772 1384; x_wconf 88' lang='lat' dir='ltr'>errore</span> 
     </span>
     <span class='ocr_line' id='line_1_13' title="bbox 130 1418 1772 1495; baseline 0.001 -23"><span class='ocrx_word' id='word_1_141' title='bbox 130 1432 203 1472; x_wconf 88' lang='lat' dir='ltr'>nere</span> <span class='ocrx_word' id='word_1_142' title='bbox 218 1419 389 1491; x_wconf 86' lang='lat' dir='ltr'>perspiciens</span> <span class='ocrx_word' id='word_1_143' title='bbox 404 1419 445 1487; x_wconf 70' lang='lat' dir='ltr'>lin</span> <span class='ocrx_word' id='word_1_144' title='bbox 459 1436 571 1475; x_wconf 90' lang='lat' dir='ltr'>omnem</span> <span class='ocrx_word' id='word_1_145' title='bbox 586 1421 671 1487; x_wconf 91' lang='lat' dir='ltr'>enim,</span> <span class='ocrx_word' id='word_1_146' title='bbox 683 1421 777 1492; x_wconf 91' lang='lat' dir='ltr'>inquit</span> <span class='ocrx_word' id='word_1_147' title='bbox 789 1421 836 1477; x_wconf 90' lang='lat' dir='ltr'>ille</span> <span class='ocrx_word' id='word_1_148' title='bbox 850 1422 932 1492; x_wconf 81' lang='lat' dir='ltr'>[Psoi.</span> <span class='ocrx_word' id='word_1_149' title='bbox 975 1423 1077 1495; x_wconf 89' lang='lat' dir='ltr'>lapsos,</span> <span class='ocrx_word' id='word_1_150' title='bbox 1098 1423 1215 1478; x_wconf 91' lang='lat' dir='ltr'>deorum</span> <span class='ocrx_word' id='word_1_151' title='bbox 1236 1423 1349 1478; x_wconf 89' lang='lat' dir='ltr'>nomine</span> <span class='ocrx_word' id='word_1_152' title='bbox 1369 1439 1417 1477; x_wconf 91' lang='lat' dir='ltr'>eos</span> <span class='ocrx_word' id='word_1_153' title='bbox 1440 1422 1607 1494; x_wconf 81' lang='lat' dir='ltr'>appellasse.</span> <span class='ocrx_word' id='word_1_154' title='bbox 1632 1418 1772 1489; x_wconf 84' lang='lat' dir='ltr'>Principio</span> 
     </span>
     <span class='ocr_line' id='line_1_14' title="bbox 131 1508 1771 1583; baseline -0.001 -21"><span class='ocrx_word' id='word_1_155' title='bbox 131 1520 225 1573; x_wconf 81' lang='lat' dir='ltr'>xv111;</span> <span class='ocrx_word' id='word_1_156' title='bbox 241 1510 318 1563; x_wconf 75' lang='lat' dir='ltr'>Rom.</span> <span class='ocrx_word' id='word_1_157' title='bbox 334 1508 372 1579; x_wconf 90' lang='lat' dir='ltr'>x],</span> <span class='ocrx_word' id='word_1_158' title='bbox 386 1513 491 1563; x_wconf 82' lang='lat' dir='ltr'>terram</span> <span class='ocrx_word' id='word_1_159' title='bbox 501 1509 679 1565; x_wconf 81' lang='lat' dir='ltr'>exivitsonus</span> <span class='ocrx_word' id='word_1_160' title='bbox 693 1526 800 1574; x_wconf 90' lang='lat' dir='ltr'>eorum,</span> <span class='ocrx_word' id='word_1_161' title='bbox 815 1509 881 1566; x_wconf 88' lang='lat' dir='ltr'>etin</span> <span class='ocrx_word' id='word_1_162' title='bbox 900 1510 935 1564; x_wconf 87' lang='lat' dir='ltr'>li-</span> <span class='ocrx_word' id='word_1_163' title='bbox 976 1513 1050 1568; x_wconf 90' lang='lat' dir='ltr'>enim</span> <span class='ocrx_word' id='word_1_164' title='bbox 1062 1514 1167 1568; x_wconf 90' lang='lat' dir='ltr'>Seruch</span> <span class='ocrx_word' id='word_1_165' title='bbox 1178 1511 1230 1583; x_wconf 85' lang='grc'><strong>(16)</strong></span> <span class='ocrx_word' id='word_1_166' title='bbox 1252 1513 1299 1567; x_wconf 90' lang='lat' dir='ltr'>ille</span> <span class='ocrx_word' id='word_1_167' title='bbox 1321 1518 1430 1568; x_wconf 89' lang='lat' dir='ltr'>statues</span> <span class='ocrx_word' id='word_1_168' title='bbox 1450 1511 1589 1567; x_wconf 88' lang='lat' dir='ltr'>invenisse</span> <span class='ocrx_word' id='word_1_169' title='bbox 1612 1510 1771 1565; x_wconf 88' lang='lat' dir='ltr'>litterarum</span> 
     </span>
     <span class='ocr_line' id='line_1_15' title="bbox 131 1594 1770 1672; baseline 0 -22"><span class='ocrx_word' id='word_1_170' title='bbox 131 1611 186 1651; x_wconf 85' lang='lat' dir='ltr'>nes</span> <span class='ocrx_word' id='word_1_171' title='bbox 199 1596 367 1653; x_wconf 84' lang='lat' dir='ltr'>orbisterrae</span> <span class='ocrx_word' id='word_1_172' title='bbox 376 1596 585 1664; x_wconf 88' lang='lat' dir='ltr'>verbaeoruml,</span> <span class='ocrx_word' id='word_1_173' title='bbox 597 1599 664 1670; x_wconf 89' lang='lat' dir='ltr'>quid</span> <span class='ocrx_word' id='word_1_174' title='bbox 670 1601 730 1670; x_wconf 87' lang='lat' dir='ltr'>jam</span> <span class='ocrx_word' id='word_1_175' title='bbox 745 1600 821 1654; x_wconf 89' lang='lat' dir='ltr'>aliud</span> <span class='ocrx_word' id='word_1_176' title='bbox 844 1600 935 1654; x_wconf 90' lang='lat' dir='ltr'>dicere</span> <span class='ocrx_word' id='word_1_177' title='bbox 976 1601 1166 1656; x_wconf 72' lang='lat' dir='ltr'>monumentis</span> <span class='ocrx_word' id='word_1_178' title='bbox 1175 1600 1303 1672; x_wconf 89' lang='lat' dir='ltr'>proditus</span> <span class='ocrx_word' id='word_1_179' title='bbox 1312 1607 1364 1657; x_wconf 91' lang='lat' dir='ltr'>est.</span> <span class='ocrx_word' id='word_1_180' title='bbox 1377 1600 1521 1671; x_wconf 85' lang='lat' dir='ltr'>Siquidem</span> <span class='ocrx_word' id='word_1_181' title='bbox 1532 1616 1579 1654; x_wconf 91' lang='lat' dir='ltr'>cos</span> <span class='ocrx_word' id='word_1_182' title='bbox 1589 1598 1637 1670; x_wconf 91' lang='lat' dir='ltr'>qui</span> <span class='ocrx_word' id='word_1_183' title='bbox 1646 1594 1770 1668; x_wconf 89' lang='lat' dir='ltr'>antiqui-</span> 
     </span>
     <span class='ocr_line' id='line_1_16' title="bbox 129 1684 1771 1760; baseline 0.001 -20"><span class='ocrx_word' id='word_1_184' title='bbox 129 1685 235 1756; x_wconf 87' lang='lat' dir='ltr'>poseis,</span> <span class='ocrx_word' id='word_1_185' title='bbox 252 1703 336 1758; x_wconf 88' lang='lat' dir='ltr'>quam</span> <span class='ocrx_word' id='word_1_186' title='bbox 347 1687 469 1742; x_wconf 79' lang='lat' dir='ltr'>divinam</span> <span class='ocrx_word' id='word_1_187' title='bbox 484 1693 512 1743; x_wconf 90' lang='lat' dir='ltr'>et</span> <span class='ocrx_word' id='word_1_188' title='bbox 527 1688 660 1743; x_wconf 84' lang='lat' dir='ltr'>invictam</span> <span class='ocrx_word' id='word_1_189' title='bbox 684 1689 839 1760; x_wconf 87' lang='lat' dir='ltr'>potentiam</span> <span class='ocrx_word' id='word_1_190' title='bbox 863 1705 933 1754; x_wconf 88' lang='lat' dir='ltr'>esse,</span> <span class='ocrx_word' id='word_1_191' title='bbox 974 1696 1021 1746; x_wconf 90' lang='lat' dir='ltr'>tus</span> <span class='ocrx_word' id='word_1_192' title='bbox 1031 1691 1189 1745; x_wconf 66' lang='lat' dir='ltr'>veletrenui</span> <span class='ocrx_word' id='word_1_193' title='bbox 1197 1690 1295 1755; x_wconf 91' lang='lat' dir='ltr'>animi,</span> <span class='ocrx_word' id='word_1_194' title='bbox 1304 1690 1347 1745; x_wconf 86' lang='lat' dir='ltr'>vel</span> <span class='ocrx_word' id='word_1_195' title='bbox 1356 1689 1495 1754; x_wconf 77' lang='lat' dir='ltr'>amicitia,</span> <span class='ocrx_word' id='word_1_196' title='bbox 1506 1689 1549 1743; x_wconf 82' lang='lat' dir='ltr'>rel</span> <span class='ocrx_word' id='word_1_197' title='bbox 1559 1686 1715 1759; x_wconf 80' lang='lat' dir='ltr'>cujuspiam</span> <span class='ocrx_word' id='word_1_198' title='bbox 1729 1684 1771 1741; x_wconf 86' lang='lat' dir='ltr'>al·</span> 
     </span>
     <span class='ocr_line' id='line_1_17' title="bbox 128 1765 1772 1851; baseline 0.001 -24"><span class='ocrx_word' id='word_1_199' title='bbox 128 1774 235 1828; x_wconf 83' lang='lat' dir='ltr'>salutis</span> <span class='ocrx_word' id='word_1_200' title='bbox 248 1775 379 1830; x_wconf 80' lang='lat' dir='ltr'>humanae</span> <span class='ocrx_word' id='word_1_201' title='bbox 390 1792 475 1831; x_wconf 87' lang='lat' dir='ltr'>causa</span> <span class='ocrx_word' id='word_1_202' title='bbox 483 1776 590 1832; x_wconf 89' lang='lat' dir='ltr'>cultum</span> <span class='ocrx_word' id='word_1_203' title='bbox 600 1793 682 1831; x_wconf 92' lang='lat' dir='ltr'>suum</span> <span class='ocrx_word' id='word_1_204' title='bbox 697 1778 911 1833; x_wconf 86' lang='lat' dir='ltr'>confirmantem</span> <span class='ocrx_word' id='word_1_205' title='bbox 924 1765 1060 1835; x_wconf 84' lang='lat' dir='ltr'>iBterius</span> <span class='ocrx_word' id='word_1_206' title='bbox 1074 1779 1186 1834; x_wconf 89' lang='lat' dir='ltr'>virtutis</span> <span class='ocrx_word' id='word_1_207' title='bbox 1198 1778 1412 1851; x_wconf 87' lang='lat' dir='ltr'>opuememoria</span> <span class='ocrx_word' id='word_1_208' title='bbox 1419 1778 1535 1849; x_wconf 89' lang='lat' dir='ltr'>dignum</span> <span class='ocrx_word' id='word_1_209' title='bbox 1547 1776 1708 1840; x_wconf 85' lang='lat' dir='ltr'>edidissent,</span> <span class='ocrx_word' id='word_1_210' title='bbox 1716 1778 1772 1829; x_wconf 87' lang='lat' dir='ltr'>sta-</span> 
     </span>
     <span class='ocr_line' id='line_1_18' title="bbox 128 1862 1770 1939; baseline 0 -21"><span class='ocrx_word' id='word_1_211' title='bbox 128 1862 248 1934; x_wconf 72' lang='lat' dir='ltr'>Faequod</span> <span class='ocrx_word' id='word_1_212' title='bbox 260 1870 364 1932; x_wconf 88' lang='lat' dir='ltr'>autern,</span> <span class='ocrx_word' id='word_1_213' title='bbox 379 1881 396 1920; x_wconf 94' lang='lat' dir='ltr'>o</span> <span class='ocrx_word' id='word_1_214' title='bbox 408 1882 514 1931; x_wconf 85' lang='lat' dir='ltr'>vecors,</span> <span class='ocrx_word' id='word_1_215' title='bbox 531 1872 730 1938; x_wconf 72' lang='lat' dir='ltr'>argumentum</span> <span class='ocrx_word' id='word_1_216' title='bbox 744 1866 779 1922; x_wconf 84' lang='lat' dir='ltr'>iis</span> <span class='ocrx_word' id='word_1_217' title='bbox 794 1883 859 1939; x_wconf 77' lang='lat' dir='ltr'>quse</span> <span class='ocrx_word' id='word_1_218' title='bbox 872 1868 933 1938; x_wconf 88' lang='lat' dir='ltr'>jam</span> <span class='ocrx_word' id='word_1_219' title='bbox 973 1868 1030 1925; x_wconf 80' lang='lat' dir='ltr'>tuis</span> <span class='ocrx_word' id='word_1_220' title='bbox 1044 1885 1159 1924; x_wconf 87' lang='lat' dir='ltr'>ornasse</span> <span class='ocrx_word' id='word_1_221' title='bbox 1168 1869 1282 1924; x_wconf 89' lang='lat' dir='ltr'>dicitur.</span> <span class='ocrx_word' id='word_1_222' title='bbox 1294 1868 1402 1923; x_wconf 91' lang='lat' dir='ltr'>Posteri</span> <span class='ocrx_word' id='word_1_223' title='bbox 1420 1873 1524 1934; x_wconf 90' lang='lat' dir='ltr'>autem,</span> <span class='ocrx_word' id='word_1_224' title='bbox 1538 1867 1678 1938; x_wconf 85' lang='lat' dir='ltr'>majorum</span> <span class='ocrx_word' id='word_1_225' title='bbox 1692 1878 1770 1928; x_wconf 75' lang='lat' dir='ltr'>ruem</span> 
     </span>
     <span class='ocr_line' id='line_1_19' title="bbox 126 1952 1773 2029; baseline -0.001 -22"><span class='ocrx_word' id='word_1_226' title='bbox 126 1952 606 2027; x_wconf 82' lang='lat' dir='ltr'>allatasuntpraestantiusquaems,</span> <span class='ocrx_word' id='word_1_227' title='bbox 620 1957 934 2028; x_wconf 86' lang='lat' dir='ltr'>quotuosmentiri,no-</span> <span class='ocrx_word' id='word_1_228' title='bbox 974 1962 1032 2013; x_wconf 89' lang='lat' dir='ltr'>tem</span> <span class='ocrx_word' id='word_1_229' title='bbox 1045 1958 1219 2029; x_wconf 83' lang='lat' dir='ltr'>ignorantes,</span> <span class='ocrx_word' id='word_1_230' title='bbox 1243 1973 1344 2029; x_wconf 89' lang='lat' dir='ltr'>nempe</span> <span class='ocrx_word' id='word_1_231' title='bbox 1367 1957 1443 2029; x_wconf 91' lang='lat' dir='ltr'>quod</span> <span class='ocrx_word' id='word_1_232' title='bbox 1465 1955 1608 2012; x_wconf 79' lang='lat' dir='ltr'>memoriae</span> <span class='ocrx_word' id='word_1_233' title='bbox 1635 1954 1773 2009; x_wconf 85' lang='lat' dir='ltr'>duntaxat</span> 
     </span>
     <span class='ocr_line' id='line_1_20' title="bbox 126 2042 1772 2120; baseline 0.001 -26"><span class='ocrx_word' id='word_1_234' title='bbox 126 2047 205 2096; x_wconf 82' lang='lat' dir='ltr'>stros</span> <span class='ocrx_word' id='word_1_235' title='bbox 219 2058 284 2097; x_wconf 81' lang='lat' dir='ltr'>rere</span> <span class='ocrx_word' id='word_1_236' title='bbox 299 2042 375 2115; x_wconf 92' lang='lat' dir='ltr'>loqui</span> <span class='ocrx_word' id='word_1_237' title='bbox 388 2043 504 2116; x_wconf 87' lang='lat' dir='ltr'>probem</span> <span class='ocrx_word' id='word_1_238' title='bbox 514 2044 606 2100; x_wconf 88' lang='lat' dir='ltr'>lNam</span> <span class='ocrx_word' id='word_1_239' title='bbox 621 2045 675 2100; x_wconf 90' lang='lat' dir='ltr'>uisi</span> <span class='ocrx_word' id='word_1_240' title='bbox 689 2052 738 2102; x_wconf 89' lang='lat' dir='ltr'>tua</span> <span class='ocrx_word' id='word_1_241' title='bbox 748 2045 842 2101; x_wconf 84' lang='lat' dir='ltr'>omnia</span> <span class='ocrx_word' id='word_1_242' title='bbox 851 2063 933 2118; x_wconf 78' lang='lat' dir='ltr'>nugae</span> <span class='ocrx_word' id='word_1_243' title='bbox 974 2064 1062 2103; x_wconf 84' lang='lat' dir='ltr'>oausa-</span> <span class='ocrx_word' id='word_1_244' title='bbox 1072 2048 1108 2104; x_wconf 91' lang='lat' dir='ltr'>iis</span> <span class='ocrx_word' id='word_1_245' title='bbox 1127 2048 1175 2120; x_wconf 92' lang='lat' dir='ltr'>qui</span> <span class='ocrx_word' id='word_1_246' title='bbox 1189 2047 1272 2103; x_wconf 90' lang='lat' dir='ltr'>laude</span> <span class='ocrx_word' id='word_1_247' title='bbox 1284 2047 1401 2118; x_wconf 89' lang='lat' dir='ltr'>dignum</span> <span class='ocrx_word' id='word_1_248' title='bbox 1415 2045 1522 2118; x_wconf 87' lang='lat' dir='ltr'>aliquid</span> <span class='ocrx_word' id='word_1_249' title='bbox 1537 2043 1695 2100; x_wconf 81' lang='lat' dir='ltr'>effecissent</span> <span class='ocrx_word' id='word_1_250' title='bbox 1712 2048 1772 2096; x_wconf 81' lang='lat' dir='ltr'>sta-</span> 
     </span>
     <span class='ocr_line' id='line_1_21' title="bbox 129 2129 1772 2205; baseline 0 -21"><span class='ocrx_word' id='word_1_251' title='bbox 129 2146 163 2184; x_wconf 87' lang='lat' dir='ltr'>ec</span> <span class='ocrx_word' id='word_1_252' title='bbox 177 2131 315 2202; x_wconf 81' lang='lat' dir='ltr'>figmenta</span> <span class='ocrx_word' id='word_1_253' title='bbox 329 2138 432 2200; x_wconf 88' lang='lat' dir='ltr'>essent,</span> <span class='ocrx_word' id='word_1_254' title='bbox 449 2133 643 2205; x_wconf 88' lang='lat' dir='ltr'>prolectocum</span> <span class='ocrx_word' id='word_1_255' title='bbox 658 2135 745 2190; x_wconf 87' lang='lat' dir='ltr'>tantis</span> <span class='ocrx_word' id='word_1_256' title='bbox 755 2135 886 2190; x_wconf 87' lang='lat' dir='ltr'>humanis</span> <span class='ocrx_word' id='word_1_257' title='bbox 895 2135 934 2189; x_wconf 87' lang='lat' dir='ltr'>vi·</span> <span class='ocrx_word' id='word_1_258' title='bbox 973 2140 1037 2193; x_wconf 85' lang='lat' dir='ltr'>tuas</span> <span class='ocrx_word' id='word_1_259' title='bbox 1052 2143 1080 2192; x_wconf 89' lang='lat' dir='ltr'>et</span> <span class='ocrx_word' id='word_1_260' title='bbox 1093 2136 1239 2194; x_wconf 84' lang='lat' dir='ltr'>columnas</span> <span class='ocrx_word' id='word_1_261' title='bbox 1248 2136 1410 2201; x_wconf 88' lang='lat' dir='ltr'>erexissent,</span> <span class='ocrx_word' id='word_1_262' title='bbox 1426 2133 1560 2190; x_wconf 70' lang='lat' dir='ltr'>demersis</span> <span class='ocrx_word' id='word_1_263' title='bbox 1573 2132 1633 2188; x_wconf 77' lang='lat' dir='ltr'>vitii</span> <span class='ocrx_word' id='word_1_264' title='bbox 1648 2129 1772 2188; x_wconf 88' lang='lat' dir='ltr'>auctoris</span> 
     </span>
     <span class='ocr_line' id='line_1_22' title="bbox 128 2219 1771 2298; baseline 0.001 -25"><span class='ocrx_word' id='word_1_265' title='bbox 128 2219 211 2274; x_wconf 81' lang='lat' dir='ltr'>rubus</span> <span class='ocrx_word' id='word_1_266' title='bbox 228 2220 365 2289; x_wconf 87' lang='lat' dir='ltr'>nituntur,</span> <span class='ocrx_word' id='word_1_267' title='bbox 382 2222 499 2277; x_wconf 88' lang='lat' dir='ltr'>minime</span> <span class='ocrx_word' id='word_1_268' title='bbox 508 2223 743 2279; x_wconf 89' lang='lat' dir='ltr'>imminuerentur</span> <span class='ocrx_word' id='word_1_269' title='bbox 756 2241 789 2278; x_wconf 92' lang='lat' dir='ltr'>ac</span> <span class='ocrx_word' id='word_1_270' title='bbox 803 2224 933 2279; x_wconf 90' lang='lat' dir='ltr'>debilita-</span> <span class='ocrx_word' id='word_1_271' title='bbox 974 2241 1059 2297; x_wconf 90' lang='lat' dir='ltr'>opera</span> <span class='ocrx_word' id='word_1_272' title='bbox 1068 2225 1205 2298; x_wconf 87' lang='lat' dir='ltr'>paulatim</span> <span class='ocrx_word' id='word_1_273' title='bbox 1221 2224 1393 2289; x_wconf 84' lang='lat' dir='ltr'>aberrantes,</span> <span class='ocrx_word' id='word_1_274' title='bbox 1410 2224 1537 2279; x_wconf 89' lang='lat' dir='ltr'>homines</span> <span class='ocrx_word' id='word_1_275' title='bbox 1551 2223 1651 2277; x_wconf 90' lang='lat' dir='ltr'>iisdem</span> <span class='ocrx_word' id='word_1_276' title='bbox 1665 2220 1771 2292; x_wconf 90' lang='lat' dir='ltr'>passio·</span> 
     </span>
     <span class='ocr_line' id='line_1_23' title="bbox 131 2310 1770 2386; baseline 0.001 -23"><span class='ocrx_word' id='word_1_277' title='bbox 131 2315 242 2364; x_wconf 88' lang='lat' dir='ltr'>rentur.</span> <span class='ocrx_word' id='word_1_278' title='bbox 253 2310 316 2365; x_wconf 83' lang='lat' dir='ltr'>Vidi</span> <span class='ocrx_word' id='word_1_279' title='bbox 325 2311 411 2379; x_wconf 89' lang='lat' dir='ltr'>enim,</span> <span class='ocrx_word' id='word_1_280' title='bbox 427 2311 519 2383; x_wconf 89' lang='lat' dir='ltr'>inquit</span> <span class='ocrx_word' id='word_1_281' title='bbox 528 2311 585 2378; x_wconf 91' lang='lat' dir='ltr'>ille,</span> <span class='ocrx_word' id='word_1_282' title='bbox 596 2312 714 2385; x_wconf 89' lang='lat' dir='ltr'>impium</span> <span class='ocrx_word' id='word_1_283' title='bbox 721 2313 932 2385; x_wconf 82' lang='lat' dir='ltr'>superexaltum</span> <span class='ocrx_word' id='word_1_284' title='bbox 973 2313 1056 2370; x_wconf 88' lang='lat' dir='ltr'>uibus</span> <span class='ocrx_word' id='word_1_285' title='bbox 1071 2314 1250 2370; x_wconf 81' lang='lat' dir='ltr'>obnoxiosae</span> <span class='ocrx_word' id='word_1_286' title='bbox 1264 2313 1438 2386; x_wconf 87' lang='lat' dir='ltr'>corruptioni</span> <span class='ocrx_word' id='word_1_287' title='bbox 1459 2312 1611 2383; x_wconf 78' lang='lat' dir='ltr'>subjectos,</span> <span class='ocrx_word' id='word_1_288' title='bbox 1634 2316 1770 2381; x_wconf 86' lang='lat' dir='ltr'>tanquam</span> 
     </span>
     <span class='ocr_line' id='line_1_24' title="bbox 131 2399 1771 2473; baseline 0 -21"><span class='ocrx_word' id='word_1_289' title='bbox 131 2403 162 2453; x_wconf 90' lang='lat' dir='ltr'>et</span> <span class='ocrx_word' id='word_1_290' title='bbox 175 2399 316 2453; x_wconf 80' lang='lat' dir='ltr'>elevatum</span> <span class='ocrx_word' id='word_1_291' title='bbox 324 2400 502 2456; x_wconf 82' lang='lat' dir='ltr'>sicutcedros</span> <span class='ocrx_word' id='word_1_292' title='bbox 510 2401 626 2456; x_wconf 88' lang='lat' dir='ltr'>Libani:</span> <span class='ocrx_word' id='word_1_293' title='bbox 640 2407 669 2456; x_wconf 90' lang='lat' dir='ltr'>et</span> <span class='ocrx_word' id='word_1_294' title='bbox 688 2402 813 2466; x_wconf 83' lang='lat' dir='ltr'>transivi,</span> <span class='ocrx_word' id='word_1_295' title='bbox 827 2408 857 2458; x_wconf 89' lang='lat' dir='ltr'>et</span> <span class='ocrx_word' id='word_1_296' title='bbox 870 2417 933 2458; x_wconf 90' lang='lat' dir='ltr'>ecce</span> <span class='ocrx_word' id='word_1_297' title='bbox 972 2403 1147 2460; x_wconf 86' lang='lat' dir='ltr'>immortales</span> <span class='ocrx_word' id='word_1_298' title='bbox 1164 2405 1231 2461; x_wconf 86' lang='lat' dir='ltr'>deos</span> <span class='ocrx_word' id='word_1_299' title='bbox 1245 2404 1409 2468; x_wconf 89' lang='lat' dir='ltr'>adorarunt,</span> <span class='ocrx_word' id='word_1_300' title='bbox 1431 2402 1624 2473; x_wconf 83' lang='lat' dir='ltr'>sacrificiaque</span> <span class='ocrx_word' id='word_1_301' title='bbox 1649 2399 1720 2472; x_wconf 91' lang='lat' dir='ltr'>ipsis</span> <span class='ocrx_word' id='word_1_302' title='bbox 1738 2414 1771 2453; x_wconf 88' lang='lat' dir='ltr'>ao</span> 
     </span>
     <span class='ocr_line' id='line_1_25' title="bbox 133 2488 1770 2564; baseline 0.002 -22"><span class='ocrx_word' id='word_1_303' title='bbox 133 2504 190 2543; x_wconf 90' lang='lat' dir='ltr'>non</span> <span class='ocrx_word' id='word_1_304' title='bbox 205 2494 286 2555; x_wconf 86' lang='lat' dir='ltr'>erat;</span> <span class='ocrx_word' id='word_1_305' title='bbox 304 2489 503 2560; x_wconf 81' lang='lat' dir='ltr'>quoesirieum,</span> <span class='ocrx_word' id='word_1_306' title='bbox 524 2495 553 2545; x_wconf 88' lang='lat' dir='ltr'>et</span> <span class='ocrx_word' id='word_1_307' title='bbox 567 2506 623 2545; x_wconf 92' lang='lat' dir='ltr'>non</span> <span class='ocrx_word' id='word_1_308' title='bbox 637 2496 679 2546; x_wconf 90' lang='lat' dir='ltr'>est</span> <span class='ocrx_word' id='word_1_309' title='bbox 702 2491 834 2546; x_wconf 85' lang='lat' dir='ltr'>inventus</span> <span class='ocrx_word' id='word_1_310' title='bbox 855 2491 933 2547; x_wconf 86' lang='lat' dir='ltr'>locus</span> <span class='ocrx_word' id='word_1_311' title='bbox 974 2492 1108 2548; x_wconf 88' lang='lat' dir='ltr'>libamina</span> <span class='ocrx_word' id='word_1_312' title='bbox 1137 2493 1352 2564; x_wconf 83' lang='lat' dir='ltr'>excogitarunt:</span> <span class='ocrx_word' id='word_1_313' title='bbox 1383 2490 1556 2547; x_wconf 73' lang='lat' dir='ltr'>demonibus</span> <span class='ocrx_word' id='word_1_314' title='bbox 1584 2489 1712 2544; x_wconf 86' lang='lat' dir='ltr'>videlicet</span> <span class='ocrx_word' id='word_1_315' title='bbox 1740 2488 1770 2547; x_wconf 88' lang='lat' dir='ltr'>in</span> 
     </span>
     <span class='ocr_line' id='line_1_26' title="bbox 133 2578 1771 2653; baseline 0.002 -22"><span class='ocrx_word' id='word_1_316' title='bbox 133 2579 196 2648; x_wconf 86' lang='lat' dir='ltr'>ejus</span> <span class='ocrx_word' id='word_1_317' title='bbox 207 2580 402 2645; x_wconf 59' lang='lat' dir='ltr'>(Paulatim).</span> <span class='ocrx_word' id='word_1_318' title='bbox 413 2578 610 2652; x_wconf 86' lang='lat' dir='ltr'>Devobis,qui</span> <span class='ocrx_word' id='word_1_319' title='bbox 623 2580 716 2634; x_wconf 90' lang='lat' dir='ltr'>insani</span> <span class='ocrx_word' id='word_1_320' title='bbox 725 2580 863 2636; x_wconf 90' lang='lat' dir='ltr'>idolorum</span> <span class='ocrx_word' id='word_1_321' title='bbox 874 2581 934 2636; x_wconf 93' lang='lat' dir='ltr'>cul·</span> <span class='ocrx_word' id='word_1_322' title='bbox 975 2582 1078 2637; x_wconf 82' lang='lat' dir='ltr'>statuis</span> <span class='ocrx_word' id='word_1_323' title='bbox 1090 2581 1293 2646; x_wconf 85' lang='lat' dir='ltr'>habitantibus,</span> <span class='ocrx_word' id='word_1_324' title='bbox 1309 2579 1566 2653; x_wconf 75' lang='lat' dir='ltr'>atquehnjusmodi</span> <span class='ocrx_word' id='word_1_325' title='bbox 1588 2580 1724 2634; x_wconf 89' lang='lat' dir='ltr'>honorem</span> <span class='ocrx_word' id='word_1_326' title='bbox 1742 2581 1771 2634; x_wconf 78' lang='lat' dir='ltr'>et</span> 
     </span>
     <span class='ocr_line' id='line_1_27' title="bbox 134 2666 1771 2744; baseline 0.002 -23"><span class='ocrx_word' id='word_1_327' title='bbox 134 2672 180 2721; x_wconf 85' lang='lat' dir='ltr'>tus</span> <span class='ocrx_word' id='word_1_328' title='bbox 192 2672 417 2738; x_wconf 87' lang='lat' dir='ltr'>propugnatores</span> <span class='ocrx_word' id='word_1_329' title='bbox 439 2667 514 2727; x_wconf 81' lang='lat' dir='ltr'>estis.</span> <span class='ocrx_word' id='word_1_330' title='bbox 530 2668 589 2724; x_wconf 78' lang='lat' dir='ltr'>haec</span> <span class='ocrx_word' id='word_1_331' title='bbox 604 2669 674 2724; x_wconf 89' lang='lat' dir='ltr'>dixit</span> <span class='ocrx_word' id='word_1_332' title='bbox 691 2670 850 2741; x_wconf 85' lang='lat' dir='ltr'>Propheta:</span> <span class='ocrx_word' id='word_1_333' title='bbox 871 2670 934 2725; x_wconf 87' lang='lat' dir='ltr'>Jam</span> <span class='ocrx_word' id='word_1_334' title='bbox 975 2671 1112 2737; x_wconf 80' lang='lat' dir='ltr'>sacrificia</span> <span class='ocrx_word' id='word_1_335' title='bbox 1122 2672 1158 2727; x_wconf 88' lang='lat' dir='ltr'>ad</span> <span class='ocrx_word' id='word_1_336' title='bbox 1167 2689 1227 2729; x_wconf 88' lang='lat' dir='ltr'>sese</span> <span class='ocrx_word' id='word_1_337' title='bbox 1241 2670 1478 2744; x_wconf 80' lang='lat' dir='ltr'>peruahentibus.</span> <span class='ocrx_word' id='word_1_338' title='bbox 1490 2670 1534 2727; x_wconf 92' lang='lat' dir='ltr'>llli</span> <span class='ocrx_word' id='word_1_339' title='bbox 1541 2670 1636 2741; x_wconf 87' lang='lat' dir='ltr'>itaque</span> <span class='ocrx_word' id='word_1_340' title='bbox 1655 2683 1702 2722; x_wconf 87' lang='lat' dir='ltr'>eos</span> <span class='ocrx_word' id='word_1_341' title='bbox 1722 2666 1771 2739; x_wconf 88' lang='lat' dir='ltr'>qui</span> 
     </span>
     <span class='ocr_line' id='line_1_28' title="bbox 132 2744 1770 2830; baseline -0.001 -20"><span class='ocrx_word' id='word_1_342' title='bbox 132 2756 251 2826; x_wconf 80' lang='lat' dir='ltr'>jamque</span> <span class='ocrx_word' id='word_1_343' title='bbox 265 2756 349 2824; x_wconf 90' lang='lat' dir='ltr'>enim,</span> <span class='ocrx_word' id='word_1_344' title='bbox 370 2761 399 2811; x_wconf 91' lang='lat' dir='ltr'>et</span> <span class='ocrx_word' id='word_1_345' title='bbox 412 2772 469 2813; x_wconf 90' lang='lat' dir='ltr'>nou</span> <span class='ocrx_word' id='word_1_346' title='bbox 482 2756 642 2813; x_wconf 88' lang='lat' dir='ltr'>invenietur</span> <span class='ocrx_word' id='word_1_347' title='bbox 662 2744 750 2830; x_wconf 86' lang='lat' dir='ltr'>ipsius</span> <span class='ocrx_word' id='word_1_348' title='bbox 767 2759 862 2824; x_wconf 87' lang='lat' dir='ltr'>locus;</span> <span class='ocrx_word' id='word_1_349' title='bbox 885 2759 932 2813; x_wconf 86' lang='lat' dir='ltr'>sed</span> <span class='ocrx_word' id='word_1_350' title='bbox 974 2760 1065 2816; x_wconf 88' lang='lat' dir='ltr'>Deum</span> <span class='ocrx_word' id='word_1_351' title='bbox 1079 2762 1108 2816; x_wconf 92' lang='lat' dir='ltr'>in</span> <span class='ocrx_word' id='word_1_352' title='bbox 1124 2762 1225 2818; x_wconf 91' lang='lat' dir='ltr'>notitia</span> <span class='ocrx_word' id='word_1_353' title='bbox 1238 2760 1342 2816; x_wconf 89' lang='lat' dir='ltr'>habere</span> <span class='ocrx_word' id='word_1_354' title='bbox 1357 2760 1474 2816; x_wconf 90' lang='lat' dir='ltr'>minime</span> <span class='ocrx_word' id='word_1_355' title='bbox 1491 2758 1614 2830; x_wconf 89' lang='lat' dir='ltr'>probant</span> <span class='ocrx_word' id='word_1_356' title='bbox 1633 2759 1721 2826; x_wconf 80' lang='lat' dir='ltr'>(Rom.</span> <span class='ocrx_word' id='word_1_357' title='bbox 1737 2759 1770 2823; x_wconf 89' lang='lat'>1),</span> 
     </span>
     <span class='ocr_line' id='line_1_29' title="bbox 135 2843 1771 2922; baseline 0.001 -22"><span class='ocrx_word' id='word_1_358' title='bbox 135 2843 313 2900; x_wconf 84' lang='lat' dir='ltr'>sicutdeficit</span> <span class='ocrx_word' id='word_1_359' title='bbox 326 2844 430 2912; x_wconf 81' lang='lat' dir='ltr'>fumus,</span> <span class='ocrx_word' id='word_1_360' title='bbox 445 2846 564 2912; x_wconf 83' lang='lat' dir='ltr'>deliciet,</span> <span class='ocrx_word' id='word_1_361' title='bbox 579 2846 854 2919; x_wconf 88' lang='lat' dir='ltr'>etquemadmodum</span> <span class='ocrx_word' id='word_1_362' title='bbox 868 2847 935 2904; x_wconf 86' lang='lat' dir='ltr'>deii·</span> <span class='ocrx_word' id='word_1_363' title='bbox 974 2850 1079 2922; x_wconf 88' lang='lat' dir='ltr'>duplici</span> <span class='ocrx_word' id='word_1_364' title='bbox 1093 2850 1129 2906; x_wconf 91' lang='lat' dir='ltr'>de</span> <span class='ocrx_word' id='word_1_365' title='bbox 1152 2867 1238 2906; x_wconf 85' lang='lat' dir='ltr'>causa</span> <span class='ocrx_word' id='word_1_366' title='bbox 1259 2855 1292 2907; x_wconf 89' lang='lat' dir='ltr'>ut</span> <span class='ocrx_word' id='word_1_367' title='bbox 1314 2867 1344 2905; x_wconf 89' lang='lat' dir='ltr'>se</span> <span class='ocrx_word' id='word_1_368' title='bbox 1364 2850 1434 2904; x_wconf 86' lang='lat' dir='ltr'>deos</span> <span class='ocrx_word' id='word_1_369' title='bbox 1450 2865 1513 2904; x_wconf 86' lang='lat' dir='ltr'>asse</span> <span class='ocrx_word' id='word_1_370' title='bbox 1539 2847 1699 2903; x_wconf 87' lang='lat' dir='ltr'>existiment</span> <span class='ocrx_word' id='word_1_371' title='bbox 1720 2845 1771 2901; x_wconf 83' lang='lat' dir='ltr'>ad·</span> 
     </span>
     <span class='ocr_line' id='line_1_30' title="bbox 111 2923 1770 3011; baseline 0 -23"><span class='ocrx_word' id='word_1_372' title='bbox 111 2923 174 2990; x_wconf 65' lang='lat' dir='ltr'>&#39;cit</span> <span class='ocrx_word' id='word_1_373' title='bbox 187 2950 254 2989; x_wconf 87' lang='lat' dir='ltr'>cera</span> <span class='ocrx_word' id='word_1_374' title='bbox 268 2935 366 2990; x_wconf 85' lang='lat' dir='ltr'>asaeie</span> <span class='ocrx_word' id='word_1_375' title='bbox 378 2935 461 3007; x_wconf 90' lang='lat' dir='ltr'>ignis,</span> <span class='ocrx_word' id='word_1_376' title='bbox 478 2936 518 2990; x_wconf 92' lang='lat' dir='ltr'>sic</span> <span class='ocrx_word' id='word_1_377' title='bbox 528 2935 655 3007; x_wconf 87' lang='lat' dir='ltr'>peribitis</span> <span class='ocrx_word' id='word_1_378' title='bbox 666 2939 746 3007; x_wconf 72' lang='lat' dir='ltr'>(Prot.</span> <span class='ocrx_word' id='word_1_379' title='bbox 760 2940 853 3005; x_wconf 79' lang='lat' dir='ltr'>nxvtxl.</span> <span class='ocrx_word' id='word_1_380' title='bbox 975 2939 1099 2995; x_wconf 90' lang='lat' dir='ltr'>ducunt:</span> <span class='ocrx_word' id='word_1_381' title='bbox 1118 2940 1218 3008; x_wconf 85' lang='lat' dir='ltr'>altera,</span> <span class='ocrx_word' id='word_1_382' title='bbox 1239 2945 1273 2996; x_wconf 92' lang='lat' dir='ltr'>ut</span> <span class='ocrx_word' id='word_1_383' title='bbox 1293 2937 1348 3011; x_wconf 93' lang='lat' dir='ltr'>ipsi</span> <span class='ocrx_word' id='word_1_384' title='bbox 1372 2939 1425 2993; x_wconf 91' lang='lat' dir='ltr'>hoo</span> <span class='ocrx_word' id='word_1_385' title='bbox 1447 2937 1561 2994; x_wconf 88' lang='lat' dir='ltr'>uomina</span> <span class='ocrx_word' id='word_1_386' title='bbox 1584 2935 1770 3000; x_wconf 85' lang='lat' dir='ltr'>celebrentur,</span> 
     </span>
     <span class='ocr_line' id='line_1_31' title="bbox 171 3018 1771 3102; baseline 0.001 -24"><span class='ocrx_word' id='word_1_387' title='bbox 171 3025 279 3079; x_wconf 80' lang='lat' dir='ltr'>Contra</span> <span class='ocrx_word' id='word_1_388' title='bbox 293 3025 327 3079; x_wconf 88' lang='lat' dir='ltr'>de</span> <span class='ocrx_word' id='word_1_389' title='bbox 347 3025 513 3096; x_wconf 74' lang='lat' dir='ltr'>Euangeliou</span> <span class='ocrx_word' id='word_1_390' title='bbox 533 3026 583 3080; x_wconf 88' lang='lat' dir='ltr'>Dei</span> <span class='ocrx_word' id='word_1_391' title='bbox 604 3026 763 3096; x_wconf 83' lang='lat' dir='ltr'>cognitione</span> <span class='ocrx_word' id='word_1_392' title='bbox 785 3025 855 3081; x_wconf 82' lang='lat' dir='ltr'>dixit</span> <span class='ocrx_word' id='word_1_393' title='bbox 877 3026 933 3082; x_wconf 86' lang='lat' dir='ltr'>Do·</span> <span class='ocrx_word' id='word_1_394' title='bbox 974 3030 1101 3102; x_wconf 87' lang='lat' dir='ltr'>gaudent</span> <span class='ocrx_word' id='word_1_395' title='bbox 1109 3030 1184 3085; x_wconf 91' lang='lat' dir='ltr'>enim</span> <span class='ocrx_word' id='word_1_396' title='bbox 1193 3029 1256 3102; x_wconf 90' lang='lat' dir='ltr'>ipsi,</span> <span class='ocrx_word' id='word_1_397' title='bbox 1266 3027 1441 3100; x_wconf 84' lang='lat' dir='ltr'>utpotafastu</span> <span class='ocrx_word' id='word_1_398' title='bbox 1451 3032 1536 3098; x_wconf 89' lang='lat' dir='ltr'>atque</span> <span class='ocrx_word' id='word_1_399' title='bbox 1544 3018 1771 3096; x_wconf 81' lang='lat' dir='ltr'>arrogantiaple·</span> 
     </span>
     <span class='ocr_line' id='line_1_32' title="bbox 136 3112 1770 3191; baseline 0.001 -25"><span class='ocrx_word' id='word_1_400' title='bbox 136 3112 244 3168; x_wconf 86' lang='lat' dir='ltr'>minus:</span> <span class='ocrx_word' id='word_1_401' title='bbox 255 3113 480 3169; x_wconf 81' lang='lat' dir='ltr'>Goelumetterra</span> <span class='ocrx_word' id='word_1_402' title='bbox 489 3114 659 3181; x_wconf 84' lang='lat' dir='ltr'>transibunt,</span> <span class='ocrx_word' id='word_1_403' title='bbox 672 3115 756 3171; x_wconf 86' lang='lat' dir='ltr'>verba</span> <span class='ocrx_word' id='word_1_404' title='bbox 765 3121 860 3171; x_wconf 89' lang='lat' dir='ltr'>autem</span> <span class='ocrx_word' id='word_1_405' title='bbox 869 3127 965 3189; x_wconf 78' lang='lat' dir='ltr'>meac</span> <span class='ocrx_word' id='word_1_406' title='bbox 976 3119 1015 3186; x_wconf 89' lang='lat' dir='ltr'>ni,</span> <span class='ocrx_word' id='word_1_407' title='bbox 1027 3136 1091 3174; x_wconf 89' lang='lat' dir='ltr'>cum</span> <span class='ocrx_word' id='word_1_408' title='bbox 1106 3119 1176 3191; x_wconf 89' lang='lat' dir='ltr'>ipsis</span> <span class='ocrx_word' id='word_1_409' title='bbox 1188 3124 1323 3190; x_wconf 87' lang='lat' dir='ltr'>tanquam</span> <span class='ocrx_word' id='word_1_410' title='bbox 1339 3116 1393 3171; x_wconf 86' lang='lat' dir='ltr'>diis</span> <span class='ocrx_word' id='word_1_411' title='bbox 1405 3116 1495 3171; x_wconf 90' lang='lat' dir='ltr'>honor</span> <span class='ocrx_word' id='word_1_412' title='bbox 1509 3113 1643 3170; x_wconf 89' lang='lat' dir='ltr'>tribuitur</span> <span class='ocrx_word' id='word_1_413' title='bbox 1654 3131 1661 3181; x_wconf 88' lang='lat'>;</span> <span class='ocrx_word' id='word_1_414' title='bbox 1671 3113 1770 3179; x_wconf 83' lang='lat' dir='ltr'>altera,</span> 
     </span>
     <span class='ocr_line' id='line_1_33' title="bbox 136 3202 1772 3279; baseline 0.001 -23"><span class='ocrx_word' id='word_1_415' title='bbox 136 3218 192 3257; x_wconf 88' lang='lat' dir='ltr'>non</span> <span class='ocrx_word' id='word_1_416' title='bbox 203 3202 367 3257; x_wconf 86' lang='lat' dir='ltr'>transibunt</span> <span class='ocrx_word' id='word_1_417' title='bbox 377 3205 463 3269; x_wconf 80' lang='lat' dir='ltr'>(luca</span> <span class='ocrx_word' id='word_1_418' title='bbox 476 3206 543 3272; x_wconf 79' lang='lat' dir='ltr'>ron).</span> <span class='ocrx_word' id='word_1_419' title='bbox 555 3205 596 3259; x_wconf 81' lang='lat' dir='ltr'>Ao</span> <span class='ocrx_word' id='word_1_420' title='bbox 609 3221 721 3260; x_wconf 88' lang='lat' dir='ltr'>rursum</span> <span class='ocrx_word' id='word_1_421' title='bbox 737 3206 878 3278; x_wconf 85' lang='lat' dir='ltr'>Propheta</span> <span class='ocrx_word' id='word_1_422' title='bbox 890 3205 934 3260; x_wconf 83' lang='lat' dir='ltr'>his</span> <span class='ocrx_word' id='word_1_423' title='bbox 976 3213 1063 3276; x_wconf 62' lang='grc' dir='ltr'>θη</span> <span class='ocrx_word' id='word_1_424' title='bbox 1083 3213 1117 3263; x_wconf 90' lang='lat' dir='ltr'>ut</span> <span class='ocrx_word' id='word_1_425' title='bbox 1130 3225 1178 3264; x_wconf 85' lang='lat' dir='ltr'>eos</span> <span class='ocrx_word' id='word_1_426' title='bbox 1192 3224 1262 3279; x_wconf 90' lang='lat' dir='ltr'>quos</span> <span class='ocrx_word' id='word_1_427' title='bbox 1273 3207 1303 3261; x_wconf 93' lang='lat' dir='ltr'>in</span> <span class='ocrx_word' id='word_1_428' title='bbox 1317 3205 1445 3261; x_wconf 78' lang='lat' dir='ltr'>fraudem</span> <span class='ocrx_word' id='word_1_429' title='bbox 1455 3202 1657 3260; x_wconf 84' lang='lat' dir='ltr'>induxerintad</span> <span class='ocrx_word' id='word_1_430' title='bbox 1667 3218 1772 3275; x_wconf 80' lang='lat' dir='ltr'>preopa-</span> 
     </span>
     <span class='ocr_line' id='line_1_34' title="bbox 137 3290 1772 3368; baseline 0.004 -25"><span class='ocrx_word' id='word_1_431' title='bbox 137 3290 231 3346; x_wconf 81' lang='lat' dir='ltr'>rerbis</span> <span class='ocrx_word' id='word_1_432' title='bbox 245 3292 349 3346; x_wconf 88' lang='lat' dir='ltr'>utitur:</span> <span class='ocrx_word' id='word_1_433' title='bbox 366 3293 399 3347; x_wconf 90' lang='lat' dir='ltr'>ln</span> <span class='ocrx_word' id='word_1_434' title='bbox 409 3292 547 3365; x_wconf 85' lang='lat' dir='ltr'>principio</span> <span class='ocrx_word' id='word_1_435' title='bbox 557 3297 599 3360; x_wconf 92' lang='lat' dir='ltr'>tu,</span> <span class='ocrx_word' id='word_1_436' title='bbox 612 3293 740 3361; x_wconf 87' lang='lat' dir='ltr'>Domine,</span> <span class='ocrx_word' id='word_1_437' title='bbox 756 3299 863 3350; x_wconf 87' lang='lat' dir='ltr'>terram</span> <span class='ocrx_word' id='word_1_438' title='bbox 870 3293 935 3349; x_wconf 85' lang='lat' dir='ltr'>iun·</span> <span class='ocrx_word' id='word_1_439' title='bbox 975 3303 1069 3353; x_wconf 90' lang='lat' dir='ltr'>ratum</span> <span class='ocrx_word' id='word_1_440' title='bbox 1083 3297 1135 3352; x_wconf 93' lang='lat' dir='ltr'>sibi</span> <span class='ocrx_word' id='word_1_441' title='bbox 1150 3294 1455 3368; x_wconf 88' lang='lat' dir='ltr'>sempiternumignem</span> <span class='ocrx_word' id='word_1_442' title='bbox 1470 3293 1593 3350; x_wconf 77' lang='lat' dir='ltr'>bahent.</span> <span class='ocrx_word' id='word_1_443' title='bbox 1610 3292 1705 3364; x_wconf 85' lang='lat' dir='ltr'>quue</span> <span class='ocrx_word' id='word_1_444' title='bbox 1719 3307 1772 3349; x_wconf 87' lang='lat' dir='ltr'>no·</span> 
     </span>
     <span class='ocr_line' id='line_1_35' title="bbox 137 3379 1773 3457; baseline 0.003 -23"><span class='ocrx_word' id='word_1_445' title='bbox 137 3379 221 3448; x_wconf 79' lang='lat' dir='ltr'>desti,</span> <span class='ocrx_word' id='word_1_446' title='bbox 238 3386 626 3452; x_wconf 86' lang='lat' dir='ltr'>etopcramanuumtuarum</span> <span class='ocrx_word' id='word_1_447' title='bbox 639 3384 785 3439; x_wconf 75' lang='lat' dir='ltr'>suntoculi.</span> <span class='ocrx_word' id='word_1_448' title='bbox 797 3384 854 3455; x_wconf 86' lang='lat' dir='ltr'>Ipsi</span> <span class='ocrx_word' id='word_1_449' title='bbox 864 3382 936 3455; x_wconf 90' lang='lat' dir='ltr'>peri·</span> <span class='ocrx_word' id='word_1_450' title='bbox 976 3387 1051 3443; x_wconf 90' lang='lat' dir='ltr'>mine</span> <span class='ocrx_word' id='word_1_451' title='bbox 1067 3386 1143 3441; x_wconf 90' lang='lat' dir='ltr'>omni</span> <span class='ocrx_word' id='word_1_452' title='bbox 1152 3386 1252 3457; x_wconf 80' lang='lat' dir='ltr'>flagitii</span> <span class='ocrx_word' id='word_1_453' title='bbox 1264 3384 1488 3456; x_wconf 90' lang='lat' dir='ltr'>acturpitudiuis</span> <span class='ocrx_word' id='word_1_454' title='bbox 1497 3398 1602 3454; x_wconf 88' lang='lat' dir='ltr'>genere</span> <span class='ocrx_word' id='word_1_455' title='bbox 1620 3382 1696 3454; x_wconf 80' lang='lat' dir='ltr'>ipsos</span> <span class='ocrx_word' id='word_1_456' title='bbox 1706 3397 1773 3439; x_wconf 87' lang='lat' dir='ltr'>eru·</span> 
     </span>
     <span class='ocr_line' id='line_1_36' title="bbox 137 3468 1773 3544; baseline 0.002 -20"><span class='ocrx_word' id='word_1_457' title='bbox 137 3468 218 3536; x_wconf 86' lang='lat' dir='ltr'>hunt,</span> <span class='ocrx_word' id='word_1_458' title='bbox 234 3477 267 3524; x_wconf 94' lang='lat' dir='ltr'>tu</span> <span class='ocrx_word' id='word_1_459' title='bbox 281 3476 376 3526; x_wconf 85' lang='lat' dir='ltr'>eutem</span> <span class='ocrx_word' id='word_1_460' title='bbox 385 3488 543 3544; x_wconf 88' lang='lat' dir='ltr'>permanes,</span> <span class='ocrx_word' id='word_1_461' title='bbox 561 3478 693 3528; x_wconf 89' lang='lat' dir='ltr'>etomnes</span> <span class='ocrx_word' id='word_1_462' title='bbox 703 3473 775 3528; x_wconf 90' lang='lat' dir='ltr'>sicut</span> <span class='ocrx_word' id='word_1_463' title='bbox 785 3473 935 3528; x_wconf 83' lang='lat' dir='ltr'>vestimen·</span> <span class='ocrx_word' id='word_1_464' title='bbox 976 3476 1098 3544; x_wconf 90' lang='lat' dir='ltr'>dierunt,</span> <span class='ocrx_word' id='word_1_465' title='bbox 1107 3475 1176 3530; x_wconf 86' lang='lat' dir='ltr'>adeo</span> <span class='ocrx_word' id='word_1_466' title='bbox 1187 3480 1321 3531; x_wconf 89' lang='lat' dir='ltr'>uteorum</span> <span class='ocrx_word' id='word_1_467' title='bbox 1331 3471 1773 3544; x_wconf 78' lang='lat' dir='ltr'>iraudiatqueimposturaesemel</span> 
     </span>
     <span class='ocr_line' id='line_1_37' title="bbox 138 3559 1773 3634; baseline 0.001 -19"><span class='ocrx_word' id='word_1_468' title='bbox 138 3565 198 3615; x_wconf 90' lang='lat' dir='ltr'>tum</span> <span class='ocrx_word' id='word_1_469' title='bbox 215 3565 397 3616; x_wconf 79' lang='lat' dir='ltr'>veterascent</span> <span class='ocrx_word' id='word_1_470' title='bbox 415 3562 451 3617; x_wconf 85' lang='lat' dir='ltr'>Et</span> <span class='ocrx_word' id='word_1_471' title='bbox 462 3561 535 3616; x_wconf 91' lang='lat' dir='ltr'>sicut</span> <span class='ocrx_word' id='word_1_472' title='bbox 548 3563 721 3634; x_wconf 88' lang='lat' dir='ltr'>opertorium</span> <span class='ocrx_word' id='word_1_473' title='bbox 741 3562 863 3617; x_wconf 89' lang='lat' dir='ltr'>mutabis</span> <span class='ocrx_word' id='word_1_474' title='bbox 877 3579 934 3630; x_wconf 87' lang='lat' dir='ltr'>cos,</span> <span class='ocrx_word' id='word_1_475' title='bbox 977 3565 1081 3621; x_wconf 86' lang='lat' dir='ltr'>addicti</span> <span class='ocrx_word' id='word_1_476' title='bbox 1093 3564 1231 3631; x_wconf 90' lang='lat' dir='ltr'>homines,</span> <span class='ocrx_word' id='word_1_477' title='bbox 1247 3563 1351 3620; x_wconf 91' lang='lat' dir='ltr'>mentis</span> <span class='ocrx_word' id='word_1_478' title='bbox 1364 3561 1487 3617; x_wconf 91' lang='lat' dir='ltr'>tenebris</span> <span class='ocrx_word' id='word_1_479' title='bbox 1501 3559 1672 3627; x_wconf 77' lang='lat' dir='ltr'>circumfusi,</span> <span class='ocrx_word' id='word_1_480' title='bbox 1687 3565 1773 3632; x_wconf 84' lang='lat' dir='ltr'>atquo</span> 
     </span>
     <span class='ocr_line' id='line_1_38' title="bbox 139 3646 1774 3724; baseline 0 -20"><span class='ocrx_word' id='word_1_481' title='bbox 139 3653 167 3704; x_wconf 86' lang='lat' dir='ltr'>et</span> <span class='ocrx_word' id='word_1_482' title='bbox 180 3649 388 3716; x_wconf 75' lang='lat' dir='ltr'>urutubuntur3</span> <span class='ocrx_word' id='word_1_483' title='bbox 403 3655 435 3704; x_wconf 93' lang='lat' dir='ltr'>tu</span> <span class='ocrx_word' id='word_1_484' title='bbox 447 3656 543 3706; x_wconf 87' lang='lat' dir='ltr'>autem</span> <span class='ocrx_word' id='word_1_485' title='bbox 557 3651 632 3706; x_wconf 92' lang='lat' dir='ltr'>idem</span> <span class='ocrx_word' id='word_1_486' title='bbox 646 3650 706 3723; x_wconf 87' lang='lat' dir='ltr'>ipse</span> <span class='ocrx_word' id='word_1_487' title='bbox 718 3668 757 3717; x_wconf 88' lang='lat' dir='ltr'>es,</span> <span class='ocrx_word' id='word_1_488' title='bbox 769 3656 799 3707; x_wconf 91' lang='lat' dir='ltr'>ct</span> <span class='ocrx_word' id='word_1_489' title='bbox 813 3652 880 3706; x_wconf 91' lang='lat' dir='ltr'>anni</span> <span class='ocrx_word' id='word_1_490' title='bbox 895 3651 936 3706; x_wconf 92' lang='lat' dir='ltr'>tui</span> <span class='ocrx_word' id='word_1_491' title='bbox 977 3655 1013 3710; x_wconf 90' lang='lat' dir='ltr'>ad</span> <span class='ocrx_word' id='word_1_492' title='bbox 1023 3653 1162 3710; x_wconf 87' lang='lat' dir='ltr'>malorum</span> <span class='ocrx_word' id='word_1_493' title='bbox 1177 3653 1360 3724; x_wconf 89' lang='lat' dir='ltr'>colophonem</span> <span class='ocrx_word' id='word_1_494' title='bbox 1374 3648 1705 3721; x_wconf 80' lang='lat' dir='ltr'>venientes,srriquisque</span> <span class='ocrx_word' id='word_1_495' title='bbox 1714 3646 1774 3704; x_wconf 79' lang='lat' dir='ltr'>vitii</span> 
     </span>
     <span class='ocr_line' id='line_1_39' title="bbox 140 3737 1776 3814; baseline 0.002 -22"><span class='ocrx_word' id='word_1_496' title='bbox 140 3754 195 3793; x_wconf 88' lang='lat' dir='ltr'>non</span> <span class='ocrx_word' id='word_1_497' title='bbox 210 3738 344 3793; x_wconf 80' lang='lat' dir='ltr'>deficient</span> <span class='ocrx_word' id='word_1_498' title='bbox 358 3742 440 3808; x_wconf 61' lang='lat' dir='ltr'>insat.</span> <span class='ocrx_word' id='word_1_499' title='bbox 457 3746 505 3809; x_wconf 85' lang='lat' dir='ltr'>cr).</span> <span class='ocrx_word' id='word_1_500' title='bbox 517 3741 557 3795; x_wconf 82' lang='lat' dir='ltr'>Ac</span> <span class='ocrx_word' id='word_1_501' title='bbox 575 3740 660 3795; x_wconf 88' lang='lat' dir='ltr'>divini</span> <span class='ocrx_word' id='word_1_502' title='bbox 676 3739 787 3812; x_wconf 90' lang='lat' dir='ltr'>quidem</span> <span class='ocrx_word' id='word_1_503' title='bbox 802 3741 938 3796; x_wconf 85' lang='lat' dir='ltr'>adrentus</span> <span class='ocrx_word' id='word_1_504' title='bbox 978 3759 1010 3799; x_wconf 93' lang='lat' dir='ltr'>ac</span> <span class='ocrx_word' id='word_1_505' title='bbox 1023 3760 1080 3799; x_wconf 77' lang='lat' dir='ltr'>sue</span> <span class='ocrx_word' id='word_1_506' title='bbox 1091 3742 1254 3814; x_wconf 82' lang='lat' dir='ltr'>cupiditatis</span> <span class='ocrx_word' id='word_1_507' title='bbox 1263 3746 1386 3797; x_wconf 88' lang='lat' dir='ltr'>statuam</span> <span class='ocrx_word' id='word_1_508' title='bbox 1397 3739 1517 3807; x_wconf 84' lang='lat' dir='ltr'>fixerint,</span> <span class='ocrx_word' id='word_1_509' title='bbox 1536 3738 1677 3810; x_wconf 84' lang='lat' dir='ltr'>deumque</span> <span class='ocrx_word' id='word_1_510' title='bbox 1687 3737 1776 3796; x_wconf 85' lang='lat' dir='ltr'>nomi·</span> 
     </span>
     <span class='ocr_line' id='line_1_40' title="bbox 141 3826 1776 3904; baseline 0.001 -21"><span class='ocrx_word' id='word_1_511' title='bbox 141 3827 245 3884; x_wconf 80' lang='lat' dir='ltr'>Christi</span> <span class='ocrx_word' id='word_1_512' title='bbox 258 3844 409 3900; x_wconf 75' lang='lat' dir='ltr'>precones,</span> <span class='ocrx_word' id='word_1_513' title='bbox 422 3834 451 3883; x_wconf 89' lang='lat' dir='ltr'>et</span> <span class='ocrx_word' id='word_1_514' title='bbox 462 3828 603 3900; x_wconf 89' lang='lat' dir='ltr'>sapientes</span> <span class='ocrx_word' id='word_1_515' title='bbox 612 3829 687 3884; x_wconf 91' lang='lat' dir='ltr'>orbis</span> <span class='ocrx_word' id='word_1_516' title='bbox 697 3834 838 3884; x_wconf 85' lang='lat' dir='ltr'>terrarum</span> <span class='ocrx_word' id='word_1_517' title='bbox 851 3830 938 3902; x_wconf 88' lang='lat' dir='ltr'>pisca·</span> <span class='ocrx_word' id='word_1_518' title='bbox 978 3833 1082 3888; x_wconf 78' lang='lat' dir='ltr'>namot.</span> <span class='ocrx_word' id='word_1_519' title='bbox 1096 3832 1158 3898; x_wconf 84' lang='lat' dir='ltr'>Qua</span> <span class='ocrx_word' id='word_1_520' title='bbox 1174 3830 1288 3904; x_wconf 91' lang='lat' dir='ltr'>quidem</span> <span class='ocrx_word' id='word_1_521' title='bbox 1301 3830 1331 3886; x_wconf 89' lang='lat' dir='ltr'>in</span> <span class='ocrx_word' id='word_1_522' title='bbox 1345 3846 1386 3897; x_wconf 89' lang='lat' dir='ltr'>re,</span> <span class='ocrx_word' id='word_1_523' title='bbox 1402 3845 1466 3885; x_wconf 89' lang='lat' dir='ltr'>cum</span> <span class='ocrx_word' id='word_1_524' title='bbox 1485 3827 1589 3884; x_wconf 79' lang='lat' dir='ltr'>erroris</span> <span class='ocrx_word' id='word_1_525' title='bbox 1603 3827 1648 3884; x_wconf 91' lang='lat' dir='ltr'>sui</span> <span class='ocrx_word' id='word_1_526' title='bbox 1661 3826 1776 3885; x_wconf 80' lang='lat' dir='ltr'>nomine</span> 
     </span>
     <span class='ocr_line' id='line_1_41' title="bbox 140 3914 1775 3990; baseline -0.001 -18"><span class='ocrx_word' id='word_1_527' title='bbox 140 3921 225 3984; x_wconf 87' lang='lat' dir='ltr'>tores,</span> <span class='ocrx_word' id='word_1_528' title='bbox 242 3917 292 3988; x_wconf 93' lang='lat' dir='ltr'>qui</span> <span class='ocrx_word' id='word_1_529' title='bbox 305 3933 337 3972; x_wconf 87' lang='lat' dir='ltr'>ex</span> <span class='ocrx_word' id='word_1_530' title='bbox 349 3917 452 3973; x_wconf 88' lang='lat' dir='ltr'>erroris</span> <span class='ocrx_word' id='word_1_531' title='bbox 465 3934 498 3972; x_wconf 92' lang='lat' dir='ltr'>ac</span> <span class='ocrx_word' id='word_1_532' title='bbox 507 3918 614 3973; x_wconf 84' lang='lat' dir='ltr'>haudis</span> <span class='ocrx_word' id='word_1_533' title='bbox 624 3919 755 3990; x_wconf 82' lang='lat' dir='ltr'>voragine</span> <span class='ocrx_word' id='word_1_534' title='bbox 772 3935 870 3973; x_wconf 90' lang='lat' dir='ltr'>omnes</span> <span class='ocrx_word' id='word_1_535' title='bbox 888 3935 937 3974; x_wconf 89' lang='lat' dir='ltr'>ex·</span> <span class='ocrx_word' id='word_1_536' title='bbox 978 3920 1141 3976; x_wconf 82' lang='lat' dir='ltr'>exsecrandi</span> <span class='ocrx_word' id='word_1_537' title='bbox 1154 3920 1220 3987; x_wconf 89' lang='lat' dir='ltr'>sint,</span> <span class='ocrx_word' id='word_1_538' title='bbox 1235 3925 1367 3976; x_wconf 86' lang='lat' dir='ltr'>tumrero</span> <span class='ocrx_word' id='word_1_539' title='bbox 1381 3916 1520 3973; x_wconf 87' lang='lat' dir='ltr'>obearum</span> <span class='ocrx_word' id='word_1_540' title='bbox 1529 3931 1703 3988; x_wconf 74' lang='lat' dir='ltr'>rerumquae</span> <span class='ocrx_word' id='word_1_541' title='bbox 1710 3914 1775 3971; x_wconf 86' lang='lat' dir='ltr'>ado·</span> 
     </span>
     <span class='ocr_line' id='line_1_42' title="bbox 141 4005 1774 4079; baseline 0 -19"><span class='ocrx_word' id='word_1_542' title='bbox 141 4011 290 4061; x_wconf 71' lang='lat' dir='ltr'>unxerunt</span> <span class='ocrx_word' id='word_1_543' title='bbox 301 4013 380 4078; x_wconf 74' lang='lat' dir='ltr'>{quos</span> <span class='ocrx_word' id='word_1_544' title='bbox 393 4007 507 4078; x_wconf 90' lang='lat' dir='ltr'>quidem</span> <span class='ocrx_word' id='word_1_545' title='bbox 518 4013 559 4074; x_wconf 95' lang='lat' dir='ltr'>tu,</span> <span class='ocrx_word' id='word_1_546' title='bbox 576 4008 624 4079; x_wconf 93' lang='lat' dir='ltr'>qui</span> <span class='ocrx_word' id='word_1_547' title='bbox 637 4008 743 4079; x_wconf 90' lang='lat' dir='ltr'>peccati</span> <span class='ocrx_word' id='word_1_548' title='bbox 759 4024 823 4063; x_wconf 86' lang='lat' dir='ltr'>vere</span> <span class='ocrx_word' id='word_1_549' title='bbox 841 4024 938 4064; x_wconf 88' lang='lat' dir='ltr'>servus</span> <span class='ocrx_word' id='word_1_550' title='bbox 978 4014 1044 4067; x_wconf 91' lang='lat' dir='ltr'>rant</span> <span class='ocrx_word' id='word_1_551' title='bbox 1064 4009 1267 4065; x_wconf 86' lang='lat' dir='ltr'>absurditatem</span> <span class='ocrx_word' id='word_1_552' title='bbox 1287 4007 1389 4079; x_wconf 71' lang='lat' dir='ltr'>maiori</span> <span class='ocrx_word' id='word_1_553' title='bbox 1408 4006 1598 4062; x_wconf 83' lang='lat' dir='ltr'>exsecratione</span> <span class='ocrx_word' id='word_1_554' title='bbox 1621 4005 1721 4077; x_wconf 78' lang='lat' dir='ltr'>dignos</span> <span class='ocrx_word' id='word_1_555' title='bbox 1744 4020 1774 4061; x_wconf 84' lang='lat' dir='ltr'>aa</span> 
     </span>
     <span class='ocr_line' id='line_1_43' title="bbox 142 4091 1776 4173; baseline 0 -23"><span class='ocrx_word' id='word_1_556' title='bbox 142 4112 179 4160; x_wconf 82' lang='lat' dir='ltr'>aa,</span> <span class='ocrx_word' id='word_1_557' title='bbox 195 4095 358 4167; x_wconf 86' lang='lat' dir='ltr'>aspernaris</span> <span class='ocrx_word' id='word_1_558' title='bbox 368 4112 401 4150; x_wconf 89' lang='lat' dir='ltr'>ac</span> <span class='ocrx_word' id='word_1_559' title='bbox 413 4096 493 4151; x_wconf 91' lang='lat' dir='ltr'>nihili</span> <span class='ocrx_word' id='word_1_560' title='bbox 502 4096 621 4169; x_wconf 81' lang='lat' dir='ltr'>pendis),</span> <span class='ocrx_word' id='word_1_561' title='bbox 637 4113 688 4169; x_wconf 91' lang='lat' dir='ltr'>per</span> <span class='ocrx_word' id='word_1_562' title='bbox 698 4097 778 4168; x_wconf 86' lang='lat' dir='ltr'>signa</span> <span class='ocrx_word' id='word_1_563' title='bbox 793 4102 823 4152; x_wconf 89' lang='lat' dir='ltr'>ct</span> <span class='ocrx_word' id='word_1_564' title='bbox 843 4096 938 4169; x_wconf 85' lang='lat' dir='ltr'>prodi·</span> <span class='ocrx_word' id='word_1_565' title='bbox 979 4098 1169 4173; x_wconf 76' lang='lat' dir='ltr'>praebuerunt.</span> <span class='ocrx_word' id='word_1_566' title='bbox 1186 4097 1218 4153; x_wconf 91' lang='lat' dir='ltr'>Id</span> <span class='ocrx_word' id='word_1_567' title='bbox 1233 4102 1328 4153; x_wconf 90' lang='lat' dir='ltr'>autem</span> <span class='ocrx_word' id='word_1_568' title='bbox 1342 4096 1442 4151; x_wconf 84' lang='lat' dir='ltr'>tandiu</span> <span class='ocrx_word' id='word_1_569' title='bbox 1457 4096 1549 4151; x_wconf 89' lang='lat' dir='ltr'>locum</span> <span class='ocrx_word' id='word_1_570' title='bbox 1558 4093 1666 4160; x_wconf 90' lang='lat' dir='ltr'>habuit,</span> <span class='ocrx_word' id='word_1_571' title='bbox 1682 4091 1776 4166; x_wconf 86' lang='lat' dir='ltr'>quoad</span> 
     </span>
     <span class='ocr_line' id='line_1_44' title="bbox 141 4182 1776 4258; baseline -0.001 -17"><span class='ocrx_word' id='word_1_572' title='bbox 141 4186 186 4257; x_wconf 85' lang='lat' dir='ltr'>gia</span> <span class='ocrx_word' id='word_1_573' title='bbox 201 4185 271 4239; x_wconf 89' lang='lat' dir='ltr'>solis</span> <span class='ocrx_word' id='word_1_574' title='bbox 284 4184 373 4239; x_wconf 86' lang='lat' dir='ltr'>instar</span> <span class='ocrx_word' id='word_1_575' title='bbox 386 4185 416 4239; x_wconf 91' lang='lat' dir='ltr'>in</span> <span class='ocrx_word' id='word_1_576' title='bbox 428 4185 533 4241; x_wconf 89' lang='lat' dir='ltr'>mundo</span> <span class='ocrx_word' id='word_1_577' title='bbox 547 4186 695 4248; x_wconf 82' lang='lat' dir='ltr'>fulserunt.</span> <span class='ocrx_word' id='word_1_578' title='bbox 705 4186 783 4242; x_wconf 84' lang='lat' dir='ltr'>caecis</span> <span class='ocrx_word' id='word_1_579' title='bbox 797 4185 940 4241; x_wconf 86' lang='lat' dir='ltr'>lucemdo·</span> <span class='ocrx_word' id='word_1_580' title='bbox 979 4188 1115 4244; x_wconf 87' lang='lat' dir='ltr'>Dominus</span> <span class='ocrx_word' id='word_1_581' title='bbox 1124 4203 1174 4258; x_wconf 89' lang='lat' dir='ltr'>per</span> <span class='ocrx_word' id='word_1_582' title='bbox 1185 4184 1494 4241; x_wconf 76' lang='lat' dir='ltr'>visceramisericordiae</span> <span class='ocrx_word' id='word_1_583' title='bbox 1504 4198 1620 4240; x_wconf 76' lang='lat' dir='ltr'>suanos</span> <span class='ocrx_word' id='word_1_584' title='bbox 1629 4182 1678 4254; x_wconf 91' lang='lat' dir='ltr'>qui</span> <span class='ocrx_word' id='word_1_585' title='bbox 1687 4182 1776 4254; x_wconf 81' lang='lat' dir='ltr'>ipsius</span> 
     </span>
     <span class='ocr_line' id='line_1_45' title="bbox 143 4270 1776 4348; baseline -0.003 -19"><span class='ocrx_word' id='word_1_586' title='bbox 143 4281 252 4342; x_wconf 87' lang='lat' dir='ltr'>nantes,</span> <span class='ocrx_word' id='word_1_587' title='bbox 270 4273 362 4329; x_wconf 88' lang='lat' dir='ltr'>surdis</span> <span class='ocrx_word' id='word_1_588' title='bbox 376 4275 515 4342; x_wconf 89' lang='lat' dir='ltr'>auditum,</span> <span class='ocrx_word' id='word_1_589' title='bbox 532 4274 639 4330; x_wconf 88' lang='lat' dir='ltr'>claudis</span> <span class='ocrx_word' id='word_1_590' title='bbox 652 4292 791 4347; x_wconf 89' lang='lat' dir='ltr'>gressum,</span> <span class='ocrx_word' id='word_1_591' title='bbox 820 4274 939 4330; x_wconf 90' lang='lat' dir='ltr'>mortuis</span> <span class='ocrx_word' id='word_1_592' title='bbox 980 4277 1035 4332; x_wconf 82' lang='lat' dir='ltr'>ilde</span> <span class='ocrx_word' id='word_1_593' title='bbox 1047 4275 1157 4348; x_wconf 78' lang='lat' dir='ltr'>prediti</span> <span class='ocrx_word' id='word_1_594' title='bbox 1168 4291 1275 4340; x_wconf 84' lang='lat' dir='ltr'>sumus,</span> <span class='ocrx_word' id='word_1_595' title='bbox 1287 4290 1320 4329; x_wconf 82' lang='lat' dir='ltr'>ex</span> <span class='ocrx_word' id='word_1_596' title='bbox 1330 4271 1457 4344; x_wconf 89' lang='lat' dir='ltr'>improbo</span> <span class='ocrx_word' id='word_1_597' title='bbox 1472 4288 1505 4326; x_wconf 91' lang='lat' dir='ltr'>ac</span> <span class='ocrx_word' id='word_1_598' title='bbox 1521 4270 1654 4343; x_wconf 81' lang='lat' dir='ltr'>pestifero</span> <span class='ocrx_word' id='word_1_599' title='bbox 1675 4270 1776 4340; x_wconf 82' lang='lat' dir='ltr'>hujus·</span> 
     </span>
     <span class='ocr_line' id='line_1_46' title="bbox 143 4356 1774 4436; baseline -0.003 -18"><span class='ocrx_word' id='word_1_600' title='bbox 143 4363 263 4436; x_wconf 85' lang='lat' dir='ltr'>denique</span> <span class='ocrx_word' id='word_1_601' title='bbox 277 4363 362 4418; x_wconf 82' lang='lat' dir='ltr'>vitam</span> <span class='ocrx_word' id='word_1_602' title='bbox 377 4364 581 4436; x_wconf 89' lang='lat' dir='ltr'>impertientes.</span> <span class='ocrx_word' id='word_1_603' title='bbox 597 4366 670 4420; x_wconf 87' lang='lat' dir='ltr'>Nam</span> <span class='ocrx_word' id='word_1_604' title='bbox 680 4365 829 4420; x_wconf 83' lang='lat' dir='ltr'>releorum</span> <span class='ocrx_word' id='word_1_605' title='bbox 841 4365 941 4421; x_wconf 83' lang='lat' dir='ltr'>dunta-</span> <span class='ocrx_word' id='word_1_606' title='bbox 981 4365 1157 4421; x_wconf 88' lang='lat' dir='ltr'>modiarrore</span> <span class='ocrx_word' id='word_1_607' title='bbox 1163 4362 1301 4427; x_wconf 83' lang='lat' dir='ltr'>liberavit,</span> <span class='ocrx_word' id='word_1_608' title='bbox 1309 4360 1486 4433; x_wconf 83' lang='lat' dir='ltr'>veraqueDei</span> <span class='ocrx_word' id='word_1_609' title='bbox 1494 4359 1656 4431; x_wconf 83' lang='lat' dir='ltr'>cognitione</span> <span class='ocrx_word' id='word_1_610' title='bbox 1663 4356 1774 4417; x_wconf 81' lang='lat' dir='ltr'>imbuit.</span> 
     </span>
     <span class='ocr_line' id='line_1_47' title="bbox 144 4446 1778 4528; baseline -0.006 -18"><span class='ocrx_word' id='word_1_611' title='bbox 144 4461 189 4510; x_wconf 81' lang='lat' dir='ltr'>nat</span> <span class='ocrx_word' id='word_1_612' title='bbox 202 4453 312 4510; x_wconf 86' lang='lat' dir='ltr'>umhrre</span> <span class='ocrx_word' id='word_1_613' title='bbox 330 4469 428 4509; x_wconf 90' lang='lat' dir='ltr'>omnes</span> <span class='ocrx_word' id='word_1_614' title='bbox 447 4454 592 4510; x_wconf 90' lang='lat' dir='ltr'>hominum</span> <span class='ocrx_word' id='word_1_615' title='bbox 613 4454 726 4511; x_wconf 89' lang='lat' dir='ltr'>morbos</span> <span class='ocrx_word' id='word_1_616' title='bbox 752 4446 1078 4528; x_wconf 79' lang='lat' dir='ltr'>profligabantDNeque</span> <span class='ocrx_word' id='word_1_617' title='bbox 1091 4451 1424 4511; x_wconf 70' lang='lat' dir='ltr'>eniminalionlloselue</span> <span class='ocrx_word' id='word_1_618' title='bbox 1443 4455 1494 4518; x_wconf 87' lang='lat' dir='ltr'>est,</span> <span class='ocrx_word' id='word_1_619' title='bbox 1507 4466 1558 4506; x_wconf 87' lang='lat' dir='ltr'>nec</span> <span class='ocrx_word' id='word_1_620' title='bbox 1572 4447 1778 4521; x_wconf 83' lang='lat' dir='ltr'>praetaripaurn</span> 
     </span>
     <span class='ocr_line' id='line_1_48' title="bbox 147 4533 1777 4616; baseline -0.001 -16"><span class='ocrx_word' id='word_1_621' title='bbox 147 4546 213 4611; x_wconf 72' lang='lat' dir='ltr'>(Act.</span> <span class='ocrx_word' id='word_1_622' title='bbox 231 4548 269 4613; x_wconf 84' lang='lat' dir='ltr'>r).</span> <span class='ocrx_word' id='word_1_623' title='bbox 285 4543 431 4599; x_wconf 77' lang='lat' dir='ltr'>Daemones</span> <span class='ocrx_word' id='word_1_624' title='bbox 445 4560 516 4616; x_wconf 90' lang='lat' dir='ltr'>quos</span> <span class='ocrx_word' id='word_1_625' title='bbox 529 4560 578 4599; x_wconf 84' lang='lat' dir='ltr'>vos</span> <span class='ocrx_word' id='word_1_626' title='bbox 592 4549 624 4600; x_wconf 90' lang='lat' dir='ltr'>ut</span> <span class='ocrx_word' id='word_1_627' title='bbox 638 4544 705 4600; x_wconf 90' lang='lat' dir='ltr'>deos</span> <span class='ocrx_word' id='word_1_628' title='bbox 724 4544 860 4611; x_wconf 88' lang='lat' dir='ltr'>metuitis,</span> <span class='ocrx_word' id='word_1_629' title='bbox 882 4560 940 4600; x_wconf 89' lang='lat' dir='ltr'>non</span> <span class='ocrx_word' id='word_1_630' title='bbox 981 4544 1071 4600; x_wconf 90' lang='lat' dir='ltr'>solum</span> <span class='ocrx_word' id='word_1_631' title='bbox 1084 4543 1132 4615; x_wconf 91' lang='lat' dir='ltr'>qui</span> <span class='ocrx_word' id='word_1_632' title='bbox 1146 4543 1284 4598; x_wconf 90' lang='lat' dir='ltr'>mundum</span> <span class='ocrx_word' id='word_1_633' title='bbox 1303 4540 1404 4608; x_wconf 87' lang='lat' dir='ltr'>eilecit,</span> <span class='ocrx_word' id='word_1_634' title='bbox 1428 4557 1460 4596; x_wconf 89' lang='lat' dir='ltr'>ac</span> <span class='ocrx_word' id='word_1_635' title='bbox 1480 4537 1591 4596; x_wconf 78' lang='lat' dir='ltr'>virtutis</span> <span class='ocrx_word' id='word_1_636' title='bbox 1611 4554 1669 4597; x_wconf 78' lang='lat' dir='ltr'>suae</span> <span class='ocrx_word' id='word_1_637' title='bbox 1694 4533 1777 4597; x_wconf 74' lang='lat' dir='ltr'>verbo</span> 
     </span>
     <span class='ocr_line' id='line_1_49' title="bbox 146 4619 1777 4714; baseline -0.006 -25"><span class='ocrx_word' id='word_1_638' title='bbox 146 4634 227 4714; x_wconf 81' lang='lat' dir='ltr'>modo</span> <span class='ocrx_word' id='word_1_639' title='bbox 236 4633 273 4688; x_wconf 89' lang='lat' dir='ltr'>ab</span> <span class='ocrx_word' id='word_1_640' title='bbox 280 4619 410 4689; x_wconf 84' lang='lat' dir='ltr'>humanis</span> <span class='ocrx_word' id='word_1_641' title='bbox 420 4632 583 4705; x_wconf 88' lang='lat' dir='ltr'>corporibus</span> <span class='ocrx_word' id='word_1_642' title='bbox 597 4633 783 4706; x_wconf 88' lang='lat' dir='ltr'>depellebant,</span> <span class='ocrx_word' id='word_1_643' title='bbox 795 4634 843 4689; x_wconf 89' lang='lat' dir='ltr'>sed</span> <span class='ocrx_word' id='word_1_644' title='bbox 854 4633 941 4689; x_wconf 89' lang='lat' dir='ltr'>etiam</span> <span class='ocrx_word' id='word_1_645' title='bbox 981 4631 1175 4705; x_wconf 85' lang='lat' dir='ltr'>omnieportat</span> <span class='ocrx_word' id='word_1_646' title='bbox 1184 4633 1273 4702; x_wconf 82' lang='lat' dir='ltr'>(Hebr.</span> <span class='ocrx_word' id='word_1_647' title='bbox 1288 4630 1479 4698; x_wconf 84' lang='lat' dir='ltr'>1l‚aliusdeus</span> <span class='ocrx_word' id='word_1_648' title='bbox 1493 4633 1543 4685; x_wconf 88' lang='lat' dir='ltr'>aut</span> <span class='ocrx_word' id='word_1_649' title='bbox 1555 4627 1585 4684; x_wconf 90' lang='lat' dir='ltr'>iu</span> <span class='ocrx_word' id='word_1_650' title='bbox 1600 4627 1671 4684; x_wconf 71' lang='lat' dir='ltr'>caelo</span> <span class='ocrx_word' id='word_1_651' title='bbox 1685 4629 1735 4683; x_wconf 83' lang='lat' dir='ltr'>aut</span> <span class='ocrx_word' id='word_1_652' title='bbox 1746 4624 1777 4690; x_wconf 81' lang='lat' dir='ltr'>ip</span> 
     </span>
     <span class='ocr_line' id='line_1_50' title="bbox 146 4714 1778 4795; baseline -0.004 -16"><span class='ocrx_word' id='word_1_653' title='bbox 146 4723 234 4779; x_wconf 87' lang='lat' dir='ltr'>crucis</span> <span class='ocrx_word' id='word_1_654' title='bbox 247 4722 329 4793; x_wconf 88' lang='lat' dir='ltr'>signo</span> <span class='ocrx_word' id='word_1_655' title='bbox 343 4722 835 4795; x_wconf 81' lang='lat' dir='ltr'>exipsoterrerumorbeiugahant:</span> <span class='ocrx_word' id='word_1_656' title='bbox 859 4723 941 4794; x_wconf 83' lang='lat' dir='ltr'>cujus</span> <span class='ocrx_word' id='word_1_657' title='bbox 980 4727 1058 4778; x_wconf 81' lang='lat' dir='ltr'>terra</span> <span class='ocrx_word' id='word_1_658' title='bbox 1082 4727 1134 4778; x_wconf 86' lang='lat' dir='ltr'>est.</span> <span class='ocrx_word' id='word_1_659' title='bbox 1158 4720 1250 4778; x_wconf 82' lang='lat' dir='ltr'>Verbo</span> <span class='ocrx_word' id='word_1_660' title='bbox 1274 4720 1349 4777; x_wconf 85' lang='lat' dir='ltr'>enim</span> <span class='ocrx_word' id='word_1_661' title='bbox 1370 4717 1492 4785; x_wconf 87' lang='lat' dir='ltr'>Domini,</span> <span class='ocrx_word' id='word_1_662' title='bbox 1516 4715 1609 4788; x_wconf 86' lang='lat' dir='ltr'>inquit</span> <span class='ocrx_word' id='word_1_663' title='bbox 1631 4715 1688 4783; x_wconf 84' lang='lat' dir='ltr'>ille,</span> <span class='ocrx_word' id='word_1_664' title='bbox 1715 4714 1778 4781; x_wconf 80' lang='lat' dir='ltr'>aoeli</span> 
     </span>
     <span class='ocr_line' id='line_1_51' title="bbox 147 4805 1779 4886; baseline -0.003 -18"><span class='ocrx_word' id='word_1_665' title='bbox 147 4829 196 4886; x_wconf 89' lang='lat' dir='ltr'>ope</span> <span class='ocrx_word' id='word_1_666' title='bbox 210 4818 297 4885; x_wconf 66' lang='lat' dir='ltr'>atique</span> <span class='ocrx_word' id='word_1_667' title='bbox 311 4812 474 4883; x_wconf 79' lang='lat' dir='ltr'>adjumento</span> <span class='ocrx_word' id='word_1_668' title='bbox 489 4829 601 4868; x_wconf 90' lang='lat' dir='ltr'>omnem</span> <span class='ocrx_word' id='word_1_669' title='bbox 612 4813 725 4885; x_wconf 91' lang='lat' dir='ltr'>quidem</span> <span class='ocrx_word' id='word_1_670' title='bbox 736 4812 942 4884; x_wconf 87' lang='lat' dir='ltr'>magiamdele-</span> <span class='ocrx_word' id='word_1_671' title='bbox 981 4812 1087 4869; x_wconf 81' lang='lat' dir='ltr'>firmati</span> <span class='ocrx_word' id='word_1_672' title='bbox 1099 4816 1175 4879; x_wconf 89' lang='lat' dir='ltr'>sunt,</span> <span class='ocrx_word' id='word_1_673' title='bbox 1186 4816 1215 4866; x_wconf 90' lang='lat' dir='ltr'>et</span> <span class='ocrx_word' id='word_1_674' title='bbox 1231 4810 1333 4882; x_wconf 87' lang='lat' dir='ltr'>spiritu</span> <span class='ocrx_word' id='word_1_675' title='bbox 1349 4808 1407 4864; x_wconf 83' lang='lat' dir='ltr'>oris</span> <span class='ocrx_word' id='word_1_676' title='bbox 1429 4808 1491 4879; x_wconf 83' lang='lat' dir='ltr'>ejus</span> <span class='ocrx_word' id='word_1_677' title='bbox 1514 4805 1606 4864; x_wconf 83' lang='lat' dir='ltr'>omnis</span> <span class='ocrx_word' id='word_1_678' title='bbox 1629 4805 1720 4862; x_wconf 81' lang='lat' dir='ltr'>virtus</span> <span class='ocrx_word' id='word_1_679' title='bbox 1734 4821 1779 4863; x_wconf 72' lang='lat' dir='ltr'>eor</span> 
     </span>
     <span class='ocr_line' id='line_1_52' title="bbox 146 4893 1780 4974; baseline -0.002 -18"><span class='ocrx_word' id='word_1_680' title='bbox 146 4901 941 4974; x_wconf 76' lang='lat' dir='ltr'>rerunt,reneficiaqueomoiairritareddideruntdtque</span> <span class='ocrx_word' id='word_1_681' title='bbox 981 4919 1045 4959; x_wconf 90' lang='lat' dir='ltr'>rum</span> <span class='ocrx_word' id='word_1_682' title='bbox 1061 4904 1144 4970; x_wconf 77' lang='lat' dir='ltr'>(Paul.</span> <span class='ocrx_word' id='word_1_683' title='bbox 1168 4903 1268 4969; x_wconf 78' lang='lat' dir='ltr'>xxxu);</span> <span class='ocrx_word' id='word_1_684' title='bbox 1294 4903 1379 4970; x_wconf 86' lang='lat' dir='ltr'>atque</span> <span class='ocrx_word' id='word_1_685' title='bbox 1401 4896 1498 4951; x_wconf 87' lang='lat' dir='ltr'>omnia</span> <span class='ocrx_word' id='word_1_686' title='bbox 1519 4912 1570 4968; x_wconf 88' lang='lat' dir='ltr'>per</span> <span class='ocrx_word' id='word_1_687' title='bbox 1588 4895 1681 4968; x_wconf 84' lang='lat' dir='ltr'>ipsum</span> <span class='ocrx_word' id='word_1_688' title='bbox 1705 4893 1780 4952; x_wconf 70' lang='lat' dir='ltr'>iacta</span> 
     </span>
     <span class='ocr_line' id='line_1_53' title="bbox 146 4984 1781 5065; baseline 0 -19"><span class='ocrx_word' id='word_1_689' title='bbox 146 4990 184 5048; x_wconf 90' lang='lat' dir='ltr'>illi</span> <span class='ocrx_word' id='word_1_690' title='bbox 197 4992 313 5065; x_wconf 89' lang='lat' dir='ltr'>quidem</span> <span class='ocrx_word' id='word_1_691' title='bbox 328 4992 451 5048; x_wconf 76' lang='lat' dir='ltr'>humma</span> <span class='ocrx_word' id='word_1_692' title='bbox 459 4991 625 5046; x_wconf 85' lang='lat' dir='ltr'>infirmitate</span> <span class='ocrx_word' id='word_1_693' title='bbox 632 5007 684 5063; x_wconf 89' lang='lat' dir='ltr'>per</span> <span class='ocrx_word' id='word_1_694' title='bbox 695 4991 799 5047; x_wconf 84' lang='lat' dir='ltr'>Christi</span> <span class='ocrx_word' id='word_1_695' title='bbox 808 4991 941 5046; x_wconf 81' lang='lat' dir='ltr'>virtutem</span> <span class='ocrx_word' id='word_1_696' title='bbox 981 4996 1058 5057; x_wconf 87' lang='lat' dir='ltr'>sunt,</span> <span class='ocrx_word' id='word_1_697' title='bbox 1074 4996 1105 5046; x_wconf 84' lang='lat' dir='ltr'>et</span> <span class='ocrx_word' id='word_1_698' title='bbox 1117 4990 1177 5046; x_wconf 89' lang='lat' dir='ltr'>sine</span> <span class='ocrx_word' id='word_1_699' title='bbox 1190 4988 1251 5061; x_wconf 89' lang='lat' dir='ltr'>ipso</span> <span class='ocrx_word' id='word_1_700' title='bbox 1265 4988 1371 5044; x_wconf 83' lang='lat' dir='ltr'>factum</span> <span class='ocrx_word' id='word_1_701' title='bbox 1388 4991 1431 5041; x_wconf 85' lang='lat' dir='ltr'>est</span> <span class='ocrx_word' id='word_1_702' title='bbox 1444 4984 1515 5040; x_wconf 91' lang='lat' dir='ltr'>nihil</span> <span class='ocrx_word' id='word_1_703' title='bbox 1529 4984 1604 5057; x_wconf 88' lang='lat' dir='ltr'>quod</span> <span class='ocrx_word' id='word_1_704' title='bbox 1616 4984 1722 5043; x_wconf 80' lang='lat' dir='ltr'>iactum</span> <span class='ocrx_word' id='word_1_705' title='bbox 1735 4989 1781 5046; x_wconf 76' lang='lat' dir='ltr'>at</span> 
     </span>
     <span class='ocr_line' id='line_1_54' title="bbox 147 5079 1118 5154; baseline -0.002 -17"><span class='ocrx_word' id='word_1_706' title='bbox 147 5082 179 5138; x_wconf 81' lang='lat' dir='ltr'>ad</span> <span class='ocrx_word' id='word_1_707' title='bbox 194 5082 271 5137; x_wconf 90' lang='lat' dir='ltr'>hunc</span> <span class='ocrx_word' id='word_1_708' title='bbox 289 5081 404 5137; x_wconf 89' lang='lat' dir='ltr'>modum</span> <span class='ocrx_word' id='word_1_709' title='bbox 417 5081 518 5146; x_wconf 91' lang='lat' dir='ltr'>sanati,</span> <span class='ocrx_word' id='word_1_710' title='bbox 530 5080 670 5153; x_wconf 88' lang='lat' dir='ltr'>rebusque</span> <span class='ocrx_word' id='word_1_711' title='bbox 683 5079 814 5136; x_wconf 89' lang='lat' dir='ltr'>omnibus</span> <span class='ocrx_word' id='word_1_712' title='bbox 822 5079 941 5135; x_wconf 90' lang='lat' dir='ltr'>conditis</span> <span class='ocrx_word' id='word_1_713' title='bbox 981 5081 1074 5154; x_wconf 80' lang='lat' dir='ltr'>(lours.</span> <span class='ocrx_word' id='word_1_714' title='bbox 1085 5082 1118 5150; x_wconf 88' lang='lat'>1).</span> 
     </span>
     <span class='ocr_line' id='line_1_55' title="bbox 147 5163 1780 5243; baseline -0.004 -15"><span class='ocrx_word' id='word_1_715' title='bbox 147 5171 296 5234; x_wconf 82' lang='lat' dir='ltr'>renovatis,</span> <span class='ocrx_word' id='word_1_716' title='bbox 311 5175 447 5243; x_wconf 88' lang='lat' dir='ltr'>tanquam</span> <span class='ocrx_word' id='word_1_717' title='bbox 456 5170 581 5226; x_wconf 74' lang='lat' dir='ltr'>cantatis</span> <span class='ocrx_word' id='word_1_718' title='bbox 593 5186 735 5243; x_wconf 76' lang='lat' dir='ltr'>precones</span> <span class='ocrx_word' id='word_1_719' title='bbox 758 5168 795 5225; x_wconf 87' lang='lat' dir='ltr'>ab</span> <span class='ocrx_word' id='word_1_720' title='bbox 812 5168 941 5225; x_wconf 85' lang='lat' dir='ltr'>omnibus</span> <span class='ocrx_word' id='word_1_721' title='bbox 1015 5170 1146 5231; x_wconf 62' lang='lat' dir='ltr'>Pheudas</span> <span class='ocrx_word' id='word_1_722' title='bbox 1159 5172 1256 5225; x_wconf 86' lang='lat' dir='ltr'>autem</span> <span class='ocrx_word' id='word_1_723' title='bbox 1269 5182 1334 5224; x_wconf 88' lang='lat' dir='ltr'>cum</span> <span class='ocrx_word' id='word_1_724' title='bbox 1348 5166 1407 5223; x_wconf 81' lang='lat' dir='ltr'>hac</span> <span class='ocrx_word' id='word_1_725' title='bbox 1420 5163 1678 5232; x_wconf 78' lang='lat' dir='ltr'>serbeaudia&#39;sset,</span> <span class='ocrx_word' id='word_1_726' title='bbox 1694 5169 1780 5237; x_wconf 83' lang='lat' dir='ltr'>atqua</span> 
     </span>
     <span class='ocr_line' id='line_1_56' title="bbox 145 5254 1780 5334; baseline -0.005 -17"><span class='ocrx_word' id='word_1_727' title='bbox 145 5259 177 5317; x_wconf 86' lang='lat' dir='ltr'>iis</span> <span class='ocrx_word' id='word_1_728' title='bbox 187 5262 237 5334; x_wconf 90' lang='lat' dir='ltr'>qui</span> <span class='ocrx_word' id='word_1_729' title='bbox 247 5260 745 5333; x_wconf 84' lang='lat' dir='ltr'>sapientiepraeditisuntlaudantur,</span> <span class='ocrx_word' id='word_1_730' title='bbox 754 5259 945 5316; x_wconf 88' lang='lat' dir='ltr'>admirationi·</span> <span class='ocrx_word' id='word_1_731' title='bbox 981 5258 1144 5334; x_wconf 70' lang='lat' dir='ltr'>huiusmodi</span> <span class='ocrx_word' id='word_1_732' title='bbox 1156 5274 1316 5316; x_wconf 88' lang='lat' dir='ltr'>sermonem</span> <span class='ocrx_word' id='word_1_733' title='bbox 1330 5255 1464 5312; x_wconf 83' lang='lat' dir='ltr'>divinitus</span> <span class='ocrx_word' id='word_1_734' title='bbox 1477 5254 1780 5328; x_wconf 82' lang='lat' dir='ltr'>iniuaaaapientiaple·</span> 
     </span>
     <span class='ocr_line' id='line_1_57' title="bbox 146 5343 1780 5425; baseline -0.005 -17"><span class='ocrx_word' id='word_1_735' title='bbox 146 5367 199 5425; x_wconf 89' lang='lat' dir='ltr'>que</span> <span class='ocrx_word' id='word_1_736' title='bbox 212 5351 362 5407; x_wconf 88' lang='lat' dir='ltr'>habentur.</span> <span class='ocrx_word' id='word_1_737' title='bbox 371 5351 443 5417; x_wconf 87' lang='lat' dir='ltr'>Quid</span> <span class='ocrx_word' id='word_1_738' title='bbox 452 5350 945 5424; x_wconf 85' lang='lat' dir='ltr'>autemhabes,quoddeeepientibus</span> <span class='ocrx_word' id='word_1_739' title='bbox 981 5367 1049 5407; x_wconf 91' lang='lat' dir='ltr'>num</span> <span class='ocrx_word' id='word_1_740' title='bbox 1059 5353 1403 5419; x_wconf 85' lang='lat' dir='ltr'>esaeoemeret,tanquam</span> <span class='ocrx_word' id='word_1_741' title='bbox 1413 5345 1610 5403; x_wconf 78' lang='lat' dir='ltr'>tonitruisono</span> <span class='ocrx_word' id='word_1_742' title='bbox 1621 5343 1780 5416; x_wconf 72' lang='lat' dir='ltr'>parcebas.</span> 
     </span>
     <span class='ocr_line' id='line_1_58' title="bbox 146 5431 1780 5514; baseline -0.007 -17"><span class='ocrx_word' id='word_1_743' title='bbox 146 5439 593 5514; x_wconf 81' lang='lat' dir='ltr'>atqueoratoribuctuis.quorum</span> <span class='ocrx_word' id='word_1_744' title='bbox 604 5441 679 5497; x_wconf 88' lang='lat' dir='ltr'>Deus</span> <span class='ocrx_word' id='word_1_745' title='bbox 690 5440 858 5513; x_wconf 87' lang='lat' dir='ltr'>sapientiam</span> <span class='ocrx_word' id='word_1_746' title='bbox 874 5439 945 5496; x_wconf 87' lang='lat' dir='ltr'>stul·</span> <span class='ocrx_word' id='word_1_747' title='bbox 981 5439 1093 5496; x_wconf 76' lang='lat' dir='ltr'>silentm</span> <span class='ocrx_word' id='word_1_748' title='bbox 1103 5438 1260 5495; x_wconf 84' lang='lat' dir='ltr'>texebatur.</span> <span class='ocrx_word' id='word_1_749' title='bbox 1278 5436 1404 5494; x_wconf 82' lang='lat' dir='ltr'>Tandem</span> <span class='ocrx_word' id='word_1_750' title='bbox 1418 5441 1514 5492; x_wconf 77' lang='lat' dir='ltr'>autem</span> <span class='ocrx_word' id='word_1_751' title='bbox 1530 5432 1681 5507; x_wconf 81' lang='lat' dir='ltr'>aliquando</span> <span class='ocrx_word' id='word_1_752' title='bbox 1695 5431 1780 5486; x_wconf 87' lang='lat' dir='ltr'>mise·</span> 
     </span>
     <span class='ocr_line' id='line_1_59' title="bbox 147 5516 1782 5605; baseline -0.001 -17"><span class='ocrx_word' id='word_1_753' title='bbox 147 5529 944 5605; x_wconf 57' lang='lat' dir='ltr'>iamsecitdeillisdnquam,diabolipatronisinanedium</span> <span class='ocrx_word' id='word_1_754' title='bbox 984 5529 1057 5587; x_wconf 75' lang='lat' dir='ltr'>mam</span> <span class='ocrx_word' id='word_1_755' title='bbox 1077 5545 1160 5586; x_wconf 68' lang='lat' dir='ltr'>sumn</span> <span class='ocrx_word' id='word_1_756' title='bbox 1182 5541 1337 5600; x_wconf 62' lang='lat' dir='ltr'>nenorosus</span> <span class='ocrx_word' id='word_1_757' title='bbox 1359 5524 1570 5596; x_wconf 68' lang='lat' dir='ltr'>(obtenebratos</span> <span class='ocrx_word' id='word_1_758' title='bbox 1586 5521 1664 5580; x_wconf 66' lang='lat' dir='ltr'>ultim</span> <span class='ocrx_word' id='word_1_759' title='bbox 1689 5516 1782 5581; x_wconf 47' lang='grc' dir='ltr'>Μὴ</span> 
     </span>
     <span class='ocr_line' id='line_1_60' title="bbox 146 5606 1783 5705; baseline -0.002 -26"><span class='ocrx_word' id='word_1_760' title='bbox 146 5620 265 5687; x_wconf 65' lang='lat' dir='ltr'>ederas?</span> <span class='ocrx_word' id='word_1_761' title='bbox 274 5620 495 5690; x_wconf 44' lang='lat' dir='ltr'>&amp;memoria</span> <span class='ocrx_word' id='word_1_762' title='bbox 508 5618 627 5695; x_wconf 54' lang='lat' dir='ltr'>Qum</span> <span class='ocrx_word' id='word_1_763' title='bbox 642 5620 750 5680; x_wconf 72' lang='lat' dir='ltr'>numo</span> <span class='ocrx_word' id='word_1_764' title='bbox 763 5619 942 5705; x_wconf 56' lang='lat' dir='ltr'>reliquerim</span> <span class='ocrx_word' id='word_1_765' title='bbox 985 5618 1178 5695; x_wconf 87' lang='lat' dir='ltr'>ipeiusoculos</span> <span class='ocrx_word' id='word_1_766' title='bbox 1190 5615 1457 5683; x_wconf 57' lang='lat' dir='ltr'>adommim</span> <span class='ocrx_word' id='word_1_767' title='bbox 1466 5606 1783 5687; x_wconf 57' lang='lat' dir='ltr'>mum</span> 
     </span>
    </p>
   </div>
   <div class='ocr_carea' id='block_1_5' title="bbox 0 0 1926 6116">
    <p class='ocr_par' dir='ltr' id='par_1_6' title="bbox 0 0 1926 6116">
     <span class='ocr_line' id='line_1_61' title="bbox 0 0 1926 6116; baseline 0 0"><span class='ocrx_word' id='word_1_768' title='bbox 0 0 1926 6116; x_wconf 95' lang='lat' dir='ltr'> </span> 
     </span>
    </p>
   </div>
  </div>
 </body>
</html>
