<?xml version="1.0" encoding="UTF-8"?>
<!DOCTYPE html PUBLIC "-//W3C//DTD XHTML 1.0 Transitional//EN"
    "http://www.w3.org/TR/xhtml1/DTD/xhtml1-transitional.dtd">
<html xmlns="http://www.w3.org/1999/xhtml" xml:lang="en" lang="en">
 <head>
  <title>
</title>
<meta http-equiv="Content-Type" content="text/html;charset=utf-8" />
  <meta name='ocr-system' content='tesseract 3.04.00' />
  <meta name='ocr-capabilities' content='ocr_page ocr_carea ocr_par ocr_line ocrx_word'/>
</head>
<body>
  <div class='ocr_page' id='page_1' title='image "./patrologiaecurs38unkngoog_0245.png"; bbox 0 0 3818 6120; ppageno 0'>
   <div class='ocr_carea' id='block_1_1' title="bbox 139 301 1772 387">
    <p class='ocr_par' dir='ltr' id='par_1_1' title="bbox 139 301 1772 387">
     <span class='ocr_line' id='line_1_1' title="bbox 139 301 1772 387; baseline -0.002 -23"><span class='ocrx_word' id='word_1_1' title='bbox 139 301 193 364; x_wconf 76' lang='lat' dir='ltr'><strong>trs</strong></span> <span class='ocrx_word' id='word_1_2' title='bbox 418 379 421 387; x_wconf 28' lang='grc' dir='ltr'>Ι</span> <span class='ocrx_word' id='word_1_3' title='bbox 648 304 1261 365; x_wconf 78' lang='lat' dir='ltr'><strong>nuunsrlrauuunnararuus.</strong></span> <span class='ocrx_word' id='word_1_4' title='bbox 1720 303 1772 361; x_wconf 79' lang='lat' dir='ltr'><strong>teo</strong></span> 
     </span>
    </p>
   </div>
   <div class='ocr_carea' id='block_1_2' title="bbox 105 426 1816 5548">
    <p class='ocr_par' dir='ltr' id='par_1_2' title="bbox 142 426 1773 500">
     <span class='ocr_line' id='line_1_2' title="bbox 142 426 1773 500; baseline -0.002 -14"><span class='ocrx_word' id='word_1_5' title='bbox 142 431 248 497; x_wconf 89' lang='lat' dir='ltr'><strong>missio,</strong></span> <span class='ocrx_word' id='word_1_6' title='bbox 263 435 291 486; x_wconf 88' lang='lat' dir='ltr'><strong>et</strong></span> <span class='ocrx_word' id='word_1_7' title='bbox 306 431 370 486; x_wconf 82' lang='lat' dir='ltr'><strong>filiis</strong></span> <span class='ocrx_word' id='word_1_8' title='bbox 381 430 489 485; x_wconf 90' lang='lat' dir='ltr'><strong>vestris.</strong></span> <span class='ocrx_word' id='word_1_9' title='bbox 505 433 533 484; x_wconf 84' lang='lat' dir='ltr'><strong>ct</strong></span> <span class='ocrx_word' id='word_1_10' title='bbox 546 428 675 484; x_wconf 90' lang='lat' dir='ltr'><strong>omnihus</strong></span> <span class='ocrx_word' id='word_1_11' title='bbox 692 430 740 500; x_wconf 92' lang='lat' dir='ltr'><strong>qui</strong></span> <span class='ocrx_word' id='word_1_12' title='bbox 754 430 836 500; x_wconf 87' lang='lat' dir='ltr'><strong>longe</strong></span> <span class='ocrx_word' id='word_1_13' title='bbox 858 432 933 496; x_wconf 89' lang='lat' dir='ltr'><strong>sunt,</strong></span> <span class='ocrx_word' id='word_1_14' title='bbox 945 432 967 489; x_wconf 86' lang='lat' dir='ltr'><strong>A</strong></span> <span class='ocrx_word' id='word_1_15' title='bbox 977 429 1119 500; x_wconf 83' lang='lat' dir='ltr'>excepisti,</span> <span class='ocrx_word' id='word_1_16' title='bbox 1136 446 1168 483; x_wconf 90' lang='lat' dir='ltr'><strong>ac</strong></span> <span class='ocrx_word' id='word_1_17' title='bbox 1179 429 1301 484; x_wconf 82' lang='lat' dir='ltr'>libenter</span> <span class='ocrx_word' id='word_1_18' title='bbox 1315 429 1438 498; x_wconf 81' lang='lat' dir='ltr'><strong>audiisti,</strong></span> <span class='ocrx_word' id='word_1_19' title='bbox 1462 428 1532 484; x_wconf 89' lang='lat' dir='ltr'><strong>nihil</strong></span> <span class='ocrx_word' id='word_1_20' title='bbox 1548 443 1582 484; x_wconf 90' lang='lat' dir='ltr'><strong>ex</strong></span> <span class='ocrx_word' id='word_1_21' title='bbox 1605 426 1648 482; x_wconf 85' lang='lat' dir='ltr'><strong>eis</strong></span> <span class='ocrx_word' id='word_1_22' title='bbox 1667 426 1773 482; x_wconf 86' lang='lat' dir='ltr'><strong>emolu·</strong></span> 
     </span>
    </p>

    <p class='ocr_par' dir='ltr' id='par_1_3' title="bbox 105 513 1774 2267">
     <span class='ocr_line' id='line_1_3' title="bbox 105 513 1773 591; baseline -0.004 -15"><span class='ocrx_word' id='word_1_23' title='bbox 105 569 109 576; x_wconf 78' lang='grc'>,</span> <span class='ocrx_word' id='word_1_24' title='bbox 141 536 321 591; x_wconf 89' lang='lat' dir='ltr'><strong>quoscunque</strong></span> <span class='ocrx_word' id='word_1_25' title='bbox 333 519 509 573; x_wconf 91' lang='lat' dir='ltr'><strong>advocaverit</strong></span> <span class='ocrx_word' id='word_1_26' title='bbox 526 518 662 573; x_wconf 85' lang='lat' dir='ltr'><strong>Dominus</strong></span> <span class='ocrx_word' id='word_1_27' title='bbox 677 519 752 573; x_wconf 90' lang='lat' dir='ltr'><strong>Deus</strong></span> <span class='ocrx_word' id='word_1_28' title='bbox 772 524 877 572; x_wconf 89' lang='lat' dir='ltr'><strong>noster.</strong></span> <span class='ocrx_word' id='word_1_29' title='bbox 895 518 937 572; x_wconf 85' lang='lat' dir='ltr'><strong>En</strong></span> <span class='ocrx_word' id='word_1_30' title='bbox 978 519 1065 573; x_wconf 88' lang='lat' dir='ltr'><strong>menti</strong></span> <span class='ocrx_word' id='word_1_31' title='bbox 1076 523 1243 573; x_wconf 82' lang='lat' dir='ltr'><strong>consecutus</strong></span> <span class='ocrx_word' id='word_1_32' title='bbox 1257 535 1296 573; x_wconf 89' lang='lat' dir='ltr'><strong>es.</strong></span> <span class='ocrx_word' id='word_1_33' title='bbox 1312 518 1453 573; x_wconf 81' lang='lat' dir='ltr'><strong>Admonui</strong></span> <span class='ocrx_word' id='word_1_34' title='bbox 1466 518 1540 573; x_wconf 92' lang='lat' dir='ltr'><strong>enim</strong></span> <span class='ocrx_word' id='word_1_35' title='bbox 1557 521 1594 582; x_wconf 90' lang='lat' dir='ltr'><strong>te,</strong></span> <span class='ocrx_word' id='word_1_36' title='bbox 1610 531 1648 571; x_wconf 91' lang='lat' dir='ltr'><strong>ne</strong></span> <span class='ocrx_word' id='word_1_37' title='bbox 1662 513 1696 570; x_wconf 90' lang='lat' dir='ltr'><strong>ob</strong></span> <span class='ocrx_word' id='word_1_38' title='bbox 1714 530 1773 570; x_wconf 87' lang='lat' dir='ltr'><strong>rem</strong></span> 
     </span>
     <span class='ocr_line' id='line_1_4' title="bbox 140 607 1772 679; baseline -0.003 -18"><span class='ocrx_word' id='word_1_39' title='bbox 140 609 227 678; x_wconf 89' lang='lat' dir='ltr'><strong>igitur</strong></span> <span class='ocrx_word' id='word_1_40' title='bbox 241 608 301 678; x_wconf 90' lang='lat' dir='ltr'><strong>ipse</strong></span> <span class='ocrx_word' id='word_1_41' title='bbox 319 607 516 664; x_wconf 64' lang='lat' dir='ltr'><strong>misericordia}</strong></span> <span class='ocrx_word' id='word_1_42' title='bbox 531 624 588 661; x_wconf 73' lang='lat' dir='ltr'><strong>suaa</strong></span> <span class='ocrx_word' id='word_1_43' title='bbox 607 607 719 660; x_wconf 89' lang='lat' dir='ltr'><strong>divitias</strong></span> <span class='ocrx_word' id='word_1_44' title='bbox 733 607 762 660; x_wconf 92' lang='lat' dir='ltr'><strong>in</strong></span> <span class='ocrx_word' id='word_1_45' title='bbox 781 613 809 660; x_wconf 90' lang='lat' dir='ltr'><strong>te</strong></span> <span class='ocrx_word' id='word_1_46' title='bbox 827 607 934 673; x_wconf 85' lang='lat' dir='ltr'><strong>ciiudit,</strong></span> <span class='ocrx_word' id='word_1_47' title='bbox 978 607 1150 677; x_wconf 83' lang='lat' dir='ltr'><strong>praeteritam</strong></span> <span class='ocrx_word' id='word_1_48' title='bbox 1170 607 1334 679; x_wconf 88' lang='lat' dir='ltr'><strong>poenitentia</strong></span> <span class='ocrx_word' id='word_1_49' title='bbox 1346 607 1506 671; x_wconf 89' lang='lat' dir='ltr'><strong>ducereris;</strong></span> <span class='ocrx_word' id='word_1_50' title='bbox 1529 610 1558 660; x_wconf 90' lang='lat' dir='ltr'><strong>ct</strong></span> <span class='ocrx_word' id='word_1_51' title='bbox 1575 621 1641 659; x_wconf 86' lang='lat' dir='ltr'><strong>ecce</strong></span> <span class='ocrx_word' id='word_1_52' title='bbox 1656 618 1772 659; x_wconf 71' lang='lat' dir='ltr'><strong>maerore</strong></span> 
     </span>
     <span class='ocr_line' id='line_1_5' title="bbox 140 687 1772 766; baseline -0.006 -17"><span class='ocrx_word' id='word_1_53' title='bbox 140 701 223 765; x_wconf 88' lang='lat' dir='ltr'><strong>toque</strong></span> <span class='ocrx_word' id='word_1_54' title='bbox 235 696 282 766; x_wconf 93' lang='lat' dir='ltr'><strong>qui</strong></span> <span class='ocrx_word' id='word_1_55' title='bbox 296 696 390 750; x_wconf 90' lang='lat' dir='ltr'><strong>animo</strong></span> <span class='ocrx_word' id='word_1_56' title='bbox 410 713 442 750; x_wconf 91' lang='lat' dir='ltr'><strong>ac</strong></span> <span class='ocrx_word' id='word_1_57' title='bbox 456 696 599 750; x_wconf 89' lang='lat' dir='ltr'><strong>voluntate</strong></span> <span class='ocrx_word' id='word_1_58' title='bbox 613 696 709 766; x_wconf 91' lang='lat' dir='ltr'><strong>procul</strong></span> <span class='ocrx_word' id='word_1_59' title='bbox 729 695 764 748; x_wconf 91' lang='lat' dir='ltr'><strong>ab</strong></span> <span class='ocrx_word' id='word_1_60' title='bbox 778 712 810 750; x_wconf 93' lang='lat' dir='ltr'><strong>eo</strong></span> <span class='ocrx_word' id='word_1_61' title='bbox 822 695 936 750; x_wconf 91' lang='lat' dir='ltr'><strong>dissitus</strong></span> <span class='ocrx_word' id='word_1_62' title='bbox 977 691 1160 746; x_wconf 92' lang='lat' dir='ltr'><strong>conturbatus</strong></span> <span class='ocrx_word' id='word_1_63' title='bbox 1175 709 1214 757; x_wconf 92' lang='lat' dir='ltr'><strong>os,</strong></span> <span class='ocrx_word' id='word_1_64' title='bbox 1231 697 1379 763; x_wconf 89' lang='lat' dir='ltr'><strong>propterea</strong></span> <span class='ocrx_word' id='word_1_65' title='bbox 1387 692 1461 762; x_wconf 89' lang='lat' dir='ltr'><strong>quod</strong></span> <span class='ocrx_word' id='word_1_66' title='bbox 1476 688 1634 745; x_wconf 88' lang='lat' dir='ltr'><strong>emanibus</strong></span> <span class='ocrx_word' id='word_1_67' title='bbox 1645 687 1772 757; x_wconf 83' lang='lat' dir='ltr'><strong>tuisluga</strong></span> 
     </span>
     <span class='ocr_line' id='line_1_6' title="bbox 139 775 1771 855; baseline -0.006 -16"><span class='ocrx_word' id='word_1_68' title='bbox 139 800 212 852; x_wconf 88' lang='lat' dir='ltr'><strong>eras,</strong></span> <span class='ocrx_word' id='word_1_69' title='bbox 229 784 439 851; x_wconf 90' lang='lat' dir='ltr'><strong>etalienis,non</strong></span> <span class='ocrx_word' id='word_1_70' title='bbox 453 784 544 838; x_wconf 89' lang='lat' dir='ltr'><strong>dicam</strong></span> <span class='ocrx_word' id='word_1_71' title='bbox 554 784 617 849; x_wconf 91' lang='lat' dir='ltr'><strong>diis,</strong></span> <span class='ocrx_word' id='word_1_72' title='bbox 629 784 676 837; x_wconf 91' lang='lat' dir='ltr'><strong>sed</strong></span> <span class='ocrx_word' id='word_1_73' title='bbox 692 783 936 855; x_wconf 79' lang='lat' dir='ltr'><strong>pestiferisdaemo·</strong></span> <span class='ocrx_word' id='word_1_74' title='bbox 977 797 1021 834; x_wconf 91' lang='lat' dir='ltr'><strong>mc</strong></span> <span class='ocrx_word' id='word_1_75' title='bbox 1036 779 1399 851; x_wconf 88' lang='lat' dir='ltr'><strong>subduxerim‚poenitentia</strong></span> <span class='ocrx_word' id='word_1_76' title='bbox 1409 775 1537 834; x_wconf 91' lang='lat' dir='ltr'><strong>videlicet</strong></span> <span class='ocrx_word' id='word_1_77' title='bbox 1546 778 1582 833; x_wconf 93' lang='lat' dir='ltr'><strong>ob</strong></span> <span class='ocrx_word' id='word_1_78' title='bbox 1596 793 1659 832; x_wconf 91' lang='lat' dir='ltr'><strong>rem</strong></span> <span class='ocrx_word' id='word_1_79' title='bbox 1674 779 1771 847; x_wconf 77' lang='lat' dir='ltr'><strong>prsete-</strong></span> 
     </span>
     <span class='ocr_line' id='line_1_7' title="bbox 139 864 1770 944; baseline -0.004 -18"><span class='ocrx_word' id='word_1_80' title='bbox 139 871 231 938; x_wconf 89' lang='lat' dir='ltr'><strong>nibus,</strong></span> <span class='ocrx_word' id='word_1_81' title='bbox 249 877 277 925; x_wconf 92' lang='lat' dir='ltr'><strong>et</strong></span> <span class='ocrx_word' id='word_1_82' title='bbox 285 872 378 926; x_wconf 92' lang='lat' dir='ltr'><strong>surdis</strong></span> <span class='ocrx_word' id='word_1_83' title='bbox 389 889 421 926; x_wconf 90' lang='lat' dir='ltr'><strong>ac</strong></span> <span class='ocrx_word' id='word_1_84' title='bbox 436 872 701 944; x_wconf 88' lang='lat' dir='ltr'><strong>sensusexpertibus</strong></span> <span class='ocrx_word' id='word_1_85' title='bbox 714 872 816 926; x_wconf 83' lang='lat' dir='ltr'><strong>statuis</strong></span> <span class='ocrx_word' id='word_1_86' title='bbox 829 873 935 927; x_wconf 88' lang='lat' dir='ltr'><strong>cultum</strong></span> <span class='ocrx_word' id='word_1_87' title='bbox 976 869 1060 923; x_wconf 89' lang='lat' dir='ltr'><strong>ritam</strong></span> <span class='ocrx_word' id='word_1_88' title='bbox 1074 869 1199 923; x_wconf 82' lang='lat' dir='ltr'><strong>allectus.</strong></span> <span class='ocrx_word' id='word_1_89' title='bbox 1214 868 1337 940; x_wconf 84' lang='lat' dir='ltr'><strong>Praecepi</strong></span> <span class='ocrx_word' id='word_1_90' title='bbox 1353 867 1405 923; x_wconf 92' lang='lat' dir='ltr'><strong>tibi</strong></span> <span class='ocrx_word' id='word_1_91' title='bbox 1419 885 1455 923; x_wconf 91' lang='lat' dir='ltr'><strong>ne</strong></span> <span class='ocrx_word' id='word_1_92' title='bbox 1469 885 1502 923; x_wconf 88' lang='lat' dir='ltr'><strong>ca</strong></span> <span class='ocrx_word' id='word_1_93' title='bbox 1517 883 1580 940; x_wconf 83' lang='lat' dir='ltr'><strong>quae</strong></span> <span class='ocrx_word' id='word_1_94' title='bbox 1589 864 1705 937; x_wconf 81' lang='lat' dir='ltr'><strong>assequi</strong></span> <span class='ocrx_word' id='word_1_95' title='bbox 1719 880 1770 919; x_wconf 90' lang='lat' dir='ltr'><strong>non</strong></span> 
     </span>
     <span class='ocr_line' id='line_1_8' title="bbox 139 952 1770 1033; baseline -0.004 -20"><span class='ocrx_word' id='word_1_96' title='bbox 139 959 301 1027; x_wconf 84' lang='lat' dir='ltr'><strong>adhibebas,</strong></span> <span class='ocrx_word' id='word_1_97' title='bbox 313 960 419 1015; x_wconf 77' lang='lat' dir='ltr'><strong>accivit.</strong></span> <span class='ocrx_word' id='word_1_98' title='bbox 432 960 566 1025; x_wconf 84' lang='lat' dir='ltr'><strong>Quocirca</strong></span> <span class='ocrx_word' id='word_1_99' title='bbox 580 967 645 1014; x_wconf 87' lang='lat' dir='ltr'><strong>ante</strong></span> <span class='ocrx_word' id='word_1_100' title='bbox 656 960 752 1014; x_wconf 89' lang='lat' dir='ltr'><strong>omnia</strong></span> <span class='ocrx_word' id='word_1_101' title='bbox 761 962 796 1014; x_wconf 90' lang='lat' dir='ltr'><strong>ad</strong></span> <span class='ocrx_word' id='word_1_102' title='bbox 807 977 871 1015; x_wconf 90' lang='lat' dir='ltr'><strong>eum</strong></span> <span class='ocrx_word' id='word_1_103' title='bbox 887 962 935 1033; x_wconf 90' lang='lat' dir='ltr'><strong>qui</strong></span> <span class='ocrx_word' id='word_1_104' title='bbox 975 975 1072 1028; x_wconf 89' lang='lat' dir='ltr'><strong>posses</strong></span> <span class='ocrx_word' id='word_1_105' title='bbox 1083 957 1285 1028; x_wconf 84' lang='lat' dir='ltr'><strong>aggredereris,</strong></span> <span class='ocrx_word' id='word_1_106' title='bbox 1301 962 1330 1011; x_wconf 91' lang='lat' dir='ltr'><strong>et</strong></span> <span class='ocrx_word' id='word_1_107' title='bbox 1343 962 1438 1011; x_wconf 83' lang='lat' dir='ltr'><strong>tamen</strong></span> <span class='ocrx_word' id='word_1_108' title='bbox 1453 956 1576 1028; x_wconf 87' lang='lat' dir='ltr'><strong>arripere</strong></span> <span class='ocrx_word' id='word_1_109' title='bbox 1592 971 1639 1009; x_wconf 91' lang='lat' dir='ltr'><strong>me</strong></span> <span class='ocrx_word' id='word_1_110' title='bbox 1652 952 1770 1019; x_wconf 79' lang='lat' dir='ltr'><strong>conaris,</strong></span> 
     </span>
     <span class='ocr_line' id='line_1_9' title="bbox 138 1043 1771 1121; baseline -0.004 -19"><span class='ocrx_word' id='word_1_111' title='bbox 138 1053 167 1102; x_wconf 85' lang='lat' dir='ltr'><strong>te</strong></span> <span class='ocrx_word' id='word_1_112' title='bbox 181 1049 288 1103; x_wconf 88' lang='lat' dir='ltr'><strong>vocavit</strong></span> <span class='ocrx_word' id='word_1_113' title='bbox 296 1050 431 1117; x_wconf 67' lang='lat' dir='ltr'><strong>accedas</strong></span> <span class='ocrx_word' id='word_1_114' title='bbox 446 1066 500 1121; x_wconf 91' lang='lat' dir='ltr'><strong>quo</strong></span> <span class='ocrx_word' id='word_1_115' title='bbox 508 1066 602 1103; x_wconf 89' lang='lat' dir='ltr'><strong>veram</strong></span> <span class='ocrx_word' id='word_1_116' title='bbox 618 1054 676 1103; x_wconf 91' lang='lat' dir='ltr'><strong>tam</strong></span> <span class='ocrx_word' id='word_1_117' title='bbox 692 1066 789 1105; x_wconf 91' lang='lat' dir='ltr'><strong>eorum</strong></span> <span class='ocrx_word' id='word_1_118' title='bbox 800 1066 933 1120; x_wconf 77' lang='lat' dir='ltr'><strong>qumocu-</strong></span> <span class='ocrx_word' id='word_1_119' title='bbox 976 1063 1039 1101; x_wconf 91' lang='lat' dir='ltr'><strong>cum</strong></span> <span class='ocrx_word' id='word_1_120' title='bbox 1050 1047 1207 1101; x_wconf 90' lang='lat' dir='ltr'><strong>itermeum</strong></span> <span class='ocrx_word' id='word_1_121' title='bbox 1216 1046 1329 1116; x_wconf 88' lang='lat' dir='ltr'><strong>assequi</strong></span> <span class='ocrx_word' id='word_1_122' title='bbox 1341 1062 1474 1116; x_wconf 86' lang='lat' dir='ltr'><strong>nequeas.</strong></span> <span class='ocrx_word' id='word_1_123' title='bbox 1488 1045 1532 1100; x_wconf 84' lang='lat' dir='ltr'><strong>Ad</strong></span> <span class='ocrx_word' id='word_1_124' title='bbox 1543 1045 1603 1098; x_wconf 81' lang='lat' dir='ltr'><strong>haec</strong></span> <span class='ocrx_word' id='word_1_125' title='bbox 1619 1043 1648 1097; x_wconf 93' lang='lat' dir='ltr'><strong>id</strong></span> <span class='ocrx_word' id='word_1_126' title='bbox 1663 1056 1771 1113; x_wconf 84' lang='lat' dir='ltr'><strong>quoque</strong></span> 
     </span>
     <span class='ocr_line' id='line_1_10' title="bbox 138 1133 1770 1209; baseline -0.005 -18"><span class='ocrx_word' id='word_1_127' title='bbox 138 1137 174 1191; x_wconf 91' lang='lat' dir='ltr'><strong>lis</strong></span> <span class='ocrx_word' id='word_1_128' title='bbox 186 1143 350 1206; x_wconf 88' lang='lat' dir='ltr'><strong>cernuntur,</strong></span> <span class='ocrx_word' id='word_1_129' title='bbox 362 1154 445 1209; x_wconf 89' lang='lat' dir='ltr'><strong>quam</strong></span> <span class='ocrx_word' id='word_1_130' title='bbox 457 1154 518 1209; x_wconf 80' lang='lat' dir='ltr'><strong>qua</strong></span> <span class='ocrx_word' id='word_1_131' title='bbox 532 1138 568 1192; x_wconf 88' lang='lat' dir='ltr'><strong>ab</strong></span> <span class='ocrx_word' id='word_1_132' title='bbox 579 1139 813 1193; x_wconf 91' lang='lat' dir='ltr'><strong>oculorumsensu</strong></span> <span class='ocrx_word' id='word_1_133' title='bbox 828 1143 937 1193; x_wconf 89' lang='lat' dir='ltr'><strong>remota</strong></span> <span class='ocrx_word' id='word_1_134' title='bbox 977 1135 1028 1189; x_wconf 93' lang='lat' dir='ltr'><strong>tibi</strong></span> <span class='ocrx_word' id='word_1_135' title='bbox 1040 1135 1122 1201; x_wconf 85' lang='lat' dir='ltr'><strong>edixi,</strong></span> <span class='ocrx_word' id='word_1_136' title='bbox 1131 1151 1166 1188; x_wconf 88' lang='lat' dir='ltr'><strong>ne</strong></span> <span class='ocrx_word' id='word_1_137' title='bbox 1178 1134 1334 1189; x_wconf 81' lang='lat' dir='ltr'><strong>incredibili</strong></span> <span class='ocrx_word' id='word_1_138' title='bbox 1345 1133 1467 1190; x_wconf 91' lang='lat' dir='ltr'><strong>sermoni</strong></span> <span class='ocrx_word' id='word_1_139' title='bbox 1481 1133 1565 1188; x_wconf 84' lang='lat' dir='ltr'><strong>tidem</strong></span> <span class='ocrx_word' id='word_1_140' title='bbox 1573 1146 1735 1201; x_wconf 83' lang='lat' dir='ltr'><strong>arrogares,</strong></span> <span class='ocrx_word' id='word_1_141' title='bbox 1747 1135 1770 1184; x_wconf 87' lang='lat' dir='ltr'><strong>et</strong></span> 
     </span>
     <span class='ocr_line' id='line_1_11' title="bbox 140 1223 1771 1298; baseline -0.005 -19"><span class='ocrx_word' id='word_1_142' title='bbox 140 1231 216 1292; x_wconf 90' lang='lat' dir='ltr'><strong>sunt,</strong></span> <span class='ocrx_word' id='word_1_143' title='bbox 233 1227 422 1296; x_wconf 88' lang='lat' dir='ltr'><strong>cognitionem</strong></span> <span class='ocrx_word' id='word_1_144' title='bbox 430 1227 618 1297; x_wconf 90' lang='lat' dir='ltr'><strong>consequeris.</strong></span> <span class='ocrx_word' id='word_1_145' title='bbox 632 1226 742 1290; x_wconf 83' lang='lat' dir='ltr'><strong>Quodsi</strong></span> <span class='ocrx_word' id='word_1_146' title='bbox 753 1235 936 1298; x_wconf 85' lang='lat' dir='ltr'><strong>posteaquam</strong></span> <span class='ocrx_word' id='word_1_147' title='bbox 976 1224 1113 1278; x_wconf 91' lang='lat' dir='ltr'><strong>tamenin</strong></span> <span class='ocrx_word' id='word_1_148' title='bbox 1127 1223 1278 1278; x_wconf 90' lang='lat' dir='ltr'><strong>visceribus</strong></span> <span class='ocrx_word' id='word_1_149' title='bbox 1288 1223 1358 1278; x_wconf 92' lang='lat' dir='ltr'><strong>meis</strong></span> <span class='ocrx_word' id='word_1_150' title='bbox 1364 1223 1497 1277; x_wconf 89' lang='lat' dir='ltr'><strong>unionem</strong></span> <span class='ocrx_word' id='word_1_151' title='bbox 1503 1227 1620 1277; x_wconf 87' lang='lat' dir='ltr'><strong>staturae</strong></span> <span class='ocrx_word' id='word_1_152' title='bbox 1632 1235 1704 1275; x_wconf 71' lang='lat' dir='ltr'><strong>mear</strong></span> <span class='ocrx_word' id='word_1_153' title='bbox 1714 1233 1771 1272; x_wconf 90' lang='lat' dir='ltr'><strong>mo·</strong></span> 
     </span>
     <span class='ocr_line' id='line_1_12' title="bbox 139 1307 1770 1386; baseline -0.005 -18"><span class='ocrx_word' id='word_1_154' title='bbox 139 1319 253 1369; x_wconf 88' lang='lat' dir='ltr'><strong>vocatus</strong></span> <span class='ocrx_word' id='word_1_155' title='bbox 261 1331 291 1368; x_wconf 92' lang='lat' dir='ltr'><strong>cs</strong></span> <span class='ocrx_word' id='word_1_156' title='bbox 299 1315 439 1381; x_wconf 88' lang='lat' dir='ltr'><strong>accedere,</strong></span> <span class='ocrx_word' id='word_1_157' title='bbox 450 1332 571 1381; x_wconf 90' lang='lat' dir='ltr'><strong>recusas,</strong></span> <span class='ocrx_word' id='word_1_158' title='bbox 583 1321 633 1369; x_wconf 91' lang='lat' dir='ltr'><strong>aut</strong></span> <span class='ocrx_word' id='word_1_159' title='bbox 642 1331 735 1369; x_wconf 90' lang='lat' dir='ltr'><strong>moras</strong></span> <span class='ocrx_word' id='word_1_160' title='bbox 746 1315 845 1381; x_wconf 88' lang='lat' dir='ltr'><strong>nectis,</strong></span> <span class='ocrx_word' id='word_1_161' title='bbox 858 1317 935 1386; x_wconf 87' lang='lat' dir='ltr'><strong>justo</strong></span> <span class='ocrx_word' id='word_1_162' title='bbox 976 1313 1043 1367; x_wconf 92' lang='lat' dir='ltr'><strong>dum</strong></span> <span class='ocrx_word' id='word_1_163' title='bbox 1058 1313 1236 1367; x_wconf 86' lang='lat' dir='ltr'><strong>excedentem</strong></span> <span class='ocrx_word' id='word_1_164' title='bbox 1252 1313 1343 1367; x_wconf 88' lang='lat' dir='ltr'><strong>inesse</strong></span> <span class='ocrx_word' id='word_1_165' title='bbox 1353 1311 1510 1378; x_wconf 91' lang='lat' dir='ltr'><strong>credidisti;</strong></span> <span class='ocrx_word' id='word_1_166' title='bbox 1526 1326 1619 1382; x_wconf 90' lang='lat' dir='ltr'><strong>neque</strong></span> <span class='ocrx_word' id='word_1_167' title='bbox 1631 1307 1770 1363; x_wconf 88' lang='lat' dir='ltr'><strong>tantulum</strong></span> 
     </span>
     <span class='ocr_line' id='line_1_13' title="bbox 140 1394 1771 1476; baseline -0.005 -19"><span class='ocrx_word' id='word_1_168' title='bbox 140 1402 191 1457; x_wconf 91' lang='lat' dir='ltr'><strong>Dei</strong></span> <span class='ocrx_word' id='word_1_169' title='bbox 202 1403 309 1473; x_wconf 75' lang='lat' dir='ltr'><strong>Judicio</strong></span> <span class='ocrx_word' id='word_1_170' title='bbox 320 1404 443 1458; x_wconf 72' lang='lat' dir='ltr'><strong>exhaeres</strong></span> <span class='ocrx_word' id='word_1_171' title='bbox 457 1404 523 1469; x_wconf 92' lang='lat' dir='ltr'><strong>cris,</strong></span> <span class='ocrx_word' id='word_1_172' title='bbox 538 1421 570 1458; x_wconf 87' lang='lat' dir='ltr'><strong>ac</strong></span> <span class='ocrx_word' id='word_1_173' title='bbox 582 1403 783 1475; x_wconf 86' lang='lat' dir='ltr'><strong>repudiaberis,</strong></span> <span class='ocrx_word' id='word_1_174' title='bbox 796 1405 863 1475; x_wconf 91' lang='lat' dir='ltr'><strong>quia</strong></span> <span class='ocrx_word' id='word_1_175' title='bbox 875 1404 935 1476; x_wconf 90' lang='lat' dir='ltr'><strong>ipse</strong></span> <span class='ocrx_word' id='word_1_176' title='bbox 976 1400 1028 1455; x_wconf 88' lang='lat' dir='ltr'><strong>tibi</strong></span> <span class='ocrx_word' id='word_1_177' title='bbox 1043 1401 1269 1473; x_wconf 83' lang='lat' dir='ltr'><strong>prudentiaefuit,</strong></span> <span class='ocrx_word' id='word_1_178' title='bbox 1282 1406 1315 1454; x_wconf 92' lang='lat' dir='ltr'><strong>ut</strong></span> <span class='ocrx_word' id='word_1_179' title='bbox 1328 1400 1500 1470; x_wconf 85' lang='lat' dir='ltr'><strong>intelligeres</strong></span> <span class='ocrx_word' id='word_1_180' title='bbox 1514 1416 1558 1452; x_wconf 89' lang='lat' dir='ltr'><strong>me</strong></span> <span class='ocrx_word' id='word_1_181' title='bbox 1573 1403 1664 1454; x_wconf 86' lang='lat' dir='ltr'><strong>totam</strong></span> <span class='ocrx_word' id='word_1_182' title='bbox 1680 1396 1717 1451; x_wconf 87' lang='lat' dir='ltr'><strong>ad</strong></span> <span class='ocrx_word' id='word_1_183' title='bbox 1731 1394 1771 1450; x_wconf 83' lang='lat' dir='ltr'><strong>ori</strong></span> 
     </span>
     <span class='ocr_line' id='line_1_14' title="bbox 139 1486 1771 1565; baseline -0.004 -20"><span class='ocrx_word' id='word_1_184' title='bbox 139 1491 302 1561; x_wconf 85' lang='lat' dir='ltr'><strong>repudiasti.</strong></span> <span class='ocrx_word' id='word_1_185' title='bbox 317 1492 360 1545; x_wconf 90' lang='lat' dir='ltr'><strong>Ad</strong></span> <span class='ocrx_word' id='word_1_186' title='bbox 373 1492 447 1546; x_wconf 90' lang='lat' dir='ltr'><strong>hunc</strong></span> <span class='ocrx_word' id='word_1_187' title='bbox 461 1492 536 1547; x_wconf 92' lang='lat' dir='ltr'><strong>enim</strong></span> <span class='ocrx_word' id='word_1_188' title='bbox 546 1493 661 1547; x_wconf 90' lang='lat' dir='ltr'><strong>modum</strong></span> <span class='ocrx_word' id='word_1_189' title='bbox 670 1492 731 1564; x_wconf 89' lang='lat' dir='ltr'><strong>ipse</strong></span> <span class='ocrx_word' id='word_1_190' title='bbox 746 1509 856 1564; x_wconf 93' lang='lat' dir='ltr'><strong>quoque</strong></span> <span class='ocrx_word' id='word_1_191' title='bbox 870 1510 936 1565; x_wconf 90' lang='lat' dir='ltr'><strong>apo·</strong></span> <span class='ocrx_word' id='word_1_192' title='bbox 976 1490 1142 1545; x_wconf 88' lang='lat' dir='ltr'><strong>stmthionis</strong></span> <span class='ocrx_word' id='word_1_193' title='bbox 1150 1489 1372 1559; x_wconf 86' lang='lat' dir='ltr'><strong>magnitudinem</strong></span> <span class='ocrx_word' id='word_1_194' title='bbox 1378 1486 1771 1550; x_wconf 87' lang='lat' dir='ltr'><strong>minimeaccedere.Quonam</strong></span> 
     </span>
     <span class='ocr_line' id='line_1_15' title="bbox 139 1573 1772 1653; baseline -0.003 -21"><span class='ocrx_word' id='word_1_195' title='bbox 139 1579 228 1633; x_wconf 90' lang='lat' dir='ltr'><strong>stolus</strong></span> <span class='ocrx_word' id='word_1_196' title='bbox 243 1580 344 1633; x_wconf 90' lang='lat' dir='ltr'><strong>Petrus</strong></span> <span class='ocrx_word' id='word_1_197' title='bbox 356 1581 390 1634; x_wconf 90' lang='lat' dir='ltr'><strong>ad</strong></span> <span class='ocrx_word' id='word_1_198' title='bbox 401 1581 552 1650; x_wconf 85' lang='lat' dir='ltr'><strong>quemdam</strong></span> <span class='ocrx_word' id='word_1_199' title='bbox 570 1581 738 1651; x_wconf 91' lang='lat' dir='ltr'><strong>discipulum</strong></span> <span class='ocrx_word' id='word_1_200' title='bbox 749 1582 834 1637; x_wconf 87' lang='lat' dir='ltr'><strong>dixit:</strong></span> <span class='ocrx_word' id='word_1_201' title='bbox 851 1584 861 1605; x_wconf 76' lang='lat'><em>⁶</em></span> <span class='ocrx_word' id='word_1_202' title='bbox 877 1582 934 1653; x_wconf 78' lang='lat' dir='ltr'><strong>Ego</strong></span> <span class='ocrx_word' id='word_1_203' title='bbox 975 1579 1071 1649; x_wconf 89' lang='lat' dir='ltr'><strong>itaque</strong></span> <span class='ocrx_word' id='word_1_204' title='bbox 1085 1582 1282 1650; x_wconf 91' lang='lat' dir='ltr'><strong>pactotantum</strong></span> <span class='ocrx_word' id='word_1_205' title='bbox 1288 1578 1420 1632; x_wconf 91' lang='lat' dir='ltr'><strong>unionem</strong></span> <span class='ocrx_word' id='word_1_206' title='bbox 1432 1576 1630 1648; x_wconf 88' lang='lat' dir='ltr'><strong>corpusculum</strong></span> <span class='ocrx_word' id='word_1_207' title='bbox 1645 1573 1724 1629; x_wconf 89' lang='lat' dir='ltr'><strong>istud</strong></span> <span class='ocrx_word' id='word_1_208' title='bbox 1732 1588 1772 1627; x_wconf 81' lang='lat' dir='ltr'><strong>ca·</strong></span> 
     </span>
     <span class='ocr_line' id='line_1_16' title="bbox 139 1667 1079 1738; baseline 0 -18"><span class='ocrx_word' id='word_1_209' title='bbox 139 1673 233 1721; x_wconf 89' lang='lat' dir='ltr'><strong>autcm</strong></span> <span class='ocrx_word' id='word_1_210' title='bbox 247 1669 329 1722; x_wconf 91' lang='lat' dir='ltr'><strong>credo</strong></span> <span class='ocrx_word' id='word_1_211' title='bbox 345 1669 419 1738; x_wconf 91' lang='lat' dir='ltr'><strong>quod</strong></span> <span class='ocrx_word' id='word_1_212' title='bbox 435 1673 464 1723; x_wconf 90' lang='lat' dir='ltr'><strong>ct</strong></span> <span class='ocrx_word' id='word_1_213' title='bbox 477 1668 624 1723; x_wconf 84' lang='lat' dir='ltr'><strong>obedivisti</strong></span> <span class='ocrx_word' id='word_1_214' title='bbox 638 1671 785 1734; x_wconf 70' lang='lat' dir='ltr'><strong>xromtioni,</strong></span> <span class='ocrx_word' id='word_1_215' title='bbox 802 1677 830 1725; x_wconf 91' lang='lat' dir='ltr'><strong>et</strong></span> <span class='ocrx_word' id='word_1_216' title='bbox 844 1670 936 1725; x_wconf 88' lang='lat' dir='ltr'><strong>adhuc</strong></span> <span class='ocrx_word' id='word_1_217' title='bbox 976 1667 1079 1738; x_wconf 84' lang='lat' dir='ltr'><strong>peretl</strong></span> 
     </span>
     <span class='ocr_line' id='line_1_17' title="bbox 139 1750 1773 1840; baseline -0.002 -30"><span class='ocrx_word' id='word_1_218' title='bbox 139 1756 274 1810; x_wconf 82' lang='lat' dir='ltr'><strong>sincerius</strong></span> <span class='ocrx_word' id='word_1_219' title='bbox 284 1756 426 1823; x_wconf 88' lang='lat' dir='ltr'><strong>obediens,</strong></span> <span class='ocrx_word' id='word_1_220' title='bbox 439 1774 550 1812; x_wconf 89' lang='lat' dir='ltr'><strong>crucem</strong></span> <span class='ocrx_word' id='word_1_221' title='bbox 570 1759 660 1825; x_wconf 78' lang='lat' dir='ltr'><strong>tollae,</strong></span> <span class='ocrx_word' id='word_1_222' title='bbox 677 1760 821 1829; x_wconf 91' lang='lat' dir='ltr'><strong>Deumque</strong></span> <span class='ocrx_word' id='word_1_223' title='bbox 829 1775 861 1813; x_wconf 90' lang='lat' dir='ltr'><strong>ae</strong></span> <span class='ocrx_word' id='word_1_224' title='bbox 882 1759 968 1840; x_wconf 67' lang='lat' dir='ltr'><strong>Dap</strong></span> <span class='ocrx_word' id='word_1_225' title='bbox 1011 1756 1052 1810; x_wconf 88' lang='lat' dir='ltr'><strong>Ad</strong></span> <span class='ocrx_word' id='word_1_226' title='bbox 1064 1750 1773 1826; x_wconf 84' lang='lat' dir='ltr'><strong>huncigiturmodumilliquoqueinsummastulti·</strong></span> 
     </span>
     <span class='ocr_line' id='line_1_18' title="bbox 139 1834 1773 1916; baseline -0.001 -20"><span class='ocrx_word' id='word_1_227' title='bbox 139 1843 249 1897; x_wconf 86' lang='lat' dir='ltr'><strong>minum</strong></span> <span class='ocrx_word' id='word_1_228' title='bbox 265 1849 293 1897; x_wconf 90' lang='lat' dir='ltr'><strong>te</strong></span> <span class='ocrx_word' id='word_1_229' title='bbox 303 1850 447 1898; x_wconf 89' lang='lat' dir='ltr'><strong>vocantem</strong></span> <span class='ocrx_word' id='word_1_230' title='bbox 460 1846 595 1915; x_wconf 89' lang='lat' dir='ltr'><strong>sequeris,</strong></span> <span class='ocrx_word' id='word_1_231' title='bbox 612 1847 659 1916; x_wconf 92' lang='lat' dir='ltr'><strong>qui</strong></span> <span class='ocrx_word' id='word_1_232' title='bbox 669 1853 697 1900; x_wconf 87' lang='lat' dir='ltr'><strong>to</strong></span> <span class='ocrx_word' id='word_1_233' title='bbox 712 1852 828 1901; x_wconf 90' lang='lat' dir='ltr'><strong>amorte</strong></span> <span class='ocrx_word' id='word_1_234' title='bbox 843 1848 878 1901; x_wconf 89' lang='lat' dir='ltr'><strong>ad</strong></span> <span class='ocrx_word' id='word_1_235' title='bbox 896 1849 935 1902; x_wconf 93' lang='lat' dir='ltr'><strong>vi·</strong></span> <span class='ocrx_word' id='word_1_236' title='bbox 976 1844 1018 1898; x_wconf 91' lang='lat' dir='ltr'><strong>tia</strong></span> <span class='ocrx_word' id='word_1_237' title='bbox 1032 1851 1189 1910; x_wconf 85' lang='lat' dir='ltr'><strong>versantur,</strong></span> <span class='ocrx_word' id='word_1_238' title='bbox 1203 1845 1292 1916; x_wconf 92' lang='lat' dir='ltr'><strong>quiin</strong></span> <span class='ocrx_word' id='word_1_239' title='bbox 1307 1843 1465 1898; x_wconf 85' lang='lat' dir='ltr'><strong>simulacris</strong></span> <span class='ocrx_word' id='word_1_240' title='bbox 1481 1842 1636 1897; x_wconf 82' lang='lat' dir='ltr'><strong>confidunt.</strong></span> <span class='ocrx_word' id='word_1_241' title='bbox 1651 1834 1725 1895; x_wconf 79' lang='lat' dir='ltr'><strong>Nam</strong></span> <span class='ocrx_word' id='word_1_242' title='bbox 1741 1855 1773 1895; x_wconf 86' lang='lat' dir='ltr'><strong>ea</strong></span> 
     </span>
     <span class='ocr_line' id='line_1_19' title="bbox 138 1931 1773 2007; baseline 0 -23"><span class='ocrx_word' id='word_1_243' title='bbox 138 1936 207 1997; x_wconf 90' lang='lat' dir='ltr'><strong>tam,</strong></span> <span class='ocrx_word' id='word_1_244' title='bbox 225 1937 253 1985; x_wconf 89' lang='lat' dir='ltr'><strong>ct</strong></span> <span class='ocrx_word' id='word_1_245' title='bbox 267 1948 283 1984; x_wconf 89' lang='lat' dir='ltr'><strong>a</strong></span> <span class='ocrx_word' id='word_1_246' title='bbox 296 1933 420 1987; x_wconf 86' lang='lat' dir='ltr'><strong>tenebris</strong></span> <span class='ocrx_word' id='word_1_247' title='bbox 435 1933 470 1987; x_wconf 92' lang='lat' dir='ltr'><strong>ad</strong></span> <span class='ocrx_word' id='word_1_248' title='bbox 487 1933 578 1987; x_wconf 91' lang='lat' dir='ltr'><strong>lucem</strong></span> <span class='ocrx_word' id='word_1_249' title='bbox 600 1933 709 1989; x_wconf 89' lang='lat' dir='ltr'><strong>invitat.</strong></span> <span class='ocrx_word' id='word_1_250' title='bbox 724 1937 797 1989; x_wconf 92' lang='lat' dir='ltr'><strong>Nam</strong></span> <span class='ocrx_word' id='word_1_251' title='bbox 811 1937 934 2007; x_wconf 88' lang='lat' dir='ltr'><strong>profecto</strong></span> <span class='ocrx_word' id='word_1_252' title='bbox 976 1933 1105 1987; x_wconf 89' lang='lat' dir='ltr'><strong>manibus</strong></span> <span class='ocrx_word' id='word_1_253' title='bbox 1117 1934 1175 1988; x_wconf 90' lang='lat' dir='ltr'><strong>suis</strong></span> <span class='ocrx_word' id='word_1_254' title='bbox 1186 1934 1346 1999; x_wconf 79' lang='lat' dir='ltr'><strong>effecerunt,</strong></span> <span class='ocrx_word' id='word_1_255' title='bbox 1360 1937 1389 1986; x_wconf 93' lang='lat' dir='ltr'><strong>et</strong></span> <span class='ocrx_word' id='word_1_256' title='bbox 1398 1948 1482 2004; x_wconf 91' lang='lat' dir='ltr'><strong>opera</strong></span> <span class='ocrx_word' id='word_1_257' title='bbox 1492 1931 1647 2002; x_wconf 86' lang='lat' dir='ltr'><strong>digitorum</strong></span> <span class='ocrx_word' id='word_1_258' title='bbox 1657 1944 1773 1984; x_wconf 87' lang='lat' dir='ltr'><strong>suorum</strong></span> 
     </span>
     <span class='ocr_line' id='line_1_20' title="bbox 138 2018 1774 2093; baseline -0.001 -19"><span class='ocrx_word' id='word_1_259' title='bbox 138 2019 190 2074; x_wconf 89' lang='lat' dir='ltr'><strong>Dei</strong></span> <span class='ocrx_word' id='word_1_260' title='bbox 205 2019 463 2089; x_wconf 88' lang='lat' dir='ltr'><strong>ignoratio,animae</strong></span> <span class='ocrx_word' id='word_1_261' title='bbox 477 2023 567 2093; x_wconf 88' lang='lat' dir='ltr'><strong>caligo</strong></span> <span class='ocrx_word' id='word_1_262' title='bbox 582 2039 614 2077; x_wconf 90' lang='lat' dir='ltr'><strong>ac</strong></span> <span class='ocrx_word' id='word_1_263' title='bbox 627 2040 702 2077; x_wconf 90' lang='lat' dir='ltr'><strong>mors</strong></span> <span class='ocrx_word' id='word_1_264' title='bbox 712 2029 767 2091; x_wconf 78' lang='lat' dir='ltr'><strong>est,</strong></span> <span class='ocrx_word' id='word_1_265' title='bbox 785 2025 936 2079; x_wconf 85' lang='lat' dir='ltr'><strong>etsimula-</strong></span> <span class='ocrx_word' id='word_1_266' title='bbox 976 2022 1104 2089; x_wconf 89' lang='lat' dir='ltr'><strong>adorant,</strong></span> <span class='ocrx_word' id='word_1_267' title='bbox 1130 2022 1269 2077; x_wconf 90' lang='lat' dir='ltr'><strong>dicentes:</strong></span> <span class='ocrx_word' id='word_1_268' title='bbox 1285 2022 1320 2076; x_wconf 92' lang='lat' dir='ltr'><strong>Hi</strong></span> <span class='ocrx_word' id='word_1_269' title='bbox 1342 2021 1455 2093; x_wconf 83' lang='lat' dir='ltr'><strong>opifices</strong></span> <span class='ocrx_word' id='word_1_270' title='bbox 1472 2020 1561 2075; x_wconf 89' lang='lat' dir='ltr'><strong>nostri</strong></span> <span class='ocrx_word' id='word_1_271' title='bbox 1575 2025 1654 2074; x_wconf 89' lang='lat' dir='ltr'><strong>sunt.</strong></span> <span class='ocrx_word' id='word_1_272' title='bbox 1674 2018 1774 2083; x_wconf 83' lang='lat' dir='ltr'><strong>Quint</strong></span> 
     </span>
     <span class='ocr_line' id='line_1_21' title="bbox 139 2108 1773 2183; baseline 0.001 -22"><span class='ocrx_word' id='word_1_273' title='bbox 139 2124 188 2162; x_wconf 91' lang='lat' dir='ltr'><strong>cra</strong></span> <span class='ocrx_word' id='word_1_274' title='bbox 206 2109 296 2162; x_wconf 90' lang='lat' dir='ltr'><strong>colere</strong></span> <span class='ocrx_word' id='word_1_275' title='bbox 316 2109 352 2163; x_wconf 94' lang='lat' dir='ltr'><strong>ad</strong></span> <span class='ocrx_word' id='word_1_276' title='bbox 371 2116 478 2165; x_wconf 82' lang='lat' dir='ltr'><strong>natura</strong></span> <span class='ocrx_word' id='word_1_277' title='bbox 500 2110 626 2178; x_wconf 89' lang='lat' dir='ltr'><strong>exitium,</strong></span> <span class='ocrx_word' id='word_1_278' title='bbox 651 2112 803 2167; x_wconf 87' lang='lat' dir='ltr'><strong>amentiam</strong></span> <span class='ocrx_word' id='word_1_279' title='bbox 822 2130 933 2168; x_wconf 90' lang='lat' dir='ltr'><strong>omnem</strong></span> <span class='ocrx_word' id='word_1_280' title='bbox 976 2111 1101 2181; x_wconf 86' lang='lat' dir='ltr'><strong>igiturut</strong></span> <span class='ocrx_word' id='word_1_281' title='bbox 1111 2127 1159 2165; x_wconf 89' lang='lat' dir='ltr'><strong>cos</strong></span> <span class='ocrx_word' id='word_1_282' title='bbox 1169 2128 1238 2183; x_wconf 92' lang='lat' dir='ltr'><strong>quos</strong></span> <span class='ocrx_word' id='word_1_283' title='bbox 1249 2111 1401 2165; x_wconf 79' lang='lat' dir='ltr'><strong>effecerunt</strong></span> <span class='ocrx_word' id='word_1_284' title='bbox 1410 2115 1438 2164; x_wconf 89' lang='lat' dir='ltr'><strong>et</strong></span> <span class='ocrx_word' id='word_1_285' title='bbox 1448 2109 1643 2174; x_wconf 90' lang='lat' dir='ltr'><strong>condiderunt,</strong></span> <span class='ocrx_word' id='word_1_286' title='bbox 1660 2108 1773 2178; x_wconf 80' lang='lat' dir='ltr'><strong>opifices</strong></span> 
     </span>
     <span class='ocr_line' id='line_1_22' title="bbox 138 2198 1774 2267; baseline 0 -17"><span class='ocrx_word' id='word_1_287' title='bbox 138 2198 255 2251; x_wconf 86' lang='lat' dir='ltr'><strong>excedit.</strong></span> <span class='ocrx_word' id='word_1_288' title='bbox 975 2216 1041 2254; x_wconf 90' lang='lat' dir='ltr'><strong>suos</strong></span> <span class='ocrx_word' id='word_1_289' title='bbox 1056 2216 1116 2254; x_wconf 92' lang='lat' dir='ltr'><strong>esse</strong></span> <span class='ocrx_word' id='word_1_290' title='bbox 1126 2199 1276 2254; x_wconf 80' lang='lat' dir='ltr'><strong>censeant?</strong></span> <span class='ocrx_word' id='word_1_291' title='bbox 1292 2199 1459 2263; x_wconf 89' lang='lat' dir='ltr'><strong>Quinetiam</strong></span> <span class='ocrx_word' id='word_1_292' title='bbox 1479 2215 1542 2252; x_wconf 90' lang='lat' dir='ltr'><strong>cum</strong></span> <span class='ocrx_word' id='word_1_293' title='bbox 1552 2212 1699 2267; x_wconf 85' lang='lat' dir='ltr'><strong>eamagno</strong></span> <span class='ocrx_word' id='word_1_294' title='bbox 1714 2202 1774 2250; x_wconf 87' lang='lat' dir='ltr'><strong>stu·</strong></span> 
     </span>
    </p>

    <p class='ocr_par' dir='ltr' id='par_1_4' title="bbox 129 2286 1816 5548">
     <span class='ocr_line' id='line_1_23' title="bbox 174 2286 1774 2359; baseline -0.001 -18"><span class='ocrx_word' id='word_1_295' title='bbox 174 2286 250 2350; x_wconf 90' lang='lat' dir='ltr'><strong>Quos</strong></span> <span class='ocrx_word' id='word_1_296' title='bbox 265 2288 378 2359; x_wconf 90' lang='lat' dir='ltr'><strong>quidem</strong></span> <span class='ocrx_word' id='word_1_297' title='bbox 387 2288 515 2343; x_wconf 89' lang='lat' dir='ltr'><strong>homines</strong></span> <span class='ocrx_word' id='word_1_298' title='bbox 523 2290 634 2344; x_wconf 91' lang='lat' dir='ltr'><strong>cuinam</strong></span> <span class='ocrx_word' id='word_1_299' title='bbox 650 2290 690 2343; x_wconf 89' lang='lat' dir='ltr'><strong>rei</strong></span> <span class='ocrx_word' id='word_1_300' title='bbox 705 2290 811 2344; x_wconf 92' lang='lat' dir='ltr'><strong>similos</strong></span> <span class='ocrx_word' id='word_1_301' title='bbox 823 2307 883 2345; x_wconf 91' lang='lat' dir='ltr'><strong>esse</strong></span> <span class='ocrx_word' id='word_1_302' title='bbox 893 2291 935 2345; x_wconf 93' lang='lat' dir='ltr'><strong>di·</strong></span> <span class='ocrx_word' id='word_1_303' title='bbox 975 2288 1021 2342; x_wconf 95' lang='lat' dir='ltr'><strong>dio</strong></span> <span class='ocrx_word' id='word_1_304' title='bbox 1034 2289 1202 2354; x_wconf 87' lang='lat' dir='ltr'><strong>custodiant,</strong></span> <span class='ocrx_word' id='word_1_305' title='bbox 1213 2287 1392 2342; x_wconf 83' lang='lat' dir='ltr'><strong>nealurihus</strong></span> <span class='ocrx_word' id='word_1_306' title='bbox 1400 2287 1602 2359; x_wconf 89' lang='lat' dir='ltr'><strong>subripiantur,</strong></span> <span class='ocrx_word' id='word_1_307' title='bbox 1618 2291 1719 2340; x_wconf 89' lang='lat' dir='ltr'><strong>tamen</strong></span> <span class='ocrx_word' id='word_1_308' title='bbox 1732 2301 1774 2339; x_wconf 86' lang='lat' dir='ltr'><strong>sa-</strong></span> 
     </span>
     <span class='ocr_line' id='line_1_24' title="bbox 138 2372 1774 2448; baseline -0.001 -19"><span class='ocrx_word' id='word_1_309' title='bbox 138 2375 254 2429; x_wconf 79' lang='lat' dir='ltr'><strong>camlet</strong></span> <span class='ocrx_word' id='word_1_310' title='bbox 264 2392 385 2446; x_wconf 91' lang='lat' dir='ltr'><strong>quanam</strong></span> <span class='ocrx_word' id='word_1_311' title='bbox 397 2377 520 2446; x_wconf 82' lang='lat' dir='ltr'><strong>imagine</strong></span> <span class='ocrx_word' id='word_1_312' title='bbox 534 2394 632 2431; x_wconf 90' lang='lat' dir='ltr'><strong>corum</strong></span> <span class='ocrx_word' id='word_1_313' title='bbox 642 2378 824 2432; x_wconf 89' lang='lat' dir='ltr'><strong>stoliditatem</strong></span> <span class='ocrx_word' id='word_1_314' title='bbox 834 2377 885 2432; x_wconf 91' lang='lat' dir='ltr'><strong>tibi</strong></span> <span class='ocrx_word' id='word_1_315' title='bbox 899 2379 934 2434; x_wconf 94' lang='lat' dir='ltr'><strong>oh</strong></span> <span class='ocrx_word' id='word_1_316' title='bbox 975 2377 1042 2431; x_wconf 88' lang='lat' dir='ltr'><strong>lutis</strong></span> <span class='ocrx_word' id='word_1_317' title='bbox 1052 2393 1109 2431; x_wconf 84' lang='lat' dir='ltr'><strong>suae</strong></span> <span class='ocrx_word' id='word_1_318' title='bbox 1124 2377 1252 2434; x_wconf 84' lang='lat' dir='ltr'><strong>custodes</strong></span> <span class='ocrx_word' id='word_1_319' title='bbox 1264 2380 1437 2448; x_wconf 88' lang='lat' dir='ltr'><strong>nuncupant.</strong></span> <span class='ocrx_word' id='word_1_320' title='bbox 1448 2375 1543 2447; x_wconf 81' lang='lat' dir='ltr'><strong>Atqui,</strong></span> <span class='ocrx_word' id='word_1_321' title='bbox 1556 2391 1618 2446; x_wconf 77' lang='lat' dir='ltr'><strong>quac</strong></span> <span class='ocrx_word' id='word_1_322' title='bbox 1633 2375 1693 2429; x_wconf 77' lang='lat' dir='ltr'><strong>iraec</strong></span> <span class='ocrx_word' id='word_1_323' title='bbox 1707 2372 1774 2428; x_wconf 86' lang='lat' dir='ltr'><strong>stul·</strong></span> 
     </span>
     <span class='ocr_line' id='line_1_25' title="bbox 137 2462 1773 2537; baseline 0 -20"><span class='ocrx_word' id='word_1_324' title='bbox 137 2463 232 2517; x_wconf 88' lang='lat' dir='ltr'><strong>oculos</strong></span> <span class='ocrx_word' id='word_1_325' title='bbox 247 2465 368 2534; x_wconf 77' lang='lat' dir='ltr'><strong>ponam?</strong></span> <span class='ocrx_word' id='word_1_326' title='bbox 382 2465 436 2519; x_wconf 88' lang='lat' dir='ltr'><strong>Sed</strong></span> <span class='ocrx_word' id='word_1_327' title='bbox 449 2470 544 2519; x_wconf 87' lang='lat' dir='ltr'><strong>tamen</strong></span> <span class='ocrx_word' id='word_1_328' title='bbox 558 2467 715 2537; x_wconf 90' lang='lat' dir='ltr'><strong>exemplum</strong></span> <span class='ocrx_word' id='word_1_329' title='bbox 726 2467 867 2536; x_wconf 90' lang='lat' dir='ltr'><strong>quoddam</strong></span> <span class='ocrx_word' id='word_1_330' title='bbox 881 2467 935 2523; x_wconf 91' lang='lat' dir='ltr'><strong>tibi</strong></span> <span class='ocrx_word' id='word_1_331' title='bbox 975 2466 1039 2522; x_wconf 87' lang='lat' dir='ltr'><strong>titia</strong></span> <span class='ocrx_word' id='word_1_332' title='bbox 1048 2472 1100 2530; x_wconf 89' lang='lat' dir='ltr'><strong>cst,</strong></span> <span class='ocrx_word' id='word_1_333' title='bbox 1114 2466 1184 2520; x_wconf 93' lang='lat' dir='ltr'><strong>illud</strong></span> <span class='ocrx_word' id='word_1_334' title='bbox 1194 2481 1249 2520; x_wconf 91' lang='lat' dir='ltr'><strong>non</strong></span> <span class='ocrx_word' id='word_1_335' title='bbox 1265 2465 1421 2536; x_wconf 88' lang='lat' dir='ltr'><strong>intelligere</strong></span> <span class='ocrx_word' id='word_1_336' title='bbox 1429 2465 1489 2520; x_wconf 89' lang='lat' dir='ltr'><strong>tieri</strong></span> <span class='ocrx_word' id='word_1_337' title='bbox 1501 2480 1559 2519; x_wconf 89' lang='lat' dir='ltr'><strong>non</strong></span> <span class='ocrx_word' id='word_1_338' title='bbox 1572 2480 1665 2536; x_wconf 89' lang='lat' dir='ltr'><strong>posse,</strong></span> <span class='ocrx_word' id='word_1_339' title='bbox 1682 2462 1773 2534; x_wconf 88' lang='lat' dir='ltr'><strong>utqui</strong></span> 
     </span>
     <span class='ocr_line' id='line_1_26' title="bbox 137 2550 1771 2626; baseline 0 -21"><span class='ocrx_word' id='word_1_340' title='bbox 137 2567 302 2621; x_wconf 92' lang='lat' dir='ltr'><strong>proponam,</strong></span> <span class='ocrx_word' id='word_1_341' title='bbox 317 2552 392 2622; x_wconf 91' lang='lat' dir='ltr'><strong>quod</strong></span> <span class='ocrx_word' id='word_1_342' title='bbox 403 2552 472 2605; x_wconf 94' lang='lat' dir='ltr'><strong>mihi</strong></span> <span class='ocrx_word' id='word_1_343' title='bbox 482 2569 500 2606; x_wconf 93' lang='lat' dir='ltr'><strong>a</strong></span> <span class='ocrx_word' id='word_1_344' title='bbox 509 2553 567 2606; x_wconf 93' lang='lat' dir='ltr'><strong>viro</strong></span> <span class='ocrx_word' id='word_1_345' title='bbox 577 2553 934 2626; x_wconf 89' lang='lat' dir='ltr'><strong>quodamsummasapien·</strong></span> <span class='ocrx_word' id='word_1_346' title='bbox 975 2554 1028 2608; x_wconf 92' lang='lat' dir='ltr'><strong>sibi</strong></span> <span class='ocrx_word' id='word_1_347' title='bbox 1041 2554 1108 2626; x_wconf 89' lang='lat' dir='ltr'><strong>ipsis</strong></span> <span class='ocrx_word' id='word_1_348' title='bbox 1115 2571 1196 2626; x_wconf 91' lang='lat' dir='ltr'><strong>opem</strong></span> <span class='ocrx_word' id='word_1_349' title='bbox 1205 2554 1277 2608; x_wconf 82' lang='lat' dir='ltr'><strong>l&#39;erre</strong></span> <span class='ocrx_word' id='word_1_350' title='bbox 1288 2571 1355 2609; x_wconf 87' lang='lat' dir='ltr'><strong>acse</strong></span> <span class='ocrx_word' id='word_1_351' title='bbox 1365 2554 1438 2608; x_wconf 90' lang='lat' dir='ltr'><strong>tueri</strong></span> <span class='ocrx_word' id='word_1_352' title='bbox 1449 2557 1601 2624; x_wconf 89' lang='lat' dir='ltr'><strong>nequeunt,</strong></span> <span class='ocrx_word' id='word_1_353' title='bbox 1612 2552 1685 2607; x_wconf 89' lang='lat' dir='ltr'><strong>alios</strong></span> <span class='ocrx_word' id='word_1_354' title='bbox 1697 2550 1771 2606; x_wconf 90' lang='lat' dir='ltr'><strong>tucri</strong></span> 
     </span>
     <span class='ocr_line' id='line_1_27' title="bbox 137 2638 1771 2714; baseline 0.002 -23"><span class='ocrx_word' id='word_1_355' title='bbox 137 2638 179 2692; x_wconf 89' lang='lat' dir='ltr'><strong>tia</strong></span> <span class='ocrx_word' id='word_1_356' title='bbox 193 2639 310 2710; x_wconf 73' lang='lat' dir='ltr'><strong>praedito</strong></span> <span class='ocrx_word' id='word_1_357' title='bbox 320 2646 628 2695; x_wconf 89' lang='lat' dir='ltr'><strong>commemoratumest.</strong></span> <span class='ocrx_word' id='word_1_358' title='bbox 637 2641 738 2696; x_wconf 84' lang='lat' dir='ltr'><strong>Aiebat</strong></span> <span class='ocrx_word' id='word_1_359' title='bbox 751 2644 836 2708; x_wconf 90' lang='lat' dir='ltr'><strong>enim,</strong></span> <span class='ocrx_word' id='word_1_360' title='bbox 850 2644 935 2699; x_wconf 90' lang='lat' dir='ltr'><strong>simu·</strong></span> <span class='ocrx_word' id='word_1_361' title='bbox 975 2660 1007 2698; x_wconf 90' lang='lat' dir='ltr'><strong>ac</strong></span> <span class='ocrx_word' id='word_1_362' title='bbox 1021 2660 1078 2697; x_wconf 78' lang='lat' dir='ltr'><strong>serv</strong></span> <span class='ocrx_word' id='word_1_363' title='bbox 1084 2660 1132 2697; x_wconf 89' lang='lat' dir='ltr'><strong>are</strong></span> <span class='ocrx_word' id='word_1_364' title='bbox 1139 2643 1259 2714; x_wconf 82' lang='lat' dir='ltr'><strong>possint?</strong></span> <span class='ocrx_word' id='word_1_365' title='bbox 1273 2647 1312 2696; x_wconf 88' lang='lat' dir='ltr'><strong>Ac</strong></span> <span class='ocrx_word' id='word_1_366' title='bbox 1320 2648 1455 2714; x_wconf 83' lang='lat' dir='ltr'><strong>praeterea</strong></span> <span class='ocrx_word' id='word_1_367' title='bbox 1463 2658 1529 2713; x_wconf 92' lang='lat' dir='ltr'><strong>opes</strong></span> <span class='ocrx_word' id='word_1_368' title='bbox 1535 2658 1601 2696; x_wconf 90' lang='lat' dir='ltr'><strong>suas</strong></span> <span class='ocrx_word' id='word_1_369' title='bbox 1613 2640 1771 2705; x_wconf 77' lang='lat' dir='ltr'><strong>effundunt,</strong></span> 
     </span>
     <span class='ocr_line' id='line_1_28' title="bbox 138 2726 1773 2801; baseline 0.002 -21"><span class='ocrx_word' id='word_1_370' title='bbox 138 2726 278 2781; x_wconf 89' lang='lat' dir='ltr'><strong>lacrorum</strong></span> <span class='ocrx_word' id='word_1_371' title='bbox 287 2727 515 2800; x_wconf 91' lang='lat' dir='ltr'><strong>cultoresaucupi</strong></span> <span class='ocrx_word' id='word_1_372' title='bbox 525 2729 630 2784; x_wconf 89' lang='lat' dir='ltr'><strong>similes</strong></span> <span class='ocrx_word' id='word_1_373' title='bbox 636 2747 705 2795; x_wconf 91' lang='lat' dir='ltr'><strong>esse,</strong></span> <span class='ocrx_word' id='word_1_374' title='bbox 718 2732 766 2801; x_wconf 92' lang='lat' dir='ltr'><strong>qui</strong></span> <span class='ocrx_word' id='word_1_375' title='bbox 778 2748 841 2786; x_wconf 88' lang='lat' dir='ltr'><strong>cum</strong></span> <span class='ocrx_word' id='word_1_376' title='bbox 849 2733 934 2787; x_wconf 91' lang='lat' dir='ltr'><strong>lusci-</strong></span> <span class='ocrx_word' id='word_1_377' title='bbox 975 2731 1041 2786; x_wconf 91' lang='lat' dir='ltr'><strong>dum</strong></span> <span class='ocrx_word' id='word_1_378' title='bbox 1049 2737 1157 2787; x_wconf 89' lang='lat' dir='ltr'><strong>statuas</strong></span> <span class='ocrx_word' id='word_1_379' title='bbox 1165 2730 1773 2799; x_wconf 73' lang='lat' dir='ltr'><strong>etsimulacradamonibusexcitauteosque</strong></span> 
     </span>
     <span class='ocr_line' id='line_1_29' title="bbox 138 2816 1774 2893; baseline 0.001 -23"><span class='ocrx_word' id='word_1_380' title='bbox 138 2816 224 2883; x_wconf 89' lang='lat' dir='ltr'><strong>niam,</strong></span> <span class='ocrx_word' id='word_1_381' title='bbox 241 2816 420 2887; x_wconf 84' lang='lat' dir='ltr'><strong>perexiguam</strong></span> <span class='ocrx_word' id='word_1_382' title='bbox 442 2818 589 2886; x_wconf 88' lang='lat' dir='ltr'><strong>aviculam,</strong></span> <span class='ocrx_word' id='word_1_383' title='bbox 606 2820 734 2890; x_wconf 85' lang='lat' dir='ltr'><strong>cepisset,</strong></span> <span class='ocrx_word' id='word_1_384' title='bbox 753 2821 934 2893; x_wconf 86' lang='lat' dir='ltr'><strong>gladiumque</strong></span> <span class='ocrx_word' id='word_1_385' title='bbox 974 2820 1113 2875; x_wconf 89' lang='lat' dir='ltr'><strong>bonomm</strong></span> <span class='ocrx_word' id='word_1_386' title='bbox 1130 2821 1242 2875; x_wconf 86' lang='lat' dir='ltr'><strong>datores</strong></span> <span class='ocrx_word' id='word_1_387' title='bbox 1253 2837 1313 2875; x_wconf 87' lang='lat' dir='ltr'><strong>esse</strong></span> <span class='ocrx_word' id='word_1_388' title='bbox 1330 2825 1483 2892; x_wconf 86' lang='lat' dir='ltr'><strong>nugantur,</strong></span> <span class='ocrx_word' id='word_1_389' title='bbox 1499 2819 1533 2874; x_wconf 89' lang='lat' dir='ltr'><strong>ab</strong></span> <span class='ocrx_word' id='word_1_390' title='bbox 1547 2819 1583 2873; x_wconf 91' lang='lat' dir='ltr'><strong>iis</strong></span> <span class='ocrx_word' id='word_1_391' title='bbox 1597 2835 1633 2873; x_wconf 89' lang='lat' dir='ltr'><strong>ca</strong></span> <span class='ocrx_word' id='word_1_392' title='bbox 1645 2817 1699 2873; x_wconf 91' lang='lat' dir='ltr'><strong>sibi</strong></span> <span class='ocrx_word' id='word_1_393' title='bbox 1713 2817 1774 2873; x_wconf 85' lang='lat' dir='ltr'><strong>dari</strong></span> 
     </span>
     <span class='ocr_line' id='line_1_30' title="bbox 138 2894 1772 2980; baseline 0.002 -23"><span class='ocrx_word' id='word_1_394' title='bbox 138 2904 303 2976; x_wconf 84' lang='lat' dir='ltr'><strong>arripuisset</strong></span> <span class='ocrx_word' id='word_1_395' title='bbox 315 2911 347 2959; x_wconf 93' lang='lat' dir='ltr'><strong>ut</strong></span> <span class='ocrx_word' id='word_1_396' title='bbox 361 2922 422 2959; x_wconf 92' lang='lat' dir='ltr'><strong>eam</strong></span> <span class='ocrx_word' id='word_1_397' title='bbox 434 2907 581 2977; x_wconf 87' lang='lat' dir='ltr'><strong>jugularet</strong></span> <span class='ocrx_word' id='word_1_398' title='bbox 594 2924 626 2962; x_wconf 93' lang='lat' dir='ltr'><strong>ac</strong></span> <span class='ocrx_word' id='word_1_399' title='bbox 635 2909 803 2974; x_wconf 86' lang='lat' dir='ltr'><strong>comederet,</strong></span> <span class='ocrx_word' id='word_1_400' title='bbox 817 2927 859 2976; x_wconf 87' lang='lat' dir='ltr'><strong>ea,</strong></span> <span class='ocrx_word' id='word_1_401' title='bbox 870 2927 934 2964; x_wconf 90' lang='lat' dir='ltr'><strong>con·</strong></span> <span class='ocrx_word' id='word_1_402' title='bbox 975 2926 1036 2980; x_wconf 80' lang='lat' dir='ltr'><strong>quae</strong></span> <span class='ocrx_word' id='word_1_403' title='bbox 1048 2894 1100 2964; x_wconf 88' lang='lat' dir='ltr'><strong>nec</strong></span> <span class='ocrx_word' id='word_1_404' title='bbox 1108 2909 1161 2980; x_wconf 93' lang='lat' dir='ltr'><strong>ipsi</strong></span> <span class='ocrx_word' id='word_1_405' title='bbox 1175 2925 1300 2979; x_wconf 90' lang='lat' dir='ltr'><strong>unquam</strong></span> <span class='ocrx_word' id='word_1_406' title='bbox 1309 2907 1477 2974; x_wconf 89' lang='lat' dir='ltr'><strong>habuerunt,</strong></span> <span class='ocrx_word' id='word_1_407' title='bbox 1494 2923 1682 2978; x_wconf 89' lang='lat' dir='ltr'><strong>necunquam</strong></span> <span class='ocrx_word' id='word_1_408' title='bbox 1692 2904 1772 2962; x_wconf 91' lang='lat' dir='ltr'><strong>habi·</strong></span> 
     </span>
     <span class='ocr_line' id='line_1_31' title="bbox 138 2988 1771 3069; baseline 0 -21"><span class='ocrx_word' id='word_1_409' title='bbox 138 3008 216 3048; x_wconf 88' lang='lat' dir='ltr'><strong>cessa</strong></span> <span class='ocrx_word' id='word_1_410' title='bbox 226 2992 279 3047; x_wconf 92' lang='lat' dir='ltr'><strong>sibi</strong></span> <span class='ocrx_word' id='word_1_411' title='bbox 294 2993 443 3048; x_wconf 90' lang='lat' dir='ltr'><strong>articulata</strong></span> <span class='ocrx_word' id='word_1_412' title='bbox 456 3011 530 3061; x_wconf 90' lang='lat' dir='ltr'><strong>voec,</strong></span> <span class='ocrx_word' id='word_1_413' title='bbox 547 2995 582 3049; x_wconf 90' lang='lat' dir='ltr'><strong>ad</strong></span> <span class='ocrx_word' id='word_1_414' title='bbox 596 3013 732 3067; x_wconf 91' lang='lat' dir='ltr'><strong>aucupem</strong></span> <span class='ocrx_word' id='word_1_415' title='bbox 746 2997 829 3053; x_wconf 88' lang='lat' dir='ltr'><strong>dixit:</strong></span> <span class='ocrx_word' id='word_1_416' title='bbox 846 2999 932 3062; x_wconf 90' lang='lat' dir='ltr'><strong>Quid·</strong></span> <span class='ocrx_word' id='word_1_417' title='bbox 975 2998 1031 3052; x_wconf 91' lang='lat' dir='ltr'><strong>turi</strong></span> <span class='ocrx_word' id='word_1_418' title='bbox 1046 2988 1121 3053; x_wconf 86' lang='lat' dir='ltr'><strong>sunt.</strong></span> <span class='ocrx_word' id='word_1_419' title='bbox 1132 2998 1227 3069; x_wconf 89' lang='lat' dir='ltr'><strong>quue</strong></span> <span class='ocrx_word' id='word_1_420' title='bbox 1235 2997 1348 3052; x_wconf 89' lang='lat' dir='ltr'><strong>nomine</strong></span> <span class='ocrx_word' id='word_1_421' title='bbox 1361 2997 1494 3068; x_wconf 88' lang='lat' dir='ltr'><strong>scriptum</strong></span> <span class='ocrx_word' id='word_1_422' title='bbox 1510 3002 1553 3050; x_wconf 90' lang='lat' dir='ltr'><strong>est</strong></span> <span class='ocrx_word' id='word_1_423' title='bbox 1570 3014 1575 3049; x_wconf 92' lang='lat'>:</span> <span class='ocrx_word' id='word_1_424' title='bbox 1593 2994 1710 3050; x_wconf 85' lang='lat' dir='ltr'><strong>Similes</strong></span> <span class='ocrx_word' id='word_1_425' title='bbox 1717 2993 1771 3049; x_wconf 87' lang='lat' dir='ltr'><strong>illis</strong></span> 
     </span>
     <span class='ocr_line' id='line_1_32' title="bbox 137 3082 1772 3158; baseline 0.001 -22"><span class='ocrx_word' id='word_1_426' title='bbox 137 3098 213 3148; x_wconf 90' lang='lat' dir='ltr'><strong>nam,</strong></span> <span class='ocrx_word' id='word_1_427' title='bbox 230 3082 346 3148; x_wconf 91' lang='lat' dir='ltr'><strong>ohomo,</strong></span> <span class='ocrx_word' id='word_1_428' title='bbox 360 3100 392 3136; x_wconf 92' lang='lat' dir='ltr'><strong>ex</strong></span> <span class='ocrx_word' id='word_1_429' title='bbox 400 3099 464 3138; x_wconf 90' lang='lat' dir='ltr'><strong>mea</strong></span> <span class='ocrx_word' id='word_1_430' title='bbox 473 3085 581 3138; x_wconf 88' lang='lat' dir='ltr'><strong>nccead</strong></span> <span class='ocrx_word' id='word_1_431' title='bbox 591 3091 618 3139; x_wconf 91' lang='lat' dir='ltr'><strong>te</strong></span> <span class='ocrx_word' id='word_1_432' title='bbox 631 3085 762 3139; x_wconf 89' lang='lat' dir='ltr'><strong>utilitatis</strong></span> <span class='ocrx_word' id='word_1_433' title='bbox 772 3087 929 3142; x_wconf 89' lang='lat' dir='ltr'><strong>rediturum</strong></span> <span class='ocrx_word' id='word_1_434' title='bbox 939 3089 961 3149; x_wconf 86' lang='lat' dir='ltr'><strong>G</strong></span> <span class='ocrx_word' id='word_1_435' title='bbox 972 3088 1051 3153; x_wconf 83' lang='lat' dir='ltr'><strong>siant,</strong></span> <span class='ocrx_word' id='word_1_436' title='bbox 1068 3087 1116 3158; x_wconf 92' lang='lat' dir='ltr'><strong>qui</strong></span> <span class='ocrx_word' id='word_1_437' title='bbox 1130 3086 1237 3140; x_wconf 83' lang='lat' dir='ltr'><strong>faciunt</strong></span> <span class='ocrx_word' id='word_1_438' title='bbox 1249 3103 1291 3146; x_wconf 78' lang='lat' dir='ltr'><strong>ea.</strong></span> <span class='ocrx_word' id='word_1_439' title='bbox 1306 3090 1334 3139; x_wconf 92' lang='lat' dir='ltr'><strong>et</strong></span> <span class='ocrx_word' id='word_1_440' title='bbox 1350 3102 1446 3139; x_wconf 85' lang='lat' dir='ltr'><strong>omncs</strong></span> <span class='ocrx_word' id='word_1_441' title='bbox 1465 3084 1513 3157; x_wconf 90' lang='lat' dir='ltr'><strong>qui</strong></span> <span class='ocrx_word' id='word_1_442' title='bbox 1525 3084 1673 3139; x_wconf 81' lang='lat' dir='ltr'><strong>confidunt</strong></span> <span class='ocrx_word' id='word_1_443' title='bbox 1689 3082 1721 3137; x_wconf 89' lang='lat' dir='ltr'><strong>in</strong></span> <span class='ocrx_word' id='word_1_444' title='bbox 1733 3082 1772 3138; x_wconf 87' lang='lat' dir='ltr'><strong>eis</strong></span> 
     </span>
     <span class='ocr_line' id='line_1_33' title="bbox 138 3170 1770 3250; baseline 0.001 -26"><span class='ocrx_word' id='word_1_445' title='bbox 138 3170 198 3225; x_wconf 78' lang='lat' dir='ltr'><strong>est?</strong></span> <span class='ocrx_word' id='word_1_446' title='bbox 208 3187 299 3242; x_wconf 89' lang='lat' dir='ltr'><strong>neque</strong></span> <span class='ocrx_word' id='word_1_447' title='bbox 315 3170 389 3225; x_wconf 92' lang='lat' dir='ltr'><strong>enim</strong></span> <span class='ocrx_word' id='word_1_448' title='bbox 405 3188 455 3242; x_wconf 90' lang='lat' dir='ltr'><strong>per</strong></span> <span class='ocrx_word' id='word_1_449' title='bbox 469 3190 514 3227; x_wconf 94' lang='lat' dir='ltr'><strong>me</strong></span> <span class='ocrx_word' id='word_1_450' title='bbox 527 3179 652 3228; x_wconf 89' lang='lat' dir='ltr'><strong>ventrem</strong></span> <span class='ocrx_word' id='word_1_451' title='bbox 663 3178 743 3228; x_wconf 91' lang='lat' dir='ltr'><strong>tuum</strong></span> <span class='ocrx_word' id='word_1_452' title='bbox 757 3175 867 3246; x_wconf 66' lang='lat' dir='ltr'><strong>‹rx-&lt;plere</strong></span> <span class='ocrx_word' id='word_1_453' title='bbox 879 3193 931 3246; x_wconf 94' lang='lat' dir='ltr'><strong>po·</strong></span> <span class='ocrx_word' id='word_1_454' title='bbox 974 3179 1055 3250; x_wconf 79' lang='lat' dir='ltr'><strong>(Psoi.</strong></span> <span class='ocrx_word' id='word_1_455' title='bbox 1067 3176 1151 3245; x_wconf 78' lang='lat' dir='ltr'><strong>cxlvi).</strong></span> <span class='ocrx_word' id='word_1_456' title='bbox 1169 3175 1222 3239; x_wconf 92' lang='lat' dir='ltr'><strong>Qui</strong></span> <span class='ocrx_word' id='word_1_457' title='bbox 1237 3174 1349 3245; x_wconf 83' lang='lat' dir='ltr'><strong>quidem</strong></span> <span class='ocrx_word' id='word_1_458' title='bbox 1364 3173 1478 3228; x_wconf 78' lang='lat' dir='ltr'><strong>aumsrce</strong></span> <span class='ocrx_word' id='word_1_459' title='bbox 1492 3173 1621 3227; x_wconf 88' lang='lat' dir='ltr'><strong>mercede</strong></span> <span class='ocrx_word' id='word_1_460' title='bbox 1635 3172 1770 3227; x_wconf 85' lang='lat' dir='ltr'><strong>conducto</strong></span> 
     </span>
     <span class='ocr_line' id='line_1_34' title="bbox 135 3258 1771 3335; baseline 0.001 -22"><span class='ocrx_word' id='word_1_461' title='bbox 135 3258 214 3313; x_wconf 90' lang='lat' dir='ltr'><strong>teris.</strong></span> <span class='ocrx_word' id='word_1_462' title='bbox 230 3259 298 3313; x_wconf 86' lang='lat' dir='ltr'><strong>Atsi</strong></span> <span class='ocrx_word' id='word_1_463' title='bbox 309 3275 353 3313; x_wconf 89' lang='lat' dir='ltr'><strong>me</strong></span> <span class='ocrx_word' id='word_1_464' title='bbox 360 3259 476 3315; x_wconf 90' lang='lat' dir='ltr'><strong>vinculis</strong></span> <span class='ocrx_word' id='word_1_465' title='bbox 485 3260 655 3328; x_wconf 88' lang='lat' dir='ltr'><strong>liberaveris,</strong></span> <span class='ocrx_word' id='word_1_466' title='bbox 664 3263 719 3317; x_wconf 91' lang='lat' dir='ltr'><strong>tria</strong></span> <span class='ocrx_word' id='word_1_467' title='bbox 728 3269 867 3335; x_wconf 70' lang='lat' dir='ltr'><strong>praecepta</strong></span> <span class='ocrx_word' id='word_1_468' title='bbox 881 3264 932 3318; x_wconf 92' lang='lat' dir='ltr'><strong>tibi</strong></span> <span class='ocrx_word' id='word_1_469' title='bbox 973 3264 1153 3318; x_wconf 90' lang='lat' dir='ltr'><strong>simulacrum</strong></span> <span class='ocrx_word' id='word_1_470' title='bbox 1162 3279 1248 3316; x_wconf 89' lang='lat' dir='ltr'><strong>manu</strong></span> <span class='ocrx_word' id='word_1_471' title='bbox 1255 3263 1452 3328; x_wconf 87' lang='lat' dir='ltr'><strong>ellecerunt,ac</strong></span> <span class='ocrx_word' id='word_1_472' title='bbox 1458 3277 1546 3333; x_wconf 92' lang='lat' dir='ltr'><strong>prono</strong></span> <span class='ocrx_word' id='word_1_473' title='bbox 1553 3277 1671 3332; x_wconf 88' lang='lat' dir='ltr'><strong>corpore</strong></span> <span class='ocrx_word' id='word_1_474' title='bbox 1678 3261 1771 3332; x_wconf 90' lang='lat' dir='ltr'><strong>ipsum</strong></span> 
     </span>
     <span class='ocr_line' id='line_1_35' title="bbox 135 3347 1770 3422; baseline 0.001 -20"><span class='ocrx_word' id='word_1_475' title='bbox 135 3348 259 3402; x_wconf 92' lang='lat' dir='ltr'><strong>tradam:</strong></span> <span class='ocrx_word' id='word_1_476' title='bbox 274 3347 374 3418; x_wconf 88' lang='lat' dir='ltr'><strong>quihus</strong></span> <span class='ocrx_word' id='word_1_477' title='bbox 389 3349 413 3402; x_wconf 92' lang='lat' dir='ltr'><strong>si</strong></span> <span class='ocrx_word' id='word_1_478' title='bbox 427 3350 565 3420; x_wconf 90' lang='lat' dir='ltr'><strong>parueris,</strong></span> <span class='ocrx_word' id='word_1_479' title='bbox 580 3351 689 3420; x_wconf 89' lang='lat' dir='ltr'><strong>magnis</strong></span> <span class='ocrx_word' id='word_1_480' title='bbox 704 3369 755 3422; x_wconf 90' lang='lat' dir='ltr'><strong>per</strong></span> <span class='ocrx_word' id='word_1_481' title='bbox 769 3369 881 3407; x_wconf 93' lang='lat' dir='ltr'><strong>omnem</strong></span> <span class='ocrx_word' id='word_1_482' title='bbox 895 3354 933 3408; x_wconf 94' lang='lat' dir='ltr'><strong>vi·</strong></span> <span class='ocrx_word' id='word_1_483' title='bbox 976 3353 1140 3408; x_wconf 87' lang='lat' dir='ltr'><strong>adorarunt.</strong></span> <span class='ocrx_word' id='word_1_484' title='bbox 1150 3351 1281 3406; x_wconf 89' lang='lat' dir='ltr'><strong>llumeris</strong></span> <span class='ocrx_word' id='word_1_485' title='bbox 1296 3350 1365 3405; x_wconf 92' lang='lat' dir='ltr'><strong>illud</strong></span> <span class='ocrx_word' id='word_1_486' title='bbox 1380 3350 1483 3404; x_wconf 89' lang='lat' dir='ltr'><strong>tollunt</strong></span> <span class='ocrx_word' id='word_1_487' title='bbox 1493 3366 1525 3402; x_wconf 87' lang='lat' dir='ltr'><strong>ac</strong></span> <span class='ocrx_word' id='word_1_488' title='bbox 1539 3349 1770 3420; x_wconf 88' lang='lat' dir='ltr'><strong>proficiscuntur;</strong></span> 
     </span>
     <span class='ocr_line' id='line_1_36' title="bbox 135 3437 1772 3512; baseline 0.001 -22"><span class='ocrx_word' id='word_1_489' title='bbox 135 3440 195 3490; x_wconf 87' lang='lat' dir='ltr'><strong>tam</strong></span> <span class='ocrx_word' id='word_1_490' title='bbox 205 3437 358 3490; x_wconf 89' lang='lat' dir='ltr'><strong>commodis</strong></span> <span class='ocrx_word' id='word_1_491' title='bbox 368 3437 702 3493; x_wconf 81' lang='lat' dir='ltr'><strong>afficierislllcautemex</strong></span> <span class='ocrx_word' id='word_1_492' title='bbox 713 3440 935 3511; x_wconf 88' lang='lat' dir='ltr'><strong>ipsiussermone</strong></span> <span class='ocrx_word' id='word_1_493' title='bbox 976 3443 1000 3496; x_wconf 92' lang='lat' dir='ltr'><strong>si</strong></span> <span class='ocrx_word' id='word_1_494' title='bbox 1014 3447 1109 3496; x_wconf 88' lang='lat' dir='ltr'><strong>autom</strong></span> <span class='ocrx_word' id='word_1_495' title='bbox 1125 3440 1217 3512; x_wconf 90' lang='lat' dir='ltr'><strong>ipsum</strong></span> <span class='ocrx_word' id='word_1_496' title='bbox 1231 3440 1342 3510; x_wconf 91' lang='lat' dir='ltr'><strong>uspiam</strong></span> <span class='ocrx_word' id='word_1_497' title='bbox 1352 3437 1522 3495; x_wconf 83' lang='lat' dir='ltr'><strong>collocarint.</strong></span> <span class='ocrx_word' id='word_1_498' title='bbox 1536 3438 1708 3504; x_wconf 83' lang='lat' dir='ltr'><strong>illicmanet,</strong></span> <span class='ocrx_word' id='word_1_499' title='bbox 1723 3453 1772 3492; x_wconf 86' lang='lat' dir='ltr'><strong>neo</strong></span> 
     </span>
     <span class='ocr_line' id='line_1_37' title="bbox 136 3524 1771 3601; baseline 0.002 -23"><span class='ocrx_word' id='word_1_500' title='bbox 136 3524 322 3579; x_wconf 87' lang='lat' dir='ltr'><strong>admiratione</strong></span> <span class='ocrx_word' id='word_1_501' title='bbox 337 3531 503 3591; x_wconf 89' lang='lat' dir='ltr'><strong>commotus,</strong></span> <span class='ocrx_word' id='word_1_502' title='bbox 516 3544 575 3581; x_wconf 90' lang='lat' dir='ltr'><strong>sese</strong></span> <span class='ocrx_word' id='word_1_503' title='bbox 585 3526 724 3581; x_wconf 82' lang='lat' dir='ltr'><strong>iacturum</strong></span> <span class='ocrx_word' id='word_1_504' title='bbox 737 3530 851 3600; x_wconf 89' lang='lat' dir='ltr'><strong>recepit,</strong></span> <span class='ocrx_word' id='word_1_505' title='bbox 866 3536 897 3584; x_wconf 91' lang='lat' dir='ltr'><strong>ut</strong></span> <span class='ocrx_word' id='word_1_506' title='bbox 911 3531 935 3584; x_wconf 92' lang='lat' dir='ltr'><strong>si</strong></span> <span class='ocrx_word' id='word_1_507' title='bbox 976 3529 1082 3584; x_wconf 90' lang='lat' dir='ltr'><strong>moveri</strong></span> <span class='ocrx_word' id='word_1_508' title='bbox 1090 3535 1191 3601; x_wconf 87' lang='lat' dir='ltr'><strong>potest.</strong></span> <span class='ocrx_word' id='word_1_509' title='bbox 1204 3529 1239 3583; x_wconf 83' lang='lat' dir='ltr'><strong>Et</strong></span> <span class='ocrx_word' id='word_1_510' title='bbox 1247 3526 1453 3599; x_wconf 90' lang='lat' dir='ltr'><strong>quantumlibet</strong></span> <span class='ocrx_word' id='word_1_511' title='bbox 1463 3527 1526 3597; x_wconf 89' lang='lat' dir='ltr'><strong>quis</strong></span> <span class='ocrx_word' id='word_1_512' title='bbox 1535 3526 1588 3598; x_wconf 88' lang='lat' dir='ltr'><strong>ipsi</strong></span> <span class='ocrx_word' id='word_1_513' title='bbox 1597 3526 1771 3593; x_wconf 88' lang='lat' dir='ltr'><strong>clamaverit,</strong></span> 
     </span>
     <span class='ocr_line' id='line_1_38' title="bbox 136 3612 1771 3687; baseline 0.002 -21"><span class='ocrx_word' id='word_1_514' title='bbox 136 3628 239 3666; x_wconf 87' lang='lat' dir='ltr'><strong>novum</strong></span> <span class='ocrx_word' id='word_1_515' title='bbox 255 3612 362 3683; x_wconf 89' lang='lat' dir='ltr'><strong>aliquid</strong></span> <span class='ocrx_word' id='word_1_516' title='bbox 377 3612 413 3666; x_wconf 88' lang='lat' dir='ltr'><strong>ab</strong></span> <span class='ocrx_word' id='word_1_517' title='bbox 426 3629 460 3666; x_wconf 91' lang='lat' dir='ltr'><strong>ea</strong></span> <span class='ocrx_word' id='word_1_518' title='bbox 475 3615 595 3680; x_wconf 90' lang='lat' dir='ltr'><strong>audiret,</strong></span> <span class='ocrx_word' id='word_1_519' title='bbox 617 3616 713 3671; x_wconf 87' lang='lat' dir='ltr'><strong>statim</strong></span> <span class='ocrx_word' id='word_1_520' title='bbox 728 3633 789 3670; x_wconf 92' lang='lat' dir='ltr'><strong>eam</strong></span> <span class='ocrx_word' id='word_1_521' title='bbox 805 3617 935 3673; x_wconf 89' lang='lat' dir='ltr'><strong>libertate</strong></span> <span class='ocrx_word' id='word_1_522' title='bbox 976 3636 1032 3673; x_wconf 87' lang='lat' dir='ltr'><strong>non</strong></span> <span class='ocrx_word' id='word_1_523' title='bbox 1056 3616 1194 3684; x_wconf 91' lang='lat' dir='ltr'><strong>exaudiet,</strong></span> <span class='ocrx_word' id='word_1_524' title='bbox 1220 3633 1271 3672; x_wconf 86' lang='lat' dir='ltr'><strong>nec</strong></span> <span class='ocrx_word' id='word_1_525' title='bbox 1292 3633 1324 3670; x_wconf 91' lang='lat' dir='ltr'><strong>ex</strong></span> <span class='ocrx_word' id='word_1_526' title='bbox 1349 3615 1556 3670; x_wconf 85' lang='lat' dir='ltr'><strong>calamitatibus</strong></span> <span class='ocrx_word' id='word_1_527' title='bbox 1579 3631 1647 3669; x_wconf 91' lang='lat' dir='ltr'><strong>eum</strong></span> <span class='ocrx_word' id='word_1_528' title='bbox 1661 3615 1771 3687; x_wconf 83' lang='lat' dir='ltr'><strong>eripiet</strong></span> 
     </span>
     <span class='ocr_line' id='line_1_39' title="bbox 136 3700 1806 3777; baseline 0.002 -23"><span class='ocrx_word' id='word_1_529' title='bbox 136 3700 264 3766; x_wconf 90' lang='lat' dir='ltr'><strong>donaret,</strong></span> <span class='ocrx_word' id='word_1_530' title='bbox 273 3716 305 3753; x_wconf 90' lang='lat' dir='ltr'><strong>ac</strong></span> <span class='ocrx_word' id='word_1_531' title='bbox 315 3701 695 3759; x_wconf 88' lang='lat' dir='ltr'><strong>missamtaceret.Conversa</strong></span> <span class='ocrx_word' id='word_1_532' title='bbox 704 3706 932 3777; x_wconf 89' lang='lat' dir='ltr'><strong>itaqueluscinia,</strong></span> <span class='ocrx_word' id='word_1_533' title='bbox 976 3705 1163 3771; x_wconf 87' lang='lat' dir='ltr'><strong>Quamobrem</strong></span> <span class='ocrx_word' id='word_1_534' title='bbox 1173 3704 1379 3759; x_wconf 85' lang='lat' dir='ltr'><strong>confundantur</strong></span> <span class='ocrx_word' id='word_1_535' title='bbox 1394 3703 1442 3775; x_wconf 92' lang='lat' dir='ltr'><strong>qui</strong></span> <span class='ocrx_word' id='word_1_536' title='bbox 1457 3703 1486 3757; x_wconf 95' lang='lat' dir='ltr'><strong>in</strong></span> <span class='ocrx_word' id='word_1_537' title='bbox 1499 3702 1677 3774; x_wconf 90' lang='lat' dir='ltr'><strong>sculptilibus</strong></span> <span class='ocrx_word' id='word_1_538' title='bbox 1690 3703 1806 3758; x_wconf 83' lang='lat' dir='ltr'><strong>coud-</strong></span> 
     </span>
     <span class='ocr_line' id='line_1_40' title="bbox 136 3786 1799 3867; baseline 0.004 -26"><span class='ocrx_word' id='word_1_539' title='bbox 136 3786 244 3841; x_wconf 93' lang='lat' dir='ltr'><strong>homini</strong></span> <span class='ocrx_word' id='word_1_540' title='bbox 259 3787 300 3842; x_wconf 89' lang='lat' dir='ltr'><strong>ait</strong></span> <span class='ocrx_word' id='word_1_541' title='bbox 312 3806 318 3840; x_wconf 90' lang='lat'>:</span> <span class='ocrx_word' id='word_1_542' title='bbox 330 3789 481 3858; x_wconf 90' lang='lat' dir='ltr'><strong>Nunquam</strong></span> <span class='ocrx_word' id='word_1_543' title='bbox 496 3807 556 3845; x_wconf 89' lang='lat' dir='ltr'><strong>rem</strong></span> <span class='ocrx_word' id='word_1_544' title='bbox 571 3809 655 3861; x_wconf 92' lang='lat' dir='ltr'><strong>quam</strong></span> <span class='ocrx_word' id='word_1_545' title='bbox 666 3795 796 3864; x_wconf 88' lang='lat' dir='ltr'><strong>consequi</strong></span> <span class='ocrx_word' id='word_1_546' title='bbox 810 3812 934 3867; x_wconf 89' lang='lat' dir='ltr'><strong>nequeas</strong></span> <span class='ocrx_word' id='word_1_547' title='bbox 974 3795 1060 3850; x_wconf 92' lang='lat' dir='ltr'><strong>dunt:</strong></span> <span class='ocrx_word' id='word_1_548' title='bbox 1077 3794 1167 3865; x_wconf 90' lang='lat' dir='ltr'><strong>etqui</strong></span> <span class='ocrx_word' id='word_1_549' title='bbox 1182 3793 1278 3847; x_wconf 88' lang='lat' dir='ltr'><strong>dicunt</strong></span> <span class='ocrx_word' id='word_1_550' title='bbox 1294 3792 1327 3846; x_wconf 89' lang='lat' dir='ltr'><strong>iis</strong></span> <span class='ocrx_word' id='word_1_551' title='bbox 1343 3809 1404 3862; x_wconf 79' lang='lat' dir='ltr'><strong>quae</strong></span> <span class='ocrx_word' id='word_1_552' title='bbox 1418 3792 1539 3846; x_wconf 87' lang='lat' dir='ltr'><strong>conllata</strong></span> <span class='ocrx_word' id='word_1_553' title='bbox 1554 3797 1622 3846; x_wconf 89' lang='lat' dir='ltr'><strong>sunt</strong></span> <span class='ocrx_word' id='word_1_554' title='bbox 1637 3810 1643 3844; x_wconf 96' lang='lat'><strong>:</strong></span> <span class='ocrx_word' id='word_1_555' title='bbox 1665 3792 1724 3847; x_wconf 82' lang='lat' dir='ltr'><strong>Vos</strong></span> <span class='ocrx_word' id='word_1_556' title='bbox 1737 3791 1799 3847; x_wconf 83' lang='lat' dir='ltr'><strong>dii.</strong></span> 
     </span>
     <span class='ocr_line' id='line_1_41' title="bbox 137 3875 1802 3953; baseline 0.005 -25"><span class='ocrx_word' id='word_1_557' title='bbox 137 3875 299 3944; x_wconf 88' lang='lat' dir='ltr'><strong>aggredere.</strong></span> <span class='ocrx_word' id='word_1_558' title='bbox 313 3877 464 3948; x_wconf 89' lang='lat' dir='ltr'><strong>Nunquam</strong></span> <span class='ocrx_word' id='word_1_559' title='bbox 475 3879 515 3933; x_wconf 92' lang='lat' dir='ltr'><strong>rei</strong></span> <span class='ocrx_word' id='word_1_560' title='bbox 530 3881 678 3950; x_wconf 79' lang='lat' dir='ltr'><strong>praeterita</strong></span> <span class='ocrx_word' id='word_1_561' title='bbox 687 3884 864 3953; x_wconf 82' lang='lat' dir='ltr'><strong>tepoeniteat.</strong></span> <span class='ocrx_word' id='word_1_562' title='bbox 881 3885 932 3940; x_wconf 88' lang='lat' dir='ltr'><strong>Rei</strong></span> <span class='ocrx_word' id='word_1_563' title='bbox 973 3883 1062 3938; x_wconf 87' lang='lat' dir='ltr'><strong>nostri</strong></span> <span class='ocrx_word' id='word_1_564' title='bbox 1078 3883 1154 3936; x_wconf 87' lang='lat' dir='ltr'><strong>estis.</strong></span> <span class='ocrx_word' id='word_1_565' title='bbox 1170 3882 1390 3937; x_wconf 86' lang='lat' dir='ltr'><strong>immolaverunt</strong></span> <span class='ocrx_word' id='word_1_566' title='bbox 1401 3880 1476 3934; x_wconf 91' lang='lat' dir='ltr'><strong>enim</strong></span> <span class='ocrx_word' id='word_1_567' title='bbox 1490 3880 1646 3945; x_wconf 69' lang='lat' dir='ltr'><strong>daemoniis</strong></span> <span class='ocrx_word' id='word_1_568' title='bbox 1669 3885 1700 3934; x_wconf 87' lang='lat' dir='ltr'><strong>et</strong></span> <span class='ocrx_word' id='word_1_569' title='bbox 1718 3896 1802 3936; x_wconf 60' lang='lat' dir='ltr'><strong>nort</strong></span> 
     </span>
     <span class='ocr_line' id='line_1_42' title="bbox 135 3962 1795 4038; baseline 0.001 -22"><span class='ocrx_word' id='word_1_570' title='bbox 135 3962 441 4035; x_wconf 87' lang='lat' dir='ltr'><strong>incredibilinunquam</strong></span> <span class='ocrx_word' id='word_1_571' title='bbox 452 3967 654 4022; x_wconf 85' lang='lat' dir='ltr'><strong>fidemadhibe.</strong></span> <span class='ocrx_word' id='word_1_572' title='bbox 664 3970 932 4026; x_wconf 84' lang='lat' dir='ltr'><strong>Haectriamandata</strong></span> <span class='ocrx_word' id='word_1_573' title='bbox 973 3970 1041 4034; x_wconf 90' lang='lat' dir='ltr'><strong>Deo,</strong></span> <span class='ocrx_word' id='word_1_574' title='bbox 1058 3968 1111 4022; x_wconf 88' lang='lat' dir='ltr'><strong>diis</strong></span> <span class='ocrx_word' id='word_1_575' title='bbox 1127 3984 1196 4038; x_wconf 92' lang='lat' dir='ltr'><strong>quos</strong></span> <span class='ocrx_word' id='word_1_576' title='bbox 1210 3965 1387 4036; x_wconf 86' lang='lat' dir='ltr'><strong>ignorabant.</strong></span> <span class='ocrx_word' id='word_1_577' title='bbox 1402 3965 1471 4019; x_wconf 83' lang='lat' dir='ltr'><strong>Novi</strong></span> <span class='ocrx_word' id='word_1_578' title='bbox 1486 3970 1671 4035; x_wconf 87' lang='lat' dir='ltr'><strong>recentesque</strong></span> <span class='ocrx_word' id='word_1_579' title='bbox 1689 3979 1795 4018; x_wconf 84' lang='lat' dir='ltr'><strong>vene-</strong></span> 
     </span>
     <span class='ocr_line' id='line_1_43' title="bbox 136 4052 1799 4128; baseline 0 -22"><span class='ocrx_word' id='word_1_580' title='bbox 136 4068 224 4118; x_wconf 86' lang='lat' dir='ltr'><strong>serva,</strong></span> <span class='ocrx_word' id='word_1_581' title='bbox 242 4058 336 4120; x_wconf 69' lang='lat' dir='ltr'><strong>m</strong></span> <span class='ocrx_word' id='word_1_582' title='bbox 351 4059 379 4107; x_wconf 93' lang='lat' dir='ltr'><strong>et</strong></span> <span class='ocrx_word' id='word_1_583' title='bbox 393 4056 525 4125; x_wconf 72' lang='lat' dir='ltr'><strong>praeclare</strong></span> <span class='ocrx_word' id='word_1_584' title='bbox 542 4063 633 4111; x_wconf 87' lang='lat' dir='ltr'><strong>tecum</strong></span> <span class='ocrx_word' id='word_1_585' title='bbox 647 4063 755 4128; x_wconf 84' lang='lat' dir='ltr'><strong>agetur.</strong></span> <span class='ocrx_word' id='word_1_586' title='bbox 773 4060 822 4114; x_wconf 89' lang='lat' dir='ltr'><strong>Ille</strong></span> <span class='ocrx_word' id='word_1_587' title='bbox 836 4067 932 4114; x_wconf 90' lang='lat' dir='ltr'><strong>autem</strong></span> <span class='ocrx_word' id='word_1_588' title='bbox 973 4063 1049 4123; x_wconf 89' lang='lat' dir='ltr'><strong>runt,</strong></span> <span class='ocrx_word' id='word_1_589' title='bbox 1067 4074 1137 4127; x_wconf 91' lang='lat' dir='ltr'><strong>quos</strong></span> <span class='ocrx_word' id='word_1_590' title='bbox 1152 4055 1364 4110; x_wconf 91' lang='lat' dir='ltr'><strong>noncoluerunt</strong></span> <span class='ocrx_word' id='word_1_591' title='bbox 1377 4059 1471 4125; x_wconf 89' lang='lat' dir='ltr'><strong>patres</strong></span> <span class='ocrx_word' id='word_1_592' title='bbox 1493 4069 1600 4108; x_wconf 91' lang='lat' dir='ltr'><strong>eorum.</strong></span> <span class='ocrx_word' id='word_1_593' title='bbox 1618 4052 1799 4107; x_wconf 62' lang='lat' dir='ltr'><strong>Generatim</strong></span> 
     </span>
     <span class='ocr_line' id='line_1_44' title="bbox 136 4141 1791 4217; baseline 0 -23"><span class='ocrx_word' id='word_1_594' title='bbox 136 4141 236 4196; x_wconf 90' lang='lat' dir='ltr'><strong>horum</strong></span> <span class='ocrx_word' id='word_1_595' title='bbox 243 4141 390 4196; x_wconf 90' lang='lat' dir='ltr'><strong>vorborum</strong></span> <span class='ocrx_word' id='word_1_596' title='bbox 398 4145 579 4213; x_wconf 82' lang='lat' dir='ltr'><strong>sagacitatem</strong></span> <span class='ocrx_word' id='word_1_597' title='bbox 590 4163 621 4200; x_wconf 90' lang='lat' dir='ltr'><strong>ac</strong></span> <span class='ocrx_word' id='word_1_598' title='bbox 628 4147 805 4217; x_wconf 87' lang='lat' dir='ltr'><strong>prudentiam</strong></span> <span class='ocrx_word' id='word_1_599' title='bbox 812 4148 932 4202; x_wconf 89' lang='lat' dir='ltr'><strong>admira·</strong></span> <span class='ocrx_word' id='word_1_600' title='bbox 973 4148 1047 4200; x_wconf 92' lang='lat' dir='ltr'><strong>enim</strong></span> <span class='ocrx_word' id='word_1_601' title='bbox 1067 4161 1197 4217; x_wconf 88' lang='lat' dir='ltr'><strong>perversa</strong></span> <span class='ocrx_word' id='word_1_602' title='bbox 1212 4148 1263 4210; x_wconf 91' lang='lat' dir='ltr'><strong>est,</strong></span> <span class='ocrx_word' id='word_1_603' title='bbox 1282 4159 1333 4197; x_wconf 87' lang='lat' dir='ltr'><strong>nec</strong></span> <span class='ocrx_word' id='word_1_604' title='bbox 1353 4144 1413 4213; x_wconf 91' lang='lat' dir='ltr'><strong>jam</strong></span> <span class='ocrx_word' id='word_1_605' title='bbox 1425 4143 1492 4195; x_wconf 86' lang='lat' dir='ltr'><strong>fides</strong></span> <span class='ocrx_word' id='word_1_606' title='bbox 1507 4141 1574 4213; x_wconf 91' lang='lat' dir='ltr'><strong>ipsis</strong></span> <span class='ocrx_word' id='word_1_607' title='bbox 1590 4141 1667 4196; x_wconf 91' lang='lat' dir='ltr'><strong>inest</strong></span> <span class='ocrx_word' id='word_1_608' title='bbox 1682 4142 1791 4207; x_wconf 69' lang='grc' dir='ltr'><strong>(θεαί-</strong></span> 
     </span>
     <span class='ocr_line' id='line_1_45' title="bbox 134 4229 1067 4306; baseline 0.005 -23"><span class='ocrx_word' id='word_1_609' title='bbox 134 4233 190 4293; x_wconf 88' lang='lat' dir='ltr'><strong>tus,</strong></span> <span class='ocrx_word' id='word_1_610' title='bbox 200 4246 262 4284; x_wconf 91' lang='lat' dir='ltr'><strong>eam</strong></span> <span class='ocrx_word' id='word_1_611' title='bbox 276 4229 393 4284; x_wconf 90' lang='lat' dir='ltr'><strong>vinculis</strong></span> <span class='ocrx_word' id='word_1_612' title='bbox 400 4232 520 4287; x_wconf 89' lang='lat' dir='ltr'><strong>solutam</strong></span> <span class='ocrx_word' id='word_1_613' title='bbox 532 4235 562 4287; x_wconf 88' lang='lat' dir='ltr'><strong>in</strong></span> <span class='ocrx_word' id='word_1_614' title='bbox 575 4251 670 4289; x_wconf 90' lang='lat' dir='ltr'><strong>aerem</strong></span> <span class='ocrx_word' id='word_1_615' title='bbox 684 4235 787 4289; x_wconf 89' lang='lat' dir='ltr'><strong>emisit.</strong></span> <span class='ocrx_word' id='word_1_616' title='bbox 801 4237 932 4291; x_wconf 89' lang='lat' dir='ltr'><strong>Luscinia</strong></span> <span class='ocrx_word' id='word_1_617' title='bbox 971 4233 1067 4306; x_wconf 84' lang='lat' dir='ltr'><strong>xxxn).</strong></span> 
     </span>
     <span class='ocr_line' id='line_1_46' title="bbox 133 4318 1816 4393; baseline 0.002 -22"><span class='ocrx_word' id='word_1_618' title='bbox 133 4318 230 4390; x_wconf 87' lang='lat' dir='ltr'><strong>itaque</strong></span> <span class='ocrx_word' id='word_1_619' title='bbox 245 4318 399 4389; x_wconf 91' lang='lat' dir='ltr'><strong>periculum</strong></span> <span class='ocrx_word' id='word_1_620' title='bbox 424 4319 514 4375; x_wconf 82' lang='lat' dir='ltr'><strong>tacere</strong></span> <span class='ocrx_word' id='word_1_621' title='bbox 530 4324 645 4393; x_wconf 88' lang='lat' dir='ltr'><strong>cupiens</strong></span> <span class='ocrx_word' id='word_1_622' title='bbox 669 4340 705 4378; x_wconf 91' lang='lat' dir='ltr'><strong>an</strong></span> <span class='ocrx_word' id='word_1_623' title='bbox 720 4323 768 4378; x_wconf 89' lang='lat' dir='ltr'><strong>ille</strong></span> <span class='ocrx_word' id='word_1_624' title='bbox 782 4323 930 4381; x_wconf 86' lang='lat' dir='ltr'><strong>verborum</strong></span> <span class='ocrx_word' id='word_1_625' title='bbox 1007 4325 1046 4378; x_wconf 86' lang='lat' dir='ltr'><strong>Ex</strong></span> <span class='ocrx_word' id='word_1_626' title='bbox 1061 4324 1113 4377; x_wconf 90' lang='lat' dir='ltr'><strong>hac</strong></span> <span class='ocrx_word' id='word_1_627' title='bbox 1137 4323 1223 4393; x_wconf 84' lang='lat' dir='ltr'><strong>igitur</strong></span> <span class='ocrx_word' id='word_1_628' title='bbox 1237 4337 1368 4392; x_wconf 88' lang='lat' dir='ltr'><strong>perversa</strong></span> <span class='ocrx_word' id='word_1_629' title='bbox 1387 4325 1416 4374; x_wconf 87' lang='lat' dir='ltr'><strong>et</strong></span> <span class='ocrx_word' id='word_1_630' title='bbox 1430 4318 1571 4373; x_wconf 83' lang='lat' dir='ltr'><strong>incredula</strong></span> <span class='ocrx_word' id='word_1_631' title='bbox 1585 4318 1816 4389; x_wconf 67' lang='lat' dir='ltr'><strong>generationes</strong></span> 
     </span>
     <span class='ocr_line' id='line_1_47' title="bbox 135 4398 1816 4484; baseline 0.001 -23"><span class='ocrx_word' id='word_1_632' title='bbox 135 4422 232 4463; x_wconf 90' lang='lat' dir='ltr'><strong>eorum</strong></span> <span class='ocrx_word' id='word_1_633' title='bbox 247 4409 503 4479; x_wconf 82' lang='lat' dir='ltr'><strong>quaeaudieratvim</strong></span> <span class='ocrx_word' id='word_1_634' title='bbox 518 4398 962 4484; x_wconf 86' lang='lat' dir='ltr'><strong>intellexisset,atquealiquamD</strong></span> <span class='ocrx_word' id='word_1_635' title='bbox 972 4412 1108 4467; x_wconf 85' lang='lat' dir='ltr'><strong>Dominus</strong></span> <span class='ocrx_word' id='word_1_636' title='bbox 1123 4418 1151 4466; x_wconf 87' lang='lat' dir='ltr'><strong>te</strong></span> <span class='ocrx_word' id='word_1_637' title='bbox 1162 4416 1253 4476; x_wconf 89' lang='lat' dir='ltr'><strong>vocat,</strong></span> <span class='ocrx_word' id='word_1_638' title='bbox 1267 4409 1311 4463; x_wconf 84' lang='lat' dir='ltr'><strong>his</strong></span> <span class='ocrx_word' id='word_1_639' title='bbox 1323 4408 1414 4462; x_wconf 86' lang='lat' dir='ltr'><strong>verbis</strong></span> <span class='ocrx_word' id='word_1_640' title='bbox 1429 4414 1530 4462; x_wconf 90' lang='lat' dir='ltr'><strong>utens:</strong></span> <span class='ocrx_word' id='word_1_641' title='bbox 1548 4407 1599 4461; x_wconf 84' lang='lat' dir='ltr'><strong>Exi</strong></span> <span class='ocrx_word' id='word_1_642' title='bbox 1623 4407 1660 4461; x_wconf 89' lang='lat' dir='ltr'><strong>de</strong></span> <span class='ocrx_word' id='word_1_643' title='bbox 1680 4407 1816 4463; x_wconf 57' lang='lat' dir='ltr'><strong>medio</strong></span> 
     </span>
     <span class='ocr_line' id='line_1_48' title="bbox 135 4495 1816 4570; baseline 0.001 -20"><span class='ocrx_word' id='word_1_644' title='bbox 135 4512 169 4551; x_wconf 87' lang='lat' dir='ltr'><strong>ex</strong></span> <span class='ocrx_word' id='word_1_645' title='bbox 182 4496 250 4569; x_wconf 91' lang='lat' dir='ltr'><strong>ipsis</strong></span> <span class='ocrx_word' id='word_1_646' title='bbox 260 4498 411 4552; x_wconf 90' lang='lat' dir='ltr'><strong>utilitatem</strong></span> <span class='ocrx_word' id='word_1_647' title='bbox 427 4498 606 4568; x_wconf 89' lang='lat' dir='ltr'><strong>percepisset,</strong></span> <span class='ocrx_word' id='word_1_648' title='bbox 622 4516 672 4570; x_wconf 89' lang='lat' dir='ltr'><strong>per</strong></span> <span class='ocrx_word' id='word_1_649' title='bbox 686 4517 780 4555; x_wconf 90' lang='lat' dir='ltr'><strong>aerem</strong></span> <span class='ocrx_word' id='word_1_650' title='bbox 800 4503 928 4570; x_wconf 88' lang='lat' dir='ltr'><strong>volitans,</strong></span> <span class='ocrx_word' id='word_1_651' title='bbox 972 4518 1078 4567; x_wconf 87' lang='lat' dir='ltr'><strong>eorum,</strong></span> <span class='ocrx_word' id='word_1_652' title='bbox 1096 4516 1277 4570; x_wconf 81' lang='lat' dir='ltr'><strong>acsepamre,</strong></span> <span class='ocrx_word' id='word_1_653' title='bbox 1288 4504 1317 4552; x_wconf 88' lang='lat' dir='ltr'><strong>et</strong></span> <span class='ocrx_word' id='word_1_654' title='bbox 1327 4498 1505 4552; x_wconf 91' lang='lat' dir='ltr'><strong>immundum</strong></span> <span class='ocrx_word' id='word_1_655' title='bbox 1518 4495 1575 4550; x_wconf 93' lang='lat' dir='ltr'><strong>noli</strong></span> <span class='ocrx_word' id='word_1_656' title='bbox 1591 4501 1816 4567; x_wconf 48' lang='lat' dir='ltr'><strong>tanget-eae*</strong></span> 
     </span>
     <span class='ocr_line' id='line_1_49' title="bbox 135 4585 1816 4660; baseline 0 -21"><span class='ocrx_word' id='word_1_657' title='bbox 135 4586 170 4639; x_wconf 89' lang='lat' dir='ltr'><strong>ad</strong></span> <span class='ocrx_word' id='word_1_658' title='bbox 185 4602 249 4640; x_wconf 91' lang='lat' dir='ltr'><strong>eum</strong></span> <span class='ocrx_word' id='word_1_659' title='bbox 264 4587 349 4641; x_wconf 86' lang='lat' dir='ltr'><strong>dixit:</strong></span> <span class='ocrx_word' id='word_1_660' title='bbox 363 4586 448 4642; x_wconf 90' lang='lat' dir='ltr'><strong>Proh!</strong></span> <span class='ocrx_word' id='word_1_661' title='bbox 465 4602 549 4657; x_wconf 90' lang='lat' dir='ltr'><strong>quam</strong></span> <span class='ocrx_word' id='word_1_662' title='bbox 565 4587 634 4640; x_wconf 91' lang='lat' dir='ltr'><strong>nihil</strong></span> <span class='ocrx_word' id='word_1_663' title='bbox 649 4594 692 4641; x_wconf 90' lang='lat' dir='ltr'><strong>est</strong></span> <span class='ocrx_word' id='word_1_664' title='bbox 705 4589 734 4642; x_wconf 93' lang='lat' dir='ltr'><strong>in</strong></span> <span class='ocrx_word' id='word_1_665' title='bbox 747 4596 776 4644; x_wconf 91' lang='lat' dir='ltr'><strong>te</strong></span> <span class='ocrx_word' id='word_1_666' title='bbox 786 4590 930 4656; x_wconf 91' lang='lat' dir='ltr'><strong>consilii,o</strong></span> <span class='ocrx_word' id='word_1_667' title='bbox 971 4607 1034 4645; x_wconf 91' lang='lat' dir='ltr'><strong>rum</strong></span> <span class='ocrx_word' id='word_1_668' title='bbox 1048 4588 1313 4660; x_wconf 87' lang='lat' dir='ltr'><strong>agenerationehac</strong></span> <span class='ocrx_word' id='word_1_669' title='bbox 1324 4602 1454 4658; x_wconf 83' lang='lat' dir='ltr'><strong>perversa</strong></span> <span class='ocrx_word' id='word_1_670' title='bbox 1466 4585 1578 4655; x_wconf 90' lang='lat' dir='ltr'><strong>tecripe</strong></span> <span class='ocrx_word' id='word_1_671' title='bbox 1595 4586 1693 4650; x_wconf 74' lang='lat' dir='ltr'><strong>(Natu.</strong></span> <span class='ocrx_word' id='word_1_672' title='bbox 1707 4587 1816 4653; x_wconf 58' lang='lat' dir='ltr'><strong>xvxi,-</strong></span> 
     </span>
     <span class='ocr_line' id='line_1_50' title="bbox 134 4672 1815 4750; baseline -0.001 -22"><span class='ocrx_word' id='word_1_673' title='bbox 134 4674 234 4729; x_wconf 88' lang='lat' dir='ltr'><strong>homol</strong></span> <span class='ocrx_word' id='word_1_674' title='bbox 251 4676 362 4746; x_wconf 88' lang='lat' dir='ltr'><strong>qualem</strong></span> <span class='ocrx_word' id='word_1_675' title='bbox 368 4676 532 4730; x_wconf 89' lang='lat' dir='ltr'><strong>thesaumm</strong></span> <span class='ocrx_word' id='word_1_676' title='bbox 544 4676 626 4730; x_wconf 89' lang='lat' dir='ltr'><strong>hodie</strong></span> <span class='ocrx_word' id='word_1_677' title='bbox 639 4676 775 4731; x_wconf 88' lang='lat' dir='ltr'><strong>amisisti!</strong></span> <span class='ocrx_word' id='word_1_678' title='bbox 788 4678 836 4732; x_wconf 89' lang='lat' dir='ltr'><strong>Est</strong></span> <span class='ocrx_word' id='word_1_679' title='bbox 842 4679 930 4750; x_wconf 91' lang='lat' dir='ltr'><strong>siqui·</strong></span> <span class='ocrx_word' id='word_1_680' title='bbox 971 4680 1059 4749; x_wconf 88' lang='lat' dir='ltr'><strong>Surge</strong></span> <span class='ocrx_word' id='word_1_681' title='bbox 1074 4684 1103 4732; x_wconf 90' lang='lat' dir='ltr'><strong>et</strong></span> <span class='ocrx_word' id='word_1_682' title='bbox 1117 4677 1238 4742; x_wconf 89' lang='lat' dir='ltr'><strong>ambula,</strong></span> <span class='ocrx_word' id='word_1_683' title='bbox 1246 4676 1374 4747; x_wconf 89' lang='lat' dir='ltr'><strong>quianon</strong></span> <span class='ocrx_word' id='word_1_684' title='bbox 1383 4673 1470 4728; x_wconf 88' lang='lat' dir='ltr'><strong>habes</strong></span> <span class='ocrx_word' id='word_1_685' title='bbox 1484 4673 1530 4727; x_wconf 88' lang='lat' dir='ltr'><strong>hic</strong></span> <span class='ocrx_word' id='word_1_686' title='bbox 1536 4672 1668 4744; x_wconf 90' lang='lat' dir='ltr'><strong>requiem</strong></span> <span class='ocrx_word' id='word_1_687' title='bbox 1681 4675 1815 4745; x_wconf 54' lang='lat' dir='ltr'><strong>(Micbae</strong></span> 
     </span>
     <span class='ocr_line' id='line_1_51' title="bbox 133 4760 1811 4836; baseline 0.004 -24"><span class='ocrx_word' id='word_1_688' title='bbox 133 4760 198 4814; x_wconf 87' lang='lat' dir='ltr'><strong>dem</strong></span> <span class='ocrx_word' id='word_1_689' title='bbox 211 4763 240 4816; x_wconf 91' lang='lat' dir='ltr'><strong>in</strong></span> <span class='ocrx_word' id='word_1_690' title='bbox 255 4765 326 4818; x_wconf 89' lang='lat' dir='ltr'><strong>meis</strong></span> <span class='ocrx_word' id='word_1_691' title='bbox 335 4764 488 4819; x_wconf 90' lang='lat' dir='ltr'><strong>visceribus</strong></span> <span class='ocrx_word' id='word_1_692' title='bbox 503 4765 579 4830; x_wconf 90' lang='lat' dir='ltr'><strong>unio,</strong></span> <span class='ocrx_word' id='word_1_693' title='bbox 594 4764 762 4820; x_wconf 87' lang='lat' dir='ltr'><strong>struthionis</strong></span> <span class='ocrx_word' id='word_1_694' title='bbox 772 4783 855 4820; x_wconf 92' lang='lat' dir='ltr'><strong>ovum</strong></span> <span class='ocrx_word' id='word_1_695' title='bbox 867 4784 928 4821; x_wconf 90' lang='lat' dir='ltr'><strong>ma-</strong></span> <span class='ocrx_word' id='word_1_696' title='bbox 969 4770 1011 4835; x_wconf 78' lang='lat'><strong>11).</strong></span> <span class='ocrx_word' id='word_1_697' title='bbox 1029 4767 1138 4822; x_wconf 88' lang='lat' dir='ltr'><strong>Etenim</strong></span> <span class='ocrx_word' id='word_1_698' title='bbox 1148 4765 1295 4836; x_wconf 89' lang='lat' dir='ltr'><strong>multiplex</strong></span> <span class='ocrx_word' id='word_1_699' title='bbox 1308 4764 1435 4830; x_wconf 88' lang='lat' dir='ltr'><strong>deorum,</strong></span> <span class='ocrx_word' id='word_1_700' title='bbox 1448 4762 1519 4833; x_wconf 89' lang='lat' dir='ltr'><strong>quia</strong></span> <span class='ocrx_word' id='word_1_701' title='bbox 1529 4760 1612 4828; x_wconf 73' lang='lat' dir='ltr'><strong>vobis</strong></span> <span class='ocrx_word' id='word_1_702' title='bbox 1626 4762 1811 4829; x_wconf 65' lang='lat' dir='ltr'><strong>coluntur.</strong></span> 
     </span>
     <span class='ocr_line' id='line_1_52' title="bbox 133 4847 1816 4926; baseline 0.005 -25"><span class='ocrx_word' id='word_1_703' title='bbox 133 4847 281 4916; x_wconf 84' lang='lat' dir='ltr'><strong>gnitudine</strong></span> <span class='ocrx_word' id='word_1_704' title='bbox 303 4853 448 4908; x_wconf 90' lang='lat' dir='ltr'><strong>excedens.</strong></span> <span class='ocrx_word' id='word_1_705' title='bbox 465 4854 533 4918; x_wconf 88' lang='lat' dir='ltr'><strong>Quae</strong></span> <span class='ocrx_word' id='word_1_706' title='bbox 552 4859 585 4908; x_wconf 90' lang='lat' dir='ltr'><strong>ut</strong></span> <span class='ocrx_word' id='word_1_707' title='bbox 600 4854 646 4908; x_wconf 88' lang='lat' dir='ltr'><strong>ille</strong></span> <span class='ocrx_word' id='word_1_708' title='bbox 669 4851 784 4919; x_wconf 89' lang='lat' dir='ltr'><strong>audivit,</strong></span> <span class='ocrx_word' id='word_1_709' title='bbox 809 4871 928 4911; x_wconf 86' lang='lat' dir='ltr'><strong>moerore</strong></span> <span class='ocrx_word' id='word_1_710' title='bbox 969 4856 1143 4926; x_wconf 89' lang='lat' dir='ltr'><strong>principatus</strong></span> <span class='ocrx_word' id='word_1_711' title='bbox 1157 4858 1344 4926; x_wconf 74' lang='lat' dir='ltr'><strong>preposterus</strong></span> <span class='ocrx_word' id='word_1_712' title='bbox 1354 4857 1405 4918; x_wconf 91' lang='lat' dir='ltr'><strong>est,</strong></span> <span class='ocrx_word' id='word_1_713' title='bbox 1413 4857 1441 4904; x_wconf 89' lang='lat' dir='ltr'><strong>et</strong></span> <span class='ocrx_word' id='word_1_714' title='bbox 1454 4866 1517 4905; x_wconf 91' lang='lat' dir='ltr'><strong>cum</strong></span> <span class='ocrx_word' id='word_1_715' title='bbox 1526 4849 1644 4906; x_wconf 89' lang='lat' dir='ltr'><strong>dissidio</strong></span> <span class='ocrx_word' id='word_1_716' title='bbox 1655 4853 1816 4924; x_wconf 67' lang='lat' dir='ltr'><strong>conjmae</strong></span> 
     </span>
     <span class='ocr_line' id='line_1_53' title="bbox 133 4936 1802 5015; baseline 0.006 -27"><span class='ocrx_word' id='word_1_717' title='bbox 133 4936 316 4993; x_wconf 90' lang='lat' dir='ltr'><strong>conturbatus</strong></span> <span class='ocrx_word' id='word_1_718' title='bbox 330 4947 381 5008; x_wconf 91' lang='lat' dir='ltr'><strong>est,</strong></span> <span class='ocrx_word' id='word_1_719' title='bbox 395 4942 660 5014; x_wconf 89' lang='lat' dir='ltr'><strong>eumquepoenituit</strong></span> <span class='ocrx_word' id='word_1_720' title='bbox 674 4943 748 5013; x_wconf 90' lang='lat' dir='ltr'><strong>quod</strong></span> <span class='ocrx_word' id='word_1_721' title='bbox 761 4943 881 4997; x_wconf 91' lang='lat' dir='ltr'><strong>luscinia</strong></span> <span class='ocrx_word' id='word_1_722' title='bbox 894 4961 927 4999; x_wconf 89' lang='lat' dir='ltr'><strong>ex</strong></span> <span class='ocrx_word' id='word_1_723' title='bbox 968 4950 1039 5011; x_wconf 90' lang='lat' dir='ltr'><strong>ctus,</strong></span> <span class='ocrx_word' id='word_1_724' title='bbox 1061 4950 1145 5015; x_wconf 90' lang='lat' dir='ltr'><strong>atque</strong></span> <span class='ocrx_word' id='word_1_725' title='bbox 1165 4942 1314 5015; x_wconf 90' lang='lat' dir='ltr'><strong>ejusmodi,</strong></span> <span class='ocrx_word' id='word_1_726' title='bbox 1337 4941 1385 5012; x_wconf 92' lang='lat' dir='ltr'><strong>qui</strong></span> <span class='ocrx_word' id='word_1_727' title='bbox 1409 4940 1486 4993; x_wconf 92' lang='lat' dir='ltr'><strong>nullo</strong></span> <span class='ocrx_word' id='word_1_728' title='bbox 1508 4939 1593 4993; x_wconf 93' lang='lat' dir='ltr'><strong>modo</strong></span> <span class='ocrx_word' id='word_1_729' title='bbox 1614 4942 1802 4998; x_wconf 66' lang='lat' dir='ltr'><strong>consistere</strong></span> 
     </span>
     <span class='ocr_line' id='line_1_54' title="bbox 132 5023 1802 5106; baseline 0.006 -29"><span class='ocrx_word' id='word_1_730' title='bbox 132 5023 221 5095; x_wconf 88' lang='lat' dir='ltr'><strong>ipsius</strong></span> <span class='ocrx_word' id='word_1_731' title='bbox 234 5028 362 5082; x_wconf 89' lang='lat' dir='ltr'><strong>manibus</strong></span> <span class='ocrx_word' id='word_1_732' title='bbox 378 5031 528 5100; x_wconf 78' lang='lat' dir='ltr'><strong>effugisset.</strong></span> <span class='ocrx_word' id='word_1_733' title='bbox 544 5034 636 5102; x_wconf 90' lang='lat' dir='ltr'><strong>Atque</strong></span> <span class='ocrx_word' id='word_1_734' title='bbox 654 5047 716 5085; x_wconf 87' lang='lat' dir='ltr'><strong>eam</strong></span> <span class='ocrx_word' id='word_1_735' title='bbox 731 5048 844 5086; x_wconf 91' lang='lat' dir='ltr'><strong>rursum</strong></span> <span class='ocrx_word' id='word_1_736' title='bbox 859 5033 928 5087; x_wconf 90' lang='lat' dir='ltr'><strong>arri·</strong></span> <span class='ocrx_word' id='word_1_737' title='bbox 968 5038 1061 5104; x_wconf 90' lang='lat' dir='ltr'><strong>queat.</strong></span> <span class='ocrx_word' id='word_1_738' title='bbox 1078 5033 1159 5104; x_wconf 90' lang='lat' dir='ltr'><strong>Apud</strong></span> <span class='ocrx_word' id='word_1_739' title='bbox 1169 5048 1219 5085; x_wconf 92' lang='lat' dir='ltr'><strong>nos</strong></span> <span class='ocrx_word' id='word_1_740' title='bbox 1234 5036 1329 5084; x_wconf 89' lang='lat' dir='ltr'><strong>autem</strong></span> <span class='ocrx_word' id='word_1_741' title='bbox 1343 5045 1398 5106; x_wconf 86' lang='lat' dir='ltr'><strong>¹non</strong></span> <span class='ocrx_word' id='word_1_742' title='bbox 1410 5033 1476 5082; x_wconf 91' lang='lat' dir='ltr'><strong>suut</strong></span> <span class='ocrx_word' id='word_1_743' title='bbox 1488 5028 1528 5081; x_wconf 91' lang='lat' dir='ltr'><strong>dii</strong></span> <span class='ocrx_word' id='word_1_744' title='bbox 1537 5028 1632 5093; x_wconf 90' lang='lat' dir='ltr'><strong>multi,</strong></span> <span class='ocrx_word' id='word_1_745' title='bbox 1650 5045 1708 5085; x_wconf 87' lang='lat' dir='ltr'><strong>nec</strong></span> <span class='ocrx_word' id='word_1_746' title='bbox 1721 5031 1802 5086; x_wconf 52' lang='lat' dir='ltr'><strong>Do*</strong></span> 
     </span>
     <span class='ocr_line' id='line_1_55' title="bbox 131 5117 1782 5190; baseline 0.007 -24"><span class='ocrx_word' id='word_1_747' title='bbox 131 5128 198 5184; x_wconf 93' lang='lat' dir='ltr'><strong>pere</strong></span> <span class='ocrx_word' id='word_1_748' title='bbox 208 5119 331 5183; x_wconf 90' lang='lat' dir='ltr'><strong>tentans,</strong></span> <span class='ocrx_word' id='word_1_749' title='bbox 348 5118 418 5172; x_wconf 87' lang='lat' dir='ltr'><strong>dixit</strong></span> <span class='ocrx_word' id='word_1_750' title='bbox 435 5137 441 5172; x_wconf 75' lang='grc' dir='ltr'><strong>ι</strong></span> <span class='ocrx_word' id='word_1_751' title='bbox 458 5121 537 5184; x_wconf 88' lang='lat' dir='ltr'><strong>Veni,</strong></span> <span class='ocrx_word' id='word_1_752' title='bbox 560 5137 663 5190; x_wconf 72' lang='lat' dir='ltr'><strong>quaeso,</strong></span> <span class='ocrx_word' id='word_1_753' title='bbox 679 5121 709 5174; x_wconf 94' lang='lat' dir='ltr'><strong>in</strong></span> <span class='ocrx_word' id='word_1_754' title='bbox 730 5121 803 5175; x_wconf 73' lang='lat' dir='ltr'><strong>{edes</strong></span> <span class='ocrx_word' id='word_1_755' title='bbox 824 5137 901 5175; x_wconf 90' lang='lat' dir='ltr'><strong>meas</strong></span> <span class='ocrx_word' id='word_1_756' title='bbox 917 5141 923 5188; x_wconf 80' lang='lat'>3</span> <span class='ocrx_word' id='word_1_757' title='bbox 967 5122 1037 5175; x_wconf 92' lang='lat' dir='ltr'><strong>mini</strong></span> <span class='ocrx_word' id='word_1_758' title='bbox 1053 5121 1143 5185; x_wconf 84' lang='lat' dir='ltr'><strong>multi,</strong></span> <span class='ocrx_word' id='word_1_759' title='bbox 1157 5136 1253 5174; x_wconf 90' lang='lat' dir='ltr'><strong>verum</strong></span> <span class='ocrx_word' id='word_1_760' title='bbox 1265 5135 1337 5172; x_wconf 91' lang='lat' dir='ltr'><strong>unus</strong></span> <span class='ocrx_word' id='word_1_761' title='bbox 1353 5119 1428 5171; x_wconf 88' lang='lat' dir='ltr'><strong>Deus</strong></span> <span class='ocrx_word' id='word_1_762' title='bbox 1442 5117 1534 5182; x_wconf 89' lang='lat' dir='ltr'><strong>Pater,</strong></span> <span class='ocrx_word' id='word_1_763' title='bbox 1550 5133 1652 5188; x_wconf 89' lang='lat' dir='ltr'><strong>exquo</strong></span> <span class='ocrx_word' id='word_1_764' title='bbox 1663 5121 1782 5178; x_wconf 70' lang='lat' dir='ltr'><strong>omnia,</strong></span> 
     </span>
     <span class='ocr_line' id='line_1_56' title="bbox 131 5201 1785 5280; baseline 0.005 -26"><span class='ocrx_word' id='word_1_765' title='bbox 131 5205 217 5271; x_wconf 89' lang='lat' dir='ltr'><strong>atquc</strong></span> <span class='ocrx_word' id='word_1_766' title='bbox 230 5201 278 5257; x_wconf 90' lang='lat' dir='ltr'><strong>ubi</strong></span> <span class='ocrx_word' id='word_1_767' title='bbox 294 5207 426 5274; x_wconf 66' lang='lat' dir='ltr'><strong>praeclare</strong></span> <span class='ocrx_word' id='word_1_768' title='bbox 437 5212 466 5261; x_wconf 91' lang='lat' dir='ltr'><strong>et</strong></span> <span class='ocrx_word' id='word_1_769' title='bbox 478 5208 639 5264; x_wconf 89' lang='lat' dir='ltr'><strong>humaniter</strong></span> <span class='ocrx_word' id='word_1_770' title='bbox 654 5226 672 5263; x_wconf 92' lang='lat' dir='ltr'><strong>a</strong></span> <span class='ocrx_word' id='word_1_771' title='bbox 690 5215 856 5280; x_wconf 88' lang='lat' dir='ltr'><strong>meaccepta</strong></span> <span class='ocrx_word' id='word_1_772' title='bbox 867 5210 926 5265; x_wconf 86' lang='lat' dir='ltr'><strong>fue·</strong></span> <span class='ocrx_word' id='word_1_773' title='bbox 967 5214 995 5265; x_wconf 90' lang='lat' dir='ltr'><strong>et</strong></span> <span class='ocrx_word' id='word_1_774' title='bbox 1009 5226 1059 5264; x_wconf 92' lang='lat' dir='ltr'><strong>nos</strong></span> <span class='ocrx_word' id='word_1_775' title='bbox 1083 5210 1110 5264; x_wconf 93' lang='lat' dir='ltr'><strong>in</strong></span> <span class='ocrx_word' id='word_1_776' title='bbox 1125 5209 1216 5280; x_wconf 91' lang='lat' dir='ltr'><strong>ipsum</strong></span> <span class='ocrx_word' id='word_1_777' title='bbox 1230 5227 1236 5274; x_wconf 89' lang='lat'>;</span> <span class='ocrx_word' id='word_1_778' title='bbox 1253 5212 1282 5261; x_wconf 92' lang='lat' dir='ltr'><strong>et</strong></span> <span class='ocrx_word' id='word_1_779' title='bbox 1300 5223 1372 5260; x_wconf 91' lang='lat' dir='ltr'><strong>unus</strong></span> <span class='ocrx_word' id='word_1_780' title='bbox 1387 5205 1526 5259; x_wconf 86' lang='lat' dir='ltr'><strong>Dominus</strong></span> <span class='ocrx_word' id='word_1_781' title='bbox 1540 5205 1554 5259; x_wconf 88' lang='lat' dir='ltr'>J</span> <span class='ocrx_word' id='word_1_782' title='bbox 1557 5223 1625 5260; x_wconf 87' lang='lat' dir='ltr'><strong>esus</strong></span> <span class='ocrx_word' id='word_1_783' title='bbox 1638 5207 1785 5263; x_wconf 71' lang='lat' dir='ltr'><strong>Christus</strong></span> 
     </span>
     <span class='ocr_line' id='line_1_57' title="bbox 131 5290 1777 5370; baseline 0.005 -26"><span class='ocrx_word' id='word_1_784' title='bbox 131 5290 179 5355; x_wconf 89' lang='lat' dir='ltr'><strong>ris,</strong></span> <span class='ocrx_word' id='word_1_785' title='bbox 192 5291 378 5348; x_wconf 82' lang='lat' dir='ltr'><strong>honorificete</strong></span> <span class='ocrx_word' id='word_1_786' title='bbox 388 5294 671 5351; x_wconf 80' lang='lat' dir='ltr'><strong>dimittamhuscinia</strong></span> <span class='ocrx_word' id='word_1_787' title='bbox 681 5304 776 5352; x_wconf 90' lang='lat' dir='ltr'><strong>autem</strong></span> <span class='ocrx_word' id='word_1_788' title='bbox 783 5299 835 5369; x_wconf 90' lang='lat' dir='ltr'><strong>ipsi</strong></span> <span class='ocrx_word' id='word_1_789' title='bbox 843 5299 922 5353; x_wconf 92' lang='lat' dir='ltr'><strong>dixit:</strong></span> <span class='ocrx_word' id='word_1_790' title='bbox 965 5316 1016 5370; x_wconf 92' lang='lat' dir='ltr'><strong>per</strong></span> <span class='ocrx_word' id='word_1_791' title='bbox 1030 5315 1114 5369; x_wconf 90' lang='lat' dir='ltr'><strong>quem</strong></span> <span class='ocrx_word' id='word_1_792' title='bbox 1129 5298 1232 5363; x_wconf 89' lang='lat' dir='ltr'><strong>omnia,</strong></span> <span class='ocrx_word' id='word_1_793' title='bbox 1244 5302 1270 5350; x_wconf 90' lang='lat' dir='ltr'><strong>et</strong></span> <span class='ocrx_word' id='word_1_794' title='bbox 1283 5312 1334 5349; x_wconf 93' lang='lat' dir='ltr'><strong>nos</strong></span> <span class='ocrx_word' id='word_1_795' title='bbox 1343 5312 1394 5365; x_wconf 82' lang='lat' dir='ltr'><strong>per</strong></span> <span class='ocrx_word' id='word_1_796' title='bbox 1408 5295 1499 5365; x_wconf 90' lang='lat' dir='ltr'><strong>ipsum</strong></span> <span class='ocrx_word' id='word_1_797' title='bbox 1516 5294 1539 5359; x_wconf 83' lang='lat' dir='ltr'><strong>(I</strong></span> <span class='ocrx_word' id='word_1_798' title='bbox 1549 5294 1617 5349; x_wconf 79' lang='lat' dir='ltr'><strong>Cor.</strong></span> <span class='ocrx_word' id='word_1_799' title='bbox 1636 5292 1777 5369; x_wconf 77' lang='lat' dir='ltr'><strong>rrrr),qu1‘</strong></span> 
     </span>
     <span class='ocr_line' id='line_1_58' title="bbox 130 5379 1767 5458; baseline 0.004 -25"><span class='ocrx_word' id='word_1_800' title='bbox 130 5379 212 5434; x_wconf 90' lang='lat' dir='ltr'><strong>Nunc</strong></span> <span class='ocrx_word' id='word_1_801' title='bbox 225 5380 342 5450; x_wconf 90' lang='lat' dir='ltr'><strong>planete</strong></span> <span class='ocrx_word' id='word_1_802' title='bbox 352 5381 521 5437; x_wconf 85' lang='lat' dir='ltr'><strong>stolidumac</strong></span> <span class='ocrx_word' id='word_1_803' title='bbox 536 5386 679 5440; x_wconf 84' lang='lat' dir='ltr'><strong>vecordem</strong></span> <span class='ocrx_word' id='word_1_804' title='bbox 695 5403 755 5442; x_wconf 90' lang='lat' dir='ltr'><strong>esse</strong></span> <span class='ocrx_word' id='word_1_805' title='bbox 770 5388 836 5442; x_wconf 90' lang='lat' dir='ltr'><strong>scio.</strong></span> <span class='ocrx_word' id='word_1_806' title='bbox 852 5389 925 5443; x_wconf 89' lang='lat' dir='ltr'><strong>Nam</strong></span> <span class='ocrx_word' id='word_1_807' title='bbox 965 5394 1008 5442; x_wconf 90' lang='lat' dir='ltr'><strong>est</strong></span> <span class='ocrx_word' id='word_1_808' title='bbox 1022 5388 1115 5458; x_wconf 86' lang='lat' dir='ltr'><strong>imago</strong></span> <span class='ocrx_word' id='word_1_809' title='bbox 1130 5387 1180 5441; x_wconf 87' lang='lat' dir='ltr'><strong>Dei</strong></span> <span class='ocrx_word' id='word_1_810' title='bbox 1196 5383 1351 5447; x_wconf 90' lang='lat' dir='ltr'><strong>invisibilis,</strong></span> <span class='ocrx_word' id='word_1_811' title='bbox 1363 5382 1567 5454; x_wconf 89' lang='lat' dir='ltr'><strong>primogenitus</strong></span> <span class='ocrx_word' id='word_1_812' title='bbox 1578 5385 1676 5440; x_wconf 91' lang='lat' dir='ltr'><strong>omnis</strong></span> <span class='ocrx_word' id='word_1_813' title='bbox 1695 5402 1767 5440; x_wconf 87' lang='lat' dir='ltr'><strong>crea-</strong></span> 
     </span>
     <span class='ocr_line' id='line_1_59' title="bbox 129 5470 1763 5548; baseline 0.006 -26"><span class='ocrx_word' id='word_1_814' title='bbox 129 5472 313 5542; x_wconf 87' lang='lat' dir='ltr'><strong>posteaquam</strong></span> <span class='ocrx_word' id='word_1_815' title='bbox 323 5486 356 5524; x_wconf 89' lang='lat' dir='ltr'><strong>ea</strong></span> <span class='ocrx_word' id='word_1_816' title='bbox 371 5486 425 5544; x_wconf 91' lang='lat' dir='ltr'><strong>que</strong></span> <span class='ocrx_word' id='word_1_817' title='bbox 440 5470 476 5524; x_wconf 91' lang='lat' dir='ltr'><strong>ad</strong></span> <span class='ocrx_word' id='word_1_818' title='bbox 488 5475 515 5526; x_wconf 93' lang='lat' dir='ltr'><strong>te</strong></span> <span class='ocrx_word' id='word_1_819' title='bbox 530 5472 605 5526; x_wconf 88' lang='lat' dir='ltr'><strong>dicta</strong></span> <span class='ocrx_word' id='word_1_820' title='bbox 615 5481 818 5548; x_wconf 85' lang='lat' dir='ltr'><strong>suutprompto</strong></span> <span class='ocrx_word' id='word_1_821' title='bbox 829 5477 923 5531; x_wconf 91' lang='lat' dir='ltr'><strong>animo</strong></span> <span class='ocrx_word' id='word_1_822' title='bbox 964 5481 1044 5542; x_wconf 73' lang='lat' dir='ltr'><strong>turre,</strong></span> <span class='ocrx_word' id='word_1_823' title='bbox 1056 5476 1218 5530; x_wconf 89' lang='lat' dir='ltr'><strong>etomnium</strong></span> <span class='ocrx_word' id='word_1_824' title='bbox 1229 5472 1404 5536; x_wconf 71' lang='lat' dir='ltr'><strong>saeculorum,</strong></span> <span class='ocrx_word' id='word_1_825' title='bbox 1418 5471 1590 5543; x_wconf 89' lang='lat' dir='ltr'><strong>quoniamiu</strong></span> <span class='ocrx_word' id='word_1_826' title='bbox 1603 5473 1763 5545; x_wconf 79' lang='lat' dir='ltr'><strong>ipsocreata</strong></span> 
     </span>
    </p>
   </div>
   <div class='ocr_carea' id='block_1_3' title="bbox 0 0 1914 6119">
    <p class='ocr_par' dir='ltr' id='par_1_5' title="bbox 0 0 1914 6119">
     <span class='ocr_line' id='line_1_60' title="bbox 0 0 1914 6119; baseline 0 0"><span class='ocrx_word' id='word_1_827' title='bbox 0 0 1914 6119; x_wconf 95' lang='lat' dir='ltr'><strong> </strong></span> 
     </span>
    </p>
   </div>
  </div>
 </body>
</html>
