3818 6120
147 267 202 329 687
656 256 705 317 DE
722 255 817 317 virts
835 258 985 323 Patauii
1001 262 1109 322 tmen
1126 261 1272 324 remus.
1732 259 1785 319 688

150 397 227 456 enim
238 400 307 452 tarne
319 390 410 449 noctis
425 388 557 445 tenebras
568 386 701 462 splendor
714 386 893 442 illuminabat
905 387 976 450 lut
985 389 1091 446 tuitum
1105 390 1251 446 oculorum
1265 385 1416 452 deducens,
1432 389 1461 441 st
1471 385 1595 442 lustrans
1615 385 1721 458 ubique
1735 384 1787 441 sic·

148 486 271 559 nmquis
282 490 392 554 tempus
401 496 531 535 recursus
540 477 797 534 illiuserat.Statim
808 481 902 532 autern
913 480 945 531 ut
985 486 1017 534 ut
1027 479 1178 535 citissima
1192 482 1318 544 senator,
1333 475 1421 531 sicubi
1441 476 1638 531 suavissimam
1659 490 1787 547 compra-

148 577 260 648 signum
276 571 365 629 crucis
378 569 530 642 impressit,
547 568 672 624 ascendit
688 583 773 638 super
789 582 894 639 aquas;
916 569 945 620 et
984 569 1121 624 henderet
1133 569 1233 624 teram.
1245 568 1283 623 Ut
1293 571 1387 621 autern
1402 564 1535 620 nihilullo
1545 565 1629 620 modo
1641 564 1786 636 viditque-

148 662 295 719 ambulans
309 658 537 739 supnerliquidum
548 656 668 729 aequons
680 652 945 720 fluctumveniebat
985 673 1069 729 quam
1084 663 1253 723 moventem,
1270 655 1355 727 cupit
1375 655 1499 726 seipsum
1514 656 1614 726 lugens
1638 653 1786 708 infundere

146 751 226 825 quasi
241 767 293 824 per
306 749 427 804 solidum
440 747 504 802 iter.
517 747 640 801 Zosimas
662 751 758 800 autern
773 751 898 816 stupens,
915 747 944 798 et
984 746 1126 820 lacrymis.
1136 747 1214 802 luno
1227 746 1339 800 elevans
1351 743 1456 809 oculos,
1472 744 1571 799 orabat
1596 745 1712 799 dicens:
1729 741 1785 797 Ob-

144 857 238 914 genua
245 841 358 895 flectere
373 839 475 903 nitens,
484 836 608 890 clamans
618 835 739 906 desuper
752 849 841 905 aquas
850 832 944 905 prohi-
982 852 1060 891 secro
1084 836 1154 891 mihi
1169 835 1294 900 ostendo,
1316 834 1444 900 Domine,
1462 834 1492 888 in
1507 851 1623 906 corpore
1642 833 1784 904 angelum,

142 929 214 994 buit,
227 928 339 984 dicens:
353 927 426 993 Quid
439 925 517 991 facis,
529 924 610 990 abba,
623 924 690 996 quia
701 929 730 979 et
744 923 876 978 sacerdos
890 921 941 976 Dei
982 925 1027 981 eui
1041 931 1117 981 totus
1132 923 1288 996 comparari
1303 923 1436 995 indignus
1446 928 1490 977 est
1501 923 1633 978 mundus.

143 1036 183 1086 as,
197 1025 226 1074 et
238 1017 333 1074 divina
346 1022 441 1089 portas
455 1013 613 1088 mysterial
627 1013 682 1078 Qui
701 1013 797 1067 statim
821 1010 943 1066 obedivit
1017 1017 1083 1070 cnn.
1095 1015 1180 1069 XXV.
1197 1043 1230 1055 -
1244 1014 1309 1068 Haec
1329 1013 1446 1079 orando,
1468 1013 1595 1084 pervenit
1620 1012 1658 1066 ad
1680 1011 1782 1079 locum,

141 1107 315 1164 dicenti.lila
325 1112 420 1161 autern
439 1102 609 1160 descendens
624 1102 659 1158 de
675 1101 765 1174 aquis,
778 1101 849 1156 dixit
858 1099 938 1156 seni:
981 1104 1030 1176 qui
1045 1104 1075 1158 in
1087 1103 1270 1158 similitudine
1284 1102 1377 1157 tuerat
1385 1101 1549 1173 designatus
1561 1101 1709 1166 torrentis,
1718 1108 1748 1156 et
1755 1101 1783 1155 in

142 1193 513 1263 Benedic,Pater.benedis.
534 1193 585 1248 Ille
600 1196 696 1247 autem
710 1208 773 1247 cum
790 1205 893 1260 magna
902 1188 941 1242 se-
982 1198 1108 1248 extrema
1122 1194 1183 1264 ejus
1196 1197 1276 1265 parte
1291 1191 1435 1263 superiore
1448 1190 1517 1246 vidit
1530 1191 1728 1262 splendentem
1738 1208 1783 1245 so·

141 1286 293 1342 stinatione
308 1283 453 1357 respondit
470 1283 583 1356 (stupor
591 1281 666 1337 enim
679 1280 784 1337 nimius
799 1279 940 1335 invaserat
981 1284 1055 1350 lem;
1072 1291 1101 1337 et
1107 1281 1255 1354 aspiciens,
1266 1281 1337 1336 vidit
1352 1286 1454 1335 sanctae
1465 1281 1712 1350 mortuurnjacens
1725 1295 1784 1333 cor·

142 1393 207 1432 enm
221 1376 251 1431 in
265 1379 324 1429 mm
342 1373 464 1445 glorioso
479 1371 636 1441 miraculo),
653 1376 681 1425 et
694 1370 782 1425 dixit:
799 1370 871 1423 Vere
884 1384 940 1422 non
981 1388 1043 1444 pus,
1060 1377 1090 1426 et
1115 1387 1225 1436 manus,
1241 1375 1274 1424 ut
1301 1374 1421 1441 oportet,
1437 1368 1478 1424 sic
1501 1368 1681 1440 compositas,
1702 1375 1732 1422 et
1748 1368 1783 1423 ad

142 1465 281 1521 mentitur
289 1464 375 1529 Deus,
385 1460 580 1534 quipollicitus
587 1465 631 1514 est
639 1458 691 1513 sibi
697 1459 803 1514 similes
817 1473 879 1512 esse
892 1472 940 1511 eos
982 1461 1126 1517 Orientem
1141 1462 1239 1532 jacens
1252 1476 1354 1531 eorpus
1376 1459 1521 1531 aspiciens.
1538 1459 1663 1514 currens
1677 1464 1781 1525 autem,

140 1554 190 1626 qui
208 1553 374 1625 semetipsos
396 1550 555 1623 purilicant.
568 1549 665 1604 Gloria
677 1548 739 1616 tibi,
749 1547 859 1603 Christe
866 1546 940 1600 Deus
981 1550 1114 1622 lucrymis
1123 1550 1192 1603 lavit
1198 1548 1368 1605 beatissimae
1378 1548 1474 1620 pedes,
1483 1564 1540 1603 non
1550 1547 1626 1603 enim
1637 1547 1716 1603 alind
1726 1564 1783 1602 cor·

138 1648 246 1709 noster,
258 1641 307 1713 qui
319 1639 467 1696 ostendisti
477 1639 548 1694 mihi
563 1655 614 1710 per
628 1638 760 1692 ancillam
769 1642 847 1691 tuam
858 1636 939 1701 banc,
982 1639 1058 1712 poris
1068 1639 1226 1694 membrum
1240 1637 1363 1693 audebat
1373 1638 1544 1709 contingere.
1553 1638 1782 1710 Lacrymansau·

139 1734 279 1801 quantum
293 1744 357 1782 mea
371 1726 595 1782 consideratione
607 1724 724 1780 interior
733 1741 795 1780 sum
810 1713 972 1780 mensuraB
983 1735 1042 1784 tem
1065 1728 1237 1800 aliquandiu,
1255 1733 1283 1782 et
1308 1727 1432 1799 psalmos
1453 1727 1549 1782 dicens
1560 1726 1686 1798 tempori
1701 1725 1781 1781 atrei

138 1816 484 1890 verseport'ectionisllaec
495 1831 528 1870 eo
543 1814 662 1879 dicente,
680 1814 832 1884 postulavit
839 1813 942 1869 mulier
982 1824 1178 1889 congruentes,
1196 1816 1262 1872 tecit
1285 1817 1437 1889 sepulturae
1448 1816 1614 1881 orationem,
1632 1821 1660 1871 et
1675 1815 1783 1871 dicebat

138 1912 172 1963 ut
182 1911 312 1962 sanctum
322 1902 598 1977 diceretSymbolum
618 1906 647 1957 et
660 1902 701 1956 sio
712 1903 888 1958 dominicam
896 1903 940 1957 in·
981 1907 1034 1961 sibi
1046 1907 1100 1978 ipsi
1112 1925 1118 1961 :
1130 1907 1260 1961 Forsitan
1273 1922 1330 1962 non
1344 1905 1499 1977 complacet
1517 1911 1621 1960 sanctae
1635 1905 1699 1959 haec
1712 1904 1779 1959 deri.

139 1996 256 2052 choaret
268 1996 434 2050 orationem.
445 1994 479 2048 Et
491 1994 600 2064 expleto
614 1993 699 2047 Pater
713 1997 818 2059 noster,
830 1997 936 2059 sancta,
981 1996 1047 2051 Hac
1059 2013 1092 2051 eo
1106 1994 1411 2067 cogitante,deaignata
1426 1995 1566 2066 scriptura
1579 1994 1686 2049 eratin
1696 1999 1778 2061 tarra,

139 2084 214 2140 sicut
228 2101 289 2139 mos
298 2089 351 2149 est,
362 2082 439 2155 pacis
454 2083 580 2137 osculnm
596 2080 698 2136 obtulit
723 2081 844 2149 seniori;
859 2087 888 2136 et
898 2082 939 2137 sic
979 2085 1027 2141 ubi
1040 2085 1093 2140 hoc
1102 2084 1248 2156 legebatur
1261 2102 1267 2139 :
1287 2102 1300 2136 o
1316 2084 1418 2155 Sepeli,
1434 2082 1506 2138 abba
1524 2083 1643 2148 Zosima,
1674 2083 1780 2139 misma

136 2173 247 2230 vivifica
260 2173 460 2246 mysteriorum
473 2170 628 2243 suscipiens
644 2171 728 2238 dona,
740 2171 769 2225 in
779 2171 880 2226 coelum
894 2187 940 2226 ex·
979 2175 1075 2231 Mariae
1089 2175 1296 2246 corpusculum.
1310 2172 1406 2227 Redde
1424 2177 1507 2228 tarra
1519 2171 1587 2245 (13),
1605 2171 1681 2244 quod
1701 2189 1780 2227 suum

135 2263 365 2319 tensismauibus
375 2261 563 2333 ingemiscens
573 2276 637 2316 cum
646 2260 939 2332 lacrymisitaclama·
980 2269 1032 2330 est,
1044 2268 1073 2318 et
1081 2263 1188 2335 pulveri
1197 2262 1287 2333 adjice
1301 2261 1453 2334 pulverem.
1467 2263 1525 2317 Ora
1542 2266 1657 2316 tantum
1673 2279 1725 2333 pro
1739 2278 1780 2317 me

135 2351 187 2408 bat
202 2371 208 2407 ι
222 2353 303 2408 Nunc
317 2350 445 2418 dimittis,
459 2349 587 2416 Domine,
604 2349 734 2426 ancillam
744 2355 823 2404 tuam
838 2366 938 2404 secun·
980 2359 1095 2427 propter
1108 2352 1258 2408 Dominum
1272 2357 1437 2406 transeunte
1452 2365 1548 2406 mense
1562 2350 1712 2405 Parmotbi
1726 2349 1781 2421 (ll)

136 2441 206 2497 dum
218 2440 334 2497 verbum
345 2439 462 2495 tuumin
481 2455 567 2512 pace,
584 2439 648 2511 quia
659 2439 790 2494 viderunt
799 2438 871 2493 oculi
883 2439 938 2493 mei
980 2441 1136 2498 seeundum
1150 2441 1315 2513 AEgyptios3
1332 2440 1381 2512 qui
1406 2446 1449 2495 est
1470 2439 1624 2495 secundum
1639 2439 1780 2494 Romanos

137 2530 349 2587 salutaretuum
362 2528 435 2603 (tue.
450 2531 494 2596 ιι).
508 2527 606 2582 Etseni
616 2527 703 2581 dixit:
716 2528 841 2598 Ignosce,
856 2526 936 2594 abba,
979 2531 1084 2602 Aprilis
1103 2530 1149 2585 die
1163 2545 1246 2594 nona,
1261 2528 1290 2583 id
1305 2534 1356 2596 est,
1375 2546 1391 2581 v
1408 2528 1474 2584 Idus
1499 2528 1605 2600 Aprilis
1629 2527 1779 2583 salutifera

137 2624 168 2675 ot
175 2618 252 2674 aliud
262 2633 331 2673 meae
337 2616 480 2689 petitionis
490 2616 576 2688 imple
587 2616 762 2671 mandatum.
778 2616 856 2671 Vade
866 2632 940 2672 nunc
980 2620 1127 2693 passionis,
1144 2624 1209 2692 post
1223 2617 1324 2673 divina
1348 2623 1378 2673 et
1405 2634 1490 2673 sacrae
1504 2633 1590 2673 coenae
1605 2617 1780 2673 communio·

138 2704 455 2771 admonasterium,Dei
479 2705 746 2777 pasegubernatus;
762 2720 940 2772 recursuum
980 2725 1084 2764 nem.»

137 2802 196 2852 tem
212 2795 279 2851 anni
290 2794 464 2850 advenientis
473 2793 577 2850 iterum
592 2794 748 2849 veniinillo
762 2798 897 2860 torrente,
910 2795 940 2850 in
1017 2799 1082 2853 cnr.
1098 2797 1233 2855 XXV1.-
1243 2797 1301 2851 Has
1311 2812 1396 2852 senex
1406 2812 1470 2852 curn
1480 2796 1596 2868 legisset
1603 2797 1725 2866 bttoras,
1739 2814 1780 2854 oo·

142 2901 199 2958 quo
207 2891 301 2941 tecum
310 2883 458 2956 sumprius
471 2884 574 2938 locuta.
582 2884 636 2938 Per
644 2883 803 2938 omnianon
812 2883 935 2951 omittas,
978 2887 1088 2959 gitabat
1095 2885 1209 2958 quidem
1219 2886 1297 2958 prius
1308 2886 1439 2958 quisnam
1451 2892 1524 2941 esset
1534 2887 1581 2958 qui
1590 2887 1718 2961 scripsit:
1733 2888 1780 2943 illa

138 2973 188 3032 aed
197 2980 313 3048 propter
321 2974 413 3029 Deum
424 2972 506 3028 reni:
524 2980 552 3028 et
566 2971 673 3027 videbis
682 2988 726 3027 me
740 2973 853 3039 iterum,
871 2990 938 3044 qna·
978 2976 1063 3043 enirn,
1079 2982 1112 3031 ut
1124 2975 1242 3042 dixerat,
1259 2975 1367 3030 litteras
1387 2974 1545 3046 ignorabat.
1560 2976 1594 3031 In
1619 2976 1674 3031 hoc
1687 2981 1779 3031 nmen

137 3063 206 3119 liter
217 3064 292 3120 Deus
305 3062 435 3118 voluerit.
448 3063 499 3118 Ille
513 3068 608 3118 autem
632 3060 778 3134 respondit
798 3062 835 3118 ad
849 3078 912 3118 eam
929 3065 1058 3132 :cralde
1072 3065 1215 3121 exsultans
1224 3064 1375 3136 gaudebat,
1390 3064 1456 3136 quia
1469 3065 1671 3135 ejussanctum
1686 3065 1780 3120 didicit

138 3151 255 3209 Utinam
269 3157 344 3207 esset
364 3152 496 3225 possibile
511 3168 586 3208 nunc
598 3156 647 3206 tua
673 3152 754 3223 sequi
768 3151 893 3223 vestigia,
911 3156 941 3206 et
980 3171 1094 3210 nomen.
1110 3153 1504 3225 Cogitavitreroquiamoxut
1516 3153 1779 3209 dirinainJonlaue

139 3346 228 3386 unam
236 3329 311 3386 senis
318 3329 532 3403 petitiunculam
541 3329 636 3397 facias,
650 3335 680 3384 et
687 3328 827 3384 modicum
837 3328 891 3384 cibi
906 3346 939 3384 ex
980 3332 1067 3400 venit,
1077 3332 1239 3388 ubimoxde
1249 3333 1301 3388 hoc
1317 3332 1422 3387 mundo
1432 3331 1574 3397 transivit,
1587 3336 1616 3387 et
1626 3331 1702 3387 idem
1716 3333 1777 3401 itar,

139 3435 174 3475 eo
184 3420 259 3491 quod
269 3419 325 3475 huo
338 3419 432 3486 attuli,
444 3418 567 3490 digneris
575 3419 711 3491 accipere.
720 3419 753 3473 Et
763 3419 822 3474 haec
831 3419 935 3487 dicens,
980 3421 1053 3492 quod
1064 3420 1188 3477 Zosimus
1198 3438 1249 3493 per
1257 3420 1318 3475 dies
1326 3420 1426 3492 viginti
1439 3419 1640 3475 ambulansvix
1651 3436 1777 3476 consum·

135 3508 265 3564 ostendit
271 3508 297 3563 ei
308 3507 382 3581 quod
390 3524 484 3564 secum
502 3508 643 3564 detulerat
652 3507 815 3563 canistrum.
826 3508 879 3564 iila
891 3524 940 3563 au·
979 3510 1067 3564 mavit
1075 3509 1216 3577 laborans,
1225 3510 1310 3565 unius
1324 3509 1400 3565 hora
1408 3526 1492 3564 cursu
1499 3509 1776 3582 blariaconsumpsit,

133 3600 197 3654 tem
209 3597 342 3653 extremis
354 3597 449 3667 digitis
463 3595 626 3651 lenticulam
642 3595 769 3667 contigit,
781 3600 811 3652 et
823 3596 878 3651 tria
887 3596 940 3651 tol·
980 3602 1009 3653 et
1021 3598 1116 3653 statim
1128 3599 1258 3670 migravit
1276 3599 1311 3653 ad
1325 3598 1486 3654 bominum.
1503 3598 1671 3654 Glorillcans
1687 3606 1782 3654 autam

135 3683 200 3741 lens
211 3701 301 3756 mana
310 3684 424 3757 proprio
439 3684 536 3740 intulit
545 3683 597 3751 ori,
611 3683 741 3739 sufficere
762 3683 858 3739 dicens
876 3700 940 3755 gra·
980 3687 1103 3743 Zosimaa
1117 3687 1279 3754 Dominum,
1295 3693 1325 3743 et
1336 3686 1466 3759 lacrymis
1478 3703 1581 3759 corpus
1602 3689 1667 3759 ejus
1691 3686 1780 3743 intuu-

127 3771 208 3827 tiam
220 3773 352 3844 Spiritus,
367 3778 400 3827 ut
411 3773 564 3828 custodiret
576 3772 677 3828 anima
691 3771 878 3828 substantiam
890 3773 941 3827 im·
981 3776 1050 3832 dens
1068 3777 1209 3849 :Tempus
1235 3781 1289 3845 est,
1316 3776 1419 3848 inquit,
1446 3776 1532 3831 miser
1559 3776 1681 3845 Zosima,
1709 3775 1780 3849 quod

139 3861 321 3916 maculatam.
336 3861 415 3917 Tunc
438 3861 506 3916 dicit
534 3861 595 3916 seni
609 3879 616 3916 ε
631 3862 688 3918 Ora
700 3877 752 3933 pro
767 3878 812 3917 me
826 3867 942 3934 propter
981 3871 1063 3922 tuum
1073 3866 1245 3938 est,pertice.
1259 3863 1491 3937 Sedquidlaciam
1501 3863 1607 3931 infelix,
1623 3865 1692 3936 quia
1708 3864 1779 3920 unde

139 3949 241 4018 Deum,
256 3954 285 4005 ot
298 3965 367 4005 mere
382 3955 560 4005 memoresto
570 3966 683 4022 semper
694 3950 875 4006 infelicitatis.
890 3951 941 4008 Ille
980 3955 1077 4011 fodere
1090 3955 1209 4021 valeam,
1222 3970 1279 4011 non
1292 3953 1399 4009 habeol
1412 3955 1497 4009 Deest
1506 3953 1662 4019 sarculum,
1671 3970 1729 4009 nou
1738 3957 1779 4009 est

138 4039 226 4111 pedes
238 4039 300 4110 ejus
314 4043 425 4095 sanctos
439 4039 715 4111 condomanam
734 4056 799 4096 cum
808 4040 941 4113 lacrymis
980 4049 1114 4111 rastrum,
1128 4044 1254 4115 nihilque
1269 4060 1302 4098 ex
1320 4042 1553 4099 omnibus'habao
1567 4059 1628 4115 prae
1642 4042 1777 4098 manibus

138 4127 353 4201 deprecabatur,
370 4133 403 4184 ut
415 4133 511 4184 oraret
524 4144 575 4202 pro
589 4128 722 4195 Ecclesia,
741 4135 770 4184 et
784 4145 834 4201 pro
848 4129 938 4202 irnpe-
979 4133 1045 4189 Haec
1058 4133 1107 4189 illo
1120 4133 1150 4187 in
1164 4133 1247 4189 corde
1261 4148 1313 4188 suo
1328 4133 1447 4196 dicente,
1463 4131 1533 4187 vidit
1546 4131 1779 4204 parrumlignum

134 4217 191 4286 rio,
207 4224 237 4273 et
250 4234 301 4291 pro
313 4233 353 4287 se,
369 4222 399 4274 et
412 4218 452 4274 sic
465 4217 576 4274 dimisit
588 4235 651 4273 earn
665 4217 743 4274 abire
753 4219 824 4274 llens
839 4224 867 4274 et
881 4221 940 4290 eju·
980 4227 1008 4277 et
1022 4221 1164 4277 modicum
1175 4223 1286 4293 jacere:
1305 4221 1379 4292 quod
1393 4236 1549 4285 assumens,
1565 4220 1653 4292 coepit
1672 4219 1778 4276 fodere.

133 4306 211 4364 lans.
222 4308 286 4363 Non
298 4307 373 4363 enim
388 4307 511 4363 audebat
523 4324 586 4363 eam
599 4309 720 4364 multum
738 4308 938 4380 detinensque
978 4312 1067 4367 Valde
1076 4318 1171 4367 numm
1182 4311 1281 4367 durior
1294 4316 1355 4366 erat
1363 4316 1449 4377 terra,
1457 4309 1617 4365 etmultum
1626 4308 1779 4365 fortissima

137 4411 202 4464 nso,
219 4397 345 4460 sireltet,
358 4401 470 4469 poterat
482 4396 613 4452 detineri.
942 4391 1007 4457 Det
1020 4417 1198 4473 nequaquam
1213 4399 1324 4455 valebat
1334 4399 1439 4465 fodere,
1455 4398 1522 4471 quia
1544 4403 1573 4454 et
1591 4398 1705 4470 ieiunio
1715 4414 1775 4454 oon·

174 4487 240 4542 Gar.
254 4485 356 4541 XXlll.
373 4517 402 4528 -
419 4485 471 4539 llla
483 4491 578 4540 autem
591 4486 683 4541 crucia
697 4486 801 4542 iterum
816 4487 936 4559 impres·
978 4491 1077 4558 fectus,
1093 4495 1122 4545 et
1132 4490 1208 4562 longi
1222 4489 1331 4545 itineris
1344 4488 1507 4561 fatigatione
1521 4487 1608 4543 nimia
1623 4494 1686 4543 erat
1705 4486 1775 4543 deie-

133 4574 216 4632 siona
229 4575 382 4631 Iordanem
396 4573 520 4647 signans,
537 4575 664 4630 ascendit
677 4575 825 4632 ambulans
852 4592 939 4648 super
979 4585 1049 4635 ctus.
1059 4578 1307 4645 Laborabatenim,
1317 4584 1346 4633 et
1356 4576 1485 4650 suspiriis
1501 4576 1597 4632 nimiis
1611 4575 1772 4649 urgebabir,

134 4662 277 4737 liquidum
286 4664 467 4731 elementum,
480 4664 643 4719 ettransivit
658 4664 733 4721 sicut
742 4670 808 4720 ante
821 4665 936 4722 ueniens
977 4674 1007 4724 et
1020 4668 1169 4724 sudoribus
1182 4668 1365 4735 madefactus,
1380 4664 1520 4737 ingemuit
1529 4664 1656 4736 graviter
1669 4681 1705 4721 ex
1717 4665 1774 4738 ipso

131 4749 144 4804 1
148 4758 252 4808 ecerat.
263 4754 354 4810 Senex
362 4758 458 4808 autem
464 4769 593 4808 reversus
603 4758 646 4809 est
655 4754 759 4825 gaudio
769 4759 799 4809 et
813 4759 937 4811 tremore
977 4758 1069 4814 cordis
1097 4758 1140 4815 sui
1163 4757 1312 4830 profundo.
1327 4757 1362 4812 Et
1385 4754 1547 4827 respiciens,
1563 4753 1636 4809 vidit
1653 4753 1775 4826 ingentis

134 4841 272 4912 repletus.
288 4843 324 4897 Et
337 4842 521 4914 semetipsum
535 4842 767 4915 reprehendebat,
784 4844 934 4916 poenitens,
977 4848 1074 4905 formae
1085 4848 1197 4903 leonem
1208 4848 1290 4918 juxta
1300 4861 1400 4917 corpus
1413 4850 1517 4900 sanctae
1531 4848 1706 4911 mentemst
1716 4844 1774 4914 ejus

132 4928 205 5000 quia
218 4944 322 4986 nomen
330 4936 435 4988 sancta
448 4936 481 4988 ut
494 4938 683 5004 cognosceret,
700 4948 757 4989 nou
771 4933 934 5007 inquisivit;
975 4937 1087 5010 plantas
1100 4935 1282 4992 lambentem.
1295 4934 1400 4990 Videas
1413 4937 1519 5000 autem,
1534 4932 1709 4988 contremuit
1721 4946 1775 5004 pra

135 5016 271 5089 sperabat
279 5022 375 5074 tamen
390 5019 550 5077 advenienti
563 5021 616 5078 hoc
630 5022 763 5095 consequi
773 5039 858 5079 anno.
976 5042 1078 5099 pavore
1091 5025 1284 5098 grandissima
1297 5025 1362 5080 farae
1383 5022 1468 5090 iltius,
1484 5021 1626 5094 precipue
1644 5020 1714 5093 quia
1729 5035 1775 5076 aa·

174 5107 243 5162 (ias.
253 5107 546 5166 XXIV-Transacto
554 5117 648 5167 autern
655 5112 754 5168 eodem
763 5114 933 5182 annicursu,
976 5113 1069 5170 dierat
1082 5121 1207 5170 sanctam
1217 5113 1353 5169 feminam
1367 5111 1445 5166 illam
1462 5110 1604 5165 dicentem
1619 5108 1690 5180 quia
1707 5122 1774 5164 nun-

132 5195 214 5251 venit
223 5195 327 5251 iterum
336 5194 364 5250 in
375 5205 483 5254 vastam
495 5199 599 5256 deserti
614 5201 806 5261 solitudinem.
818 5202 934 5275 expletis
976 5220 1060 5275 quaro
1075 5203 1200 5276 aliquam
1214 5203 1302 5258 teram
1312 5200 1429 5256 viderat.
1440 5200 1632 5270 Signoautem
1645 5214 1677 5253 se
1687 5197 1774 5253 crucia

132 5282 267 5339 omnibus
290 5284 444 5339 secundum
468 5288 709 5357 consuetudinem,
731 5289 883 5346 festinabat
898 5291 934 5348 ad
975 5293 1152 5349 confirmavit
1163 5292 1286 5364 undique
1298 5291 1415 5346 credens
1423 5288 1490 5362 quia
1499 5288 1621 5344 illaesum
1633 5287 1775 5343 custodire

130 5373 287 5445 gloriosam
298 5373 375 5428 illam
388 5374 524 5430 visionem
538 5376 712 5434 intuendam.
729 5379 933 5437 Perambulans
974 5383 1048 5438 ualet
1062 5399 1126 5437 eum
1137 5380 1359 5451 virtusjacentis.
1376 5380 1433 5435 Leo
1447 5382 1542 5433 autem
1557 5377 1645 5449 coepit
1655 5377 1775 5432 innuere

131 5469 231 5518 autem
245 5462 435 5526 solitudinem,
453 5469 482 5518 et
499 5480 554 5519 non
576 5467 721 5524 inveniens
736 5470 832 5542 aliqua
845 5471 932 5543 cupiti
974 5472 1044 5538 seni,
1053 5470 1163 5527 blandis
1173 5487 1238 5526 eum
1253 5469 1369 5525 nutibus
1383 5468 1521 5523 salutans.
1537 5466 1665 5521 Zosimas
1680 5471 1775 5522 autem

130 5551 188 5610 loci
202 5550 356 5609 indicantia
370 5551 460 5626 signa,
475 5552 574 5610 dextra
587 5555 711 5631 laevaque
728 5559 875 5634 aspiciens,
891 5560 933 5618 in·
973 5560 1043 5619 dixit
1057 5560 1151 5618 leoni:
1168 5558 1307 5625 Quoniam
1317 5574 1336 5614 a
1346 5558 1405 5615 Deo
1419 5556 1522 5614 missua
1531 5555 1775 5627 renisumaxime
