3818 6120
131 287 183 346 Ν
780 286 901 342 VERBA
920 284 1116 341 SENIORUM.
1712 276 1767 340 890

130 411 201 467 vidit
209 411 239 487 in
249 412 310 484 Ipsa
321 412 498 468 hebdomada
512 412 640 484 quadam
653 426 711 466 non
720 409 801 465 utilia
812 409 865 464 sibi
877 429 883 478 ;
895 415 923 465 et
933 411 959 470 A
968 415 997 464 et
1009 408 1092 463 dicit:
1109 407 1198 474 Abba,
1214 423 1278 463 cum
1286 409 1411 463 venirem
1422 408 1456 463 ad
1471 412 1510 475 te,
1526 406 1619 463 inveni
1629 406 1705 462 huno
1718 420 1765 462 so-

130 500 202 555 dixit
214 501 358 573 discipulis
386 502 445 557 suis
469 502 538 557 illud
553 501 627 574 quod
641 500 778 556 Dominus
793 500 928 570 apostolis
969 498 1057 553 lidum
1070 499 1099 552 iu
1113 498 1167 552 via.
1183 498 1306 553 Ostende
1320 514 1387 570 ergo
1410 497 1587 562 charitatem,
1602 501 1632 551 et
1645 495 1767 568 predica

129 588 259 644 dixerat:
274 591 397 661 Surgite,
414 607 511 646 eamus
527 592 591 645 hinc
605 591 694 657 (locri.
712 588 776 657 xiv).
794 589 928 660 Discipuli
966 587 1117 659 jejunium,
1134 604 1169 642 ne
1184 587 1246 658 quis
1261 587 1416 659 perdiderit
1429 584 1766 659 eamEtpradicaritab-

129 683 226 733 autern
241 678 398 734 contristati
413 685 479 735 aunt
492 681 580 745 valde,
596 679 721 733 dicentes
736 695 741 730 :
767 678 797 733 Si
813 679 928 733 omniuo
969 676 1060 742 bas,et
1073 692 1156 730 nemo
1170 681 1212 730 est
1225 670 1355 732 inventus
1370 678 1418 734 uui
1429 676 1596 748 perdidisset
1609 674 1765 730 eans'lhnc

128 767 304 823 voluntatem
314 767 436 823 habebas
452 769 592 840 migrandi
604 768 678 834 hinc,
694 767 802 839 utquid
816 772 928 822 tantum
969 783 1034 821 vero
1045 765 1331 820 dicitabbatilacobo:
1342 767 1371 820 Si
1381 783 1448 837 ergo
1462 781 1544 820 nemo
1558 781 1622 819 eum
1631 763 1767 837 perdidit,

129 856 255 911 laborem
279 857 477 926 sustinuimus,
508 859 679 913 aedificantes
696 857 780 927 longo
801 861 929 928 tempore
970 854 1006 910 do
1020 870 1085 909 cum
1099 855 1140 909 illi
1154 854 1244 920 tratri,
1256 854 1322 925 quia
1334 854 1386 926 ipsi
1401 854 1488 909 debeo
1504 853 1634 908 solidum.
1652 851 1687 908 at
1700 868 1765 909 curn

128 946 385 1016 cellamllncipient
394 951 490 1002 autem
509 947 639 1002 homines
649 946 868 1001 scandalizastis
881 963 929 1002 no-
969 944 1094 999 venirem
1109 944 1144 998 ad
1152 948 1180 997 te
1190 948 1260 999 utta
1270 941 1767 1015 mihisolidumprrestaresetredde·

128 1033 183 1101 bis,
199 1039 229 1089 et
239 1035 346 1090 dicere:
362 1037 432 1090 Ecce
448 1037 552 1091 iterum
574 1036 707 1106 migrant,
723 1051 864 1107 nusquam
888 1052 930 1090 se-
970 1051 1030 1088 rem
1044 1032 1181 1098 debitum,
1197 1033 1516 1088 invenieuminvia.llt
1529 1032 1647 1086 mIratus
1661 1037 1704 1087 est
1719 1030 1766 1086 ab·

127 1124 292 1179 dentesllle
303 1131 398 1187 autem
409 1141 472 1179 cum
483 1142 530 1180 eos
538 1125 651 1180 vidisset
658 1124 852 1196 pusillanimes
861 1125 928 1179 elle·
969 1125 1018 1179 bas
1033 1123 1160 1189 lacobus
1177 1124 1317 1194 quomodo
1330 1124 1490 1194 compulsus
1508 1139 1559 1196 pro
1573 1121 1666 1177 debito
1687 1120 1766 1177 inre·
1827 1139 1834 1152 ·

127 1212 335 1280 ctos,diciteis:
351 1215 411 1269 Etsi
420 1214 646 1269 scandalizantur
660 1213 757 1285 aliqui;
769 1214 818 1268 sed
826 1213 929 1267 iterum
970 1214 1065 1280 nisset,
1083 1219 1111 1268 et
1125 1230 1182 1268 non
1197 1213 1292 1268 stethu
1307 1212 1419 1268 tulisset
1433 1229 1509 1279 eum,
1526 1216 1555 1267 et
1566 1209 1689 1266 reddidit
1703 1211 1766 1266 soli·

127 1307 198 1357 aunt
209 1302 258 1356 alii
272 1303 320 1372 qui
333 1302 507 1358 aedificentur
521 1308 550 1357 et
564 1304 680 1358 diruat:
698 1303 778 1357 Beati
788 1307 855 1356 sunt
868 1302 925 1368 isti,
970 1304 1036 1358 dum
1051 1303 1131 1357 fratri
1147 1302 1196 1357 illi.
1222 1304 1257 1357 Et
1270 1303 1322 1357 hoc
1335 1308 1397 1357 erat
1412 1301 1539 1356 mirabile
1555 1301 1589 1355 dc
1602 1301 1664 1372 ipso
1679 1317 1685 1354 :
1701 1297 1767 1371 qula

129 1391 198 1462 quia
213 1399 327 1463 propter
341 1392 431 1446 Deum
446 1393 646 1463 migraverunt,
656 1397 685 1446 et
694 1408 746 1446 sua
759 1391 854 1446 omnia
864 1407 929 1445 oon·
969 1393 994 1447 si
1009 1392 1137 1448 veniebat
1151 1393 1213 1463 quis
1228 1397 1359 1447 mutuum
1372 1391 1478 1462 aliquid
1494 1395 1591 1462 petere
1606 1388 1694 1456 abeo,
1710 1404 1768 1445 non

128 1480 521 1552 tempserunt.Verumtamen
531 1482 593 1536 dico
603 1481 688 1548 vobis,
698 1481 746 1551 qui
756 1481 925 1547 vultvenire,
969 1483 1150 1554 perseipsum
1164 1481 1258 1548 dabat,
1274 1481 1324 1536 sed
1337 1480 1449 1536 dicebat
1461 1479 1541 1534 fratri
1554 1485 1686 1534 mutuum
1701 1492 1768 1551 pos-

129 1570 234 1635 saniat,
243 1570 310 1641 quia
317 1586 368 1640 ego
378 1570 492 1624 interim
504 1571 632 1625 vadollli
641 1586 705 1624 vero
716 1576 929 1640 prostraverunt
969 1572 1086 1626 talenti:
1110 1572 1197 1636 Vade,
1222 1571 1290 1626 tolle
1304 1570 1355 1625 tibi
1370 1576 1400 1626 tu
1416 1570 1476 1642 ipse
1491 1570 1566 1641 quod
1581 1584 1651 1641 opus
1664 1566 1763 1623 habes.

128 1674 160 1713 se
174 1659 206 1713 in
221 1663 335 1725 terram,
353 1667 484 1730 rogantes
505 1665 538 1714 ut
551 1659 717 1714 concederet
726 1676 822 1713 secum
838 1658 926 1713 abire.
970 1662 1005 1715 Et
1020 1660 1132 1732 quando
1146 1659 1285 1715 referebat
1299 1660 1373 1731 quod
1396 1663 1527 1714 mutuum
1549 1657 1709 1730 accepisset,
1724 1656 1768 1711 di·

166 1749 195 1803 5.
213 1748 289 1803 Disit
300 1734 536 1820 abbas'Evagrius
551 1749 607 1815 (25)
616 1749 703 1803 luisse
714 1749 865 1820 quemdam
876 1728 1048 1805 fra-Bcebat
1070 1750 1109 1805 el:
1126 1751 1240 1822 Repone
1254 1750 1323 1804 illud
1342 1749 1445 1804 iterum
1472 1747 1546 1802 unde
1558 1745 1704 1804 tulisti..Si
1716 1760 1768 1799 au·

128 1841 213 1903 trem,
225 1837 273 1908 qui
288 1837 357 1891 nihil
368 1837 505 1893 habuitin
519 1837 745 1904 substantiasua,
754 1837 809 1892 nisi
818 1843 930 1894 tantum
970 1844 1028 1893 tem
1043 1838 1115 1893 nihil
1128 1843 1225 1906 588
1240 1837 1377 1893 referebat
1387 1838 1434 1892 ille
1449 1836 1498 1908 qui
1508 1840 1638 1891 mutuum
1652 1846 1767 1906 accepe-

129 1925 321 1997 evangelium,
336 1933 365 1981 et
378 1927 470 1998 ipsum
485 1927 611 1981 vendidit
625 1926 655 1981 in
670 1942 827 1999 pauperum
840 1928 930 1983 nutri·
970 1935 1024 1997 rat,
1038 1944 1122 1983 senes
1139 1927 1209 1982 nihil
1224 1926 1334 1983 dicebat
1346 1927 1381 1982 ei.

128 2020 226 2070 mento
240 2017 367 2084 (staffilo,
382 2020 401 2070 l.
414 2030 455 2086 111,
467 2033 495 2071 a.
512 2017 556 2083 70,
569 2019 680 2070 nomine
693 2016 871 2087 Serapionis).
882 2017 930 2072 Di·
1004 2016 1032 2077 8.
1057 2019 1253 2072 Narrarerunt
1277 2016 1391 2088 quidam
1415 2017 1532 2070 Patrnm
1547 2013 1614 2086 qula
1627 2013 1704 2070 teuit
1715 2011 1768 2069 ali-

128 2119 196 2159 cens
220 2105 342 2175 quodam
367 2104 461 2172 verbo,
480 2105 554 2177 quod
576 2105 718 2160 memoriae
740 2105 857 2176 dignum
886 2111 930 2160 est
970 2108 1082 2180 quando
1096 2106 1293 2178 frateraliquIs
1303 2107 1332 2161 in
1343 2104 1657 2161 conventumCellarum
1670 2116 1766 2159 coram

129 2194 342 2250 commendari:
360 2195 457 2266 Ipsum
471 2194 568 2259 etiam,
585 2193 687 2265 inquit,
702 2193 818 2248 verbum
828 2194 926 2249 vendi·
969 2196 1070 2252 abbate
1084 2198 1171 2264 Isaac,
1187 2195 1305 2251 vestitus
1319 2195 1460 2250 modicum
1475 2193 1633 2260 cucullum
1649 2196 1678 2248 et
1691 2207 1767 2266 spec·

128 2282 169 2350 di,
198 2284 273 2355 quod
298 2283 393 2354 jubet:
410 2284 505 2339 Vende
529 2283 633 2350 omnia,
662 2288 691 2337 et
708 2283 744 2337 da
759 2282 928 2354 pauperibus
969 2287 1049 2342 tabat
1063 2302 1128 2342 eum
1142 2303 1235 2350 senex,
1252 2285 1362 2339 dicens:
1379 2283 1431 2339 Hic
1445 2283 1705 2338 monachorumest
1719 2280 1769 2337 ha-

129 2373 238 2438 (Nallh
250 2379 315 2441 ω).
969 2375 1086 2439 bitatio;
1103 2381 1134 2431 tu
1149 2374 1290 2430 saecularis
1305 2391 1344 2440 es,
1360 2378 1388 2428 et
1400 2390 1457 2428 non
1471 2371 1636 2445 poteris·hic
1649 2386 1721 2429 esse.

165 2464 190 2520 6.
200 2463 294 2520 abbas
303 2465 474 2530 Theodorus
487 2470 673 2536 cognomento
683 2465 718 2519 de
730 2465 860 2533 Pherme,
877 2466 929 2520 ha·
1005 2464 1032 2519 9.
1049 2466 1165 2521 Dicebat
1179 2471 1274 2520 autern
1295 2462 1428 2518 fratribus
1442 2462 1528 2518 abbas
1553 2463 1650 2518 Isaac:
1669 2462 1768 2519 Patres

129 2553 281 2609 bebattres
302 2554 418 2610 Codices
432 2554 574 2609 bonos.Et
587 2570 651 2609 cum
662 2555 784 2609 venisset
793 2554 829 2609 ad
842 2554 928 2609 abba·
969 2556 1059 2612 nostri
1079 2560 1108 2611 et
1122 2555 1208 2611 abbas
1223 2555 1338 2622 Pambo,
1363 2553 1482 2609 vetustis
1497 2559 1526 2608 et
1540 2552 1575 2607 de
1589 2551 1687 2608 multis
1701 2565 1765 2624 par·

128 2648 188 2698 tem
212 2643 375 2711 Macarium,
390 2643 459 2697 dixit
469 2641 619 2697 ei:Habeo
629 2648 687 2698 tres
698 2642 853 2709 Codices,et
862 2660 928 2715 pro·
969 2644 1044 2700 tibus
1072 2644 1214 2700 resarcitis
1236 2643 1359 2699 vestibus
1381 2642 1543 2708 utebantur,
1572 2655 1649 2696 nunc
1673 2644 1769 2695 autem

128 2731 194 2787 ticio
208 2719 242 2786 ex
258 2732 376 2787 lectione
387 2749 493 2787 eorum.
507 2733 599 2786 Sedet
610 2731 712 2787 fratres
722 2738 877 2804 petunteos
891 2733 927 2787 ad
968 2733 1098 2805 pretiosis
1129 2732 1253 2788 vestibus
1289 2730 1410 2787 utimini.
1447 2729 1587 2786 Discedite
1620 2726 1696 2796 hinc,
1727 2727 1772 2783 de·

128 2821 331 2892 legendnm,et
344 2821 397 2893 ipsi
412 2821 571 2893 protelant.
586 2821 635 2875 Dic
647 2837 714 2892 ergo
729 2822 798 2876 mihi
810 2822 928 2893 quidde
972 2823 1100 2878 sertastis
1130 2822 1223 2877 locum
1244 2823 1329 2877 hunc.
1352 2820 1471 2886 Quando
1493 2824 1589 2875 autem
1613 2815 1768 2895 profecturi

131 2910 185 2966 beo
197 2911 289 2965 Iacere
303 2911 309 2965 l
322 2911 357 2965 Et
371 2911 544 2982 respondens
560 2924 659 2977 senex,
672 2911 759 2966 dixit:
778 2912 849 2965 Boni
864 2916 931 2966 sunt
971 2916 1053 2967 amnt
1073 2911 1107 2966 ad
1136 2926 1266 2973 messem,
1292 2908 1403 2963 dicebat
1421 2909 1475 2963 eis:
1501 2909 1565 2964 Iam
1587 2906 1666 2963 robis
1690 2905 1770 2962 nulla

130 3000 245 3072 quidem
259 3005 348 3068 actus,
364 3001 412 3054 sed
423 3000 524 3055 melius
539 2999 668 3055 omnibus
679 3000 799 3054 estnihil
809 3001 930 3072 posside·
970 2998 1105 3054 mandata
1118 2998 1200 3066 dabo,
1212 2999 1280 3069 quia
1295 3015 1351 3053 non
1365 2997 1529 3053 observatis.

129 3105 171 3144 re.
186 3089 269 3154 Quod
281 3106 345 3145 cum
361 3090 494 3155 audisset,
511 3088 591 3155 abiit,
609 3094 638 3143 et
652 3089 779 3144 vendidit
792 3101 959 3163 memora-0
1009 3087 1134 3146 10.Dixit
1140 3086 1226 3142 abhas
1236 3087 1386 3142 Cassianus
1397 3086 1599 3157 (Cassianam.
1611 3098 1651 3140 vn
1662 3086 1767 3152 instit,

131 3184 175 3233 tos
187 3179 313 3246 Codices,
324 3184 353 3233 et
362 3178 439 3233 dedit
448 3177 640 3249 indigentibus
655 3179 777 3250 pretium
791 3179 926 3250 ipsorum.
970 3196 993 3233 c.
1011 3177 1054 3248 li)
1071 3178 1137 3249 quia
1147 3177 1320 3248 syncleticus
1335 3175 1438 3248 aliquis
1452 3174 1566 3231 uomIne
1577 3172 1769 3230 renuntiasset

166 3264 194 3323 7.
213 3268 345 3323 Narravit
360 3268 475 3339 quidam
499 3268 616 3322 Petrum
638 3267 673 3321 de
695 3267 799 3323 abbate
820 3269 929 3323 Ioanne
970 3267 1265 3335 saecaloetfacultates
1280 3261 1770 3338 suaspauperibnsdividens,aliqua

130 3357 228 3425 Persa,
240 3358 305 3429 quia
319 3374 352 3411 ex
367 3357 463 3412 multis
472 3355 623 3412 virtutibus
636 3355 695 3411 suis
710 3357 745 3411 ad
760 3357 928 3428 profundam
972 3357 1026 3412 sibi
1040 3357 1204 3411 retinuisset
1218 3356 1253 3410 ad
1264 3357 1409 3428 proprium
1422 3372 1516 3421 usum,
1529 3354 1629 3410 nolens
1646 3350 1769 3427 perfecte

131 3446 343 3518 simplicitatem
356 3453 441 3517 atque
455 3445 646 3501 innocentiam
661 3447 821 3516 pervenerit
837 3447 928 3518 (Duff,
972 3465 1004 3502 ex
1014 3446 1143 3502 omnibus
1158 3446 1382 3501 renuntiantium
1397 3444 1586 3501 humilitatem
1600 3448 1629 3498 et
1645 3455 1770 3498 commu·

132 3537 180 3591 lib.
197 3549 238 3603 111,
254 3551 283 3590 a.
301 3535 535 3604 148).Hicautem
546 3533 680 3589 manebat
688 3534 717 3589 in
727 3532 831 3589 Arabia
840 3535 931 3590 victua
972 3536 1016 3592 nis
1050 3535 1288 3591 monasteriorum
1307 3535 1370 3591 vitre
1387 3534 1529 3618 suscipere
1559 3533 1696 3604 regulam.
1723 3530 1766 3587 Ad

131 3624 259 3697 Egypti.
277 3625 312 3679 Et
322 3624 460 3679 mutuavit
470 3623 622 3695 aliquando
632 3623 800 3680 afratresuo
809 3623 930 3679 solidum
972 3643 1056 3698 quem
1070 3631 1173 3681 sancta
1187 3624 1329 3680 memoria
1341 3623 1461 3680 Basilius
1475 3623 1605 3678 dixithoc
1619 3639 1625 3676 :
1643 3621 1678 3678 Et
1690 3635 1770 3676 sena-

130 3728 232 3781 annm,
248 3718 276 3768 et
287 3714 357 3768 emit
370 3714 469 3780 linum,
481 3719 513 3768 ut
527 3718 700 3785 operaretur.
712 3713 748 3769 Et
761 3714 837 3769 venit
843 3713 932 3769 frater
971 3721 1017 3771 tor
1031 3733 1091 3770 esse
1103 3715 1222 3783 desiisti,
1236 3719 1265 3770 et
1278 3713 1447 3769 monachum
1457 3728 1514 3769 non
1527 3711 1627 3768 iecisti.

131 3817 236 3875 rogans
244 3819 319 3870 eum,
332 3803 459 3857 etdicens
470 3820 476 3856 :
486 3803 566 3857 Dona
575 3803 656 3869 mth,
665 3801 746 3870 abba,
755 3803 930 3874 aliquantum
1011 3804 1053 3862 ll.
1070 3805 1146 3861 Dixit
1160 3805 1275 3876 quidam
1285 3804 1372 3859 frater
1381 3802 1475 3858 abbati
1486 3800 1673 3858 pisteramoni
1682 3819 1687 3856 :
1697 3799 1770 3865 Quid

130 3892 193 3957 llni,
207 3897 238 3947 et
249 3891 349 3947 factam
366 3893 435 3947 mihi
447 3892 647 3948 vestimentum
655 3909 710 3964 quo
720 3897 794 3948 utar.
809 3893 844 3948 Et
855 3893 932 3947 dedit
973 3894 1223 3967 faciam,quoniam
1233 3894 1384 3949 durumest
1394 3891 1464 3948 mihi
1470 3891 1591 3947 vendere
1597 3891 1670 3964 qnod
1682 3888 1771 3945 mani·

132 3981 231 4037 marm
239 3981 352 4052 gaudio.
365 3981 502 4037 Similiter
512 3981 618 4037 etalius
627 3981 741 4036 veniens
750 3981 860 4052 rogavit
867 3997 932 4036 eum
975 3983 1025 4038 bus
1040 3983 1109 4037 meis
1123 3983 1231 4038 laboro.
1245 3983 1280 4037 Et
1293 3983 1465 4055 respondens
1490 3981 1577 4036 dixit:
1595 3979 1669 4045 Quia
1685 3976 1772 4033 abbas

131 4074 166 4126 at
178 4070 261 4126 daret
274 4071 300 4125 ei
310 4070 487 4142 aliquantum
497 4071 557 4138 ltni,
573 4076 605 4126 ut
615 4070 718 4126 laceret
727 4070 779 4125 sibi
788 4076 932 4142 tegumen·
974 4072 1061 4126 Sisois
1072 4072 1198 4127 etcaeteri
1207 4070 1440 4142 vendebantopus
1448 4085 1583 4126 manuum
1591 4067 1772 4135 suarum3hoc

132 4160 245 4216 tumEt
253 4160 330 4216 dedit
341 4159 367 4214 ei
380 4161 425 4215 nt
431 4160 527 4215 multis
535 4160 597 4215 aliis
605 4159 765 4231 petentibus
773 4159 858 4215 dabat
867 4161 932 4215 stm·
975 4162 1115 4217 enimnon
1131 4161 1223 4216 laedet.
1243 4161 1297 4216 Sed
1309 4160 1421 4232 quando
1431 4158 1537 4226 vendis,
1549 4158 1636 4214 semel
1646 4157 1691 4212 dic
1706 4172 1771 4228 pre·
1846 4219 1849 4224 ,

132 4248 245 4321 pliciter
264 4264 329 4302 cum
343 4248 456 4318 gaudio.
483 4249 585 4303 Postea
598 4249 675 4304 venit
699 4249 830 4304 dominus
851 4249 932 4305 solidi
974 4252 1046 4307 dum
1062 4250 1165 4323 speciei
1180 4266 1264 4321 quam
1280 4248 1424 4304 distrahis.
1440 4248 1474 4303 Et
1488 4246 1703 4302 siuisrelaxare
1714 4260 1772 4298 mo-

133 4353 218 4410 quem
231 4342 329 4393 mutuo
336 4342 491 4408 acceperat,
502 4338 599 4392 rolens
611 4338 735 4409 recipere
743 4339 934 4410 quodmutua·
975 4341 1069 4396 dicum
1080 4340 1173 4413 pretii,
1185 4340 1214 4395 in
1226 4345 1254 4394 te
1264 4338 1358 4407 est,sic
1367 4337 1479 4394 enimet
1494 4337 1617 4409 quietem
1635 4333 1770 4390 invenies.

133 4432 223 4483 rarat.
250 4427 286 4482 Et
299 4425 369 4482 dirit
394 4426 420 4481 ei
435 4442 539 4481 senex:
557 4428 615 4498 Ego
631 4427 717 4482 attero
740 4427 792 4482 tibi
805 4444 881 4483 eum.
898 4423 966 4483 Etll
978 4430 1160 4488 Iterumdixit
1170 4429 1304 4485 eifrater:
1315 4429 1441 4485 Sihabeo
1452 4427 1526 4501 quod
1542 4424 1664 4482 sufficiat
1675 4438 1772 4479 neces-

134 4531 199 4572 sum
215 4532 272 4571 non
290 4516 407 4572 haberet
421 4516 495 4570 unde
510 4516 650 4584 redderet,
668 4516 739 4571 abiit
752 4517 788 4571 ad
803 4516 934 4573 abbatem
975 4520 1105 4576 sitatibus
1120 4520 1190 4575 meis
1205 4519 1329 4587 aliunde,
1343 4518 1454 4574 ridetur
1467 4517 1519 4573 tibi
1532 4521 1565 4573 ut
1580 4531 1637 4571 non
1650 4512 1772 4586 cogitem

134 4605 224 4661 Iacob
237 4605 472 4677 dispensatorem,
490 4609 522 4661 ut
535 4611 650 4677 rogaret
664 4622 740 4674 eum,
762 4612 791 4661 et
813 4607 894 4662 daret
908 4609 933 4663 ei
975 4609 1010 4665 de
1024 4609 1120 4665 labore
1129 4608 1279 4665 manuum?
1288 4607 1473 4681 Respondeas
1484 4622 1577 4675 senex,
1588 4605 1667 4662 dixit:
1677 4605 1772 4670 Quan-

133 4694 266 4750 solidum.
282 4694 390 4749 Etcum
400 4694 463 4760 iret,
480 4694 587 4749 invenit
600 4694 630 4748 iu
645 4699 722 4750 terra
734 4697 875 4766 jacentem
890 4712 934 4752 so·
975 4700 1079 4756 tumvis
1099 4698 1213 4768 habeas,
1234 4715 1291 4754 non
1304 4698 1431 4772 negligas
1453 4696 1575 4770 operari,
1591 4700 1618 4752 et
1634 4697 1773 4768 quantum

133 4783 234 4851 lidum,
247 4788 276 4838 et
285 4799 341 4839 non
351 4783 446 4854 tetigit
454 4799 528 4850 eum,
540 4783 590 4838 sed
596 4783 661 4838 tecit
671 4784 838 4852 orationem,
849 4791 877 4841 et
891 4801 934 4841 re·
975 4794 1064 4862 potes,
1080 4790 1133 4857 tac,
1144 4794 1256 4844 tantum
1270 4804 1327 4844 non
1341 4804 1405 4843 cnm
1418 4785 1579 4843 turbatione
1589 4784 1684 4841 ammi.

132 4887 232 4929 versus
242 4871 430 4929 estincellam
439 4873 765 4929 suam.Etvenititerum
773 4875 861 4930 frater
874 4875 931 4945 ille,
1010 4879 1055 4935 te.
1071 4880 1171 4935 Frater
1184 4877 1368 4948 interrogavit
1383 4875 1513 4932 abbatem
1528 4875 1720 4948 Serapionem,
1732 4874 1774 4930 di·

136 4966 166 5017 ot
178 4963 265 5034 eoepit
288 4962 315 5016 ei
333 4962 468 5017 molestus
492 4978 553 5016 esse
568 4978 619 5033 pro
638 4962 737 5018 solido.
754 4965 788 5018 Et
801 4964 868 5019 dicit
882 4965 908 5019 ei
926 4983 932 5020 :
975 4985 1058 5024 cens:
1076 4969 1126 5023 Dic
1145 4967 1214 5022 mihi
1234 4983 1323 5022 unum
1337 4965 1463 5021 verbum.
1488 4965 1563 5021 Dicit
1576 4981 1679 5021 senex:
1696 4963 1770 5031 Quid

133 5049 193 5122 Ego
208 5049 448 5105 addemnatur
467 5049 536 5104 abiit
553 5050 658 5106 iterum
672 5068 767 5121 senex,
785 5059 814 5108 et
828 5053 935 5109 invenit
975 5057 1025 5113 tibi
1040 5057 1128 5113 habeo
1151 5056 1322 5129 dIcere‚quia
1342 5054 1432 5111 tulisti
1445 5070 1480 5110 ea
1493 5071 1555 5128 quae
1569 5058 1650 5111 erant
1673 5054 1771 5110 vidua·

133 5139 255 5195 solidam
270 5139 300 5194 in
314 5145 391 5195 terra
404 5139 453 5195 ubi
468 5145 529 5195 erat
543 5140 629 5212 prius,
641 5146 670 5196 et
685 5159 784 5198 rursus
794 5142 936 5198 factaora·
975 5164 1039 5203 rum
1060 5153 1089 5203 et
1102 5146 1303 5218 orphanorum,
1319 5151 1348 5201 et
1361 5145 1481 5218 posuisti
1496 5146 1526 5203 In
1539 5143 1671 5202 fenestra.
1686 5143 1771 5201 Vide·

133 5232 213 5289 tione
226 5250 355 5289 reversus
368 5239 420 5289 est.
437 5235 472 5290 Et
498 5251 561 5289 ecce
574 5235 679 5290 iterum
691 5237 776 5308 cupit
790 5236 879 5292 frater
888 5238 935 5292 ille
976 5242 1022 5293 rat
1036 5237 1112 5292 enim
1125 5252 1187 5291 eam
1199 5236 1340 5292 codicibus
1351 5236 1473 5307 plenam.

134 5321 272 5377 molestus
287 5339 357 5390 esse,
374 5327 403 5377 et
418 5323 486 5378 dicit
500 5340 597 5378 senex:
615 5324 816 5380 Adhucsemel
826 5342 871 5380 me
887 5343 937 5381 ex·
1014 5325 1057 5384 13.
1079 5326 1255 5397 Interrogata
1271 5331 1313 5380 est
1327 5325 1416 5381 beatas
1432 5322 1575 5382 memorie
1598 5323 1767 5398 syncletica:

135 5416 243 5484 specta,
259 5415 288 5467 et
298 5411 443 5467 allerotibi
454 5413 575 5469 solidum
589 5415 721 5468 tuum.Et
730 5430 848 5487 surgens
860 5416 937 5471 venit
978 5413 1284 5488 Sipertectumbonum
1296 5414 1422 5470 estnihil
1437 5414 1542 5471 habere
1556 5414 1614 5471 lEt
1623 5413 1672 5469 illa
1681 5410 1769 5467 dixit:

135 5500 172 5556 ad
184 5501 266 5556 illum
280 5501 416 5570 locum,et
428 5502 536 5559 invenit
548 5504 641 5574 Ipsum
651 5504 772 5560 solidum
782 5503 834 5573 ibi;
851 5510 880 5560 et
891 5504 935 5560 fa·
976 5505 1064 5561 Valde
1078 5504 1183 5560 bonum
1198 5511 1241 5560 est
1255 5503 1299 5560 his
1314 5504 1363 5578 qui
1370 5510 1498 5578 possunt.
1510 5504 1620 5561 Etenim
1628 5500 1659 5558 hi
1674 5499 1723 5572 qui
1730 5503 1771 5554 to·

135 5590 318 5649 otaorations
330 5593 396 5650 tulit
404 5608 479 5664 sum,
487 5599 517 5652 et
525 5593 932 5664 renitadabbatemlacobum,
975 5594 1066 5653 lerare
1076 5593 1421 5670 possunt,tribulationem
1433 5592 1642 5670 quidemcarnis
1654 5588 1769 5662 habent,
