3818 6120
126 126 187 187 aaa
351 74 355 79 ’
850 106 1055 173 amaon.
1713 108 1767 171 no

127 250 199 307 ehoe
212 247 271 305 illic
285 245 462 303 mnsam
472 240 651 308 munnam,
663 238 817 312 scripsisse,
829 237 963 295 litterseA
973 251 1037 290 rum
1048 232 1168 289 invisere
1181 226 1336 299 choros,'et
1348 233 1490 291 calestem
1499 232 1531 290 in
1541 233 1625 291 tenuia
1644 234 1766 291 circum

130 335 346 413 lb)tuneabe0
360 335 433 391 data
446 330 615 404 significant,
630 335 683 385 etc.
970 324 1013 378 ire
1033 323 1169 378 familiam
1194 324 1292 391 (Hier,
1316 326 1428 392 epistota
1455 325 1541 392 tlt.»
1570 324 1607 380 ut
1629 323 1765 380 interius:

166 427 328 485 Instituisse
341 440 407 481 vero
418 421 558 495 ejusmodi
573 418 829 492 peregrinationem
841 415 930 473 uust-
973 432 986 465 a
1003 414 1125 469 Rursum
1134 429 1299 485 suspensam
1305 418 1368 468 roto
1381 419 1499 468 nutante
1510 421 1641 480 mentem,
1651 414 1766 486 quidam

127 531 337 575 numuuacum
345 513 601 570 MelaniaRomana
611 508 766 564 clarissima
775 507 931 562 seminale·
970 501 1175 558 Alexandrinus
1190 503 1343 558 monachus
1361 504 1409 575 (le),
1430 502 1477 574 qui
1500 503 1535 557 ad
1555 503 1682 574 AEgytios
1701 518 1768 557 con·

127 607 314 680 rosolymam,
324 604 410 660 sedin
420 602 553 673 &mum
564 599 655 671 primo
662 598 698 653 ad
707 597 866 653 invisendos
873 595 931 650 illic
970 590 1098 658 fessores,
1114 597 1144 646 et
1152 593 1295 647 voluntate
1306 594 1367 664 jam
1382 601 1530 665 martyres,
1543 592 1589 663 pio
1599 592 1688 664 plebis
1695 593 1768 662 jam·

128 702 249 768 agentes
260 698 371 751 sanctos
380 691 531 747 monachos
554 688 709 759 navigasse,
730 687 805 742 idem
819 689 932 741 sanctus
972 679 1080 734 dudum
1093 679 1186 736 luerat
1199 681 1381 736 transmissus
1396 681 1539 753 obsequio,
1554 682 1719 736 manifestus
1731 679 1769 733 ad

128 782 323 856 Hieronymus
335 784 370 851 (c)
381 780 417 835 ad
426 778 611 844 Florentium,
623 792 732 832 necnon
742 775 778 830 ad
787 773 932 829 Rutsmum
972 768 1166 824 credulitatem
1174 771 1265 825 nuntii
1271 776 1370 826 auctor
1376 771 1554 843 impulerat.»
1563 772 1598 826 Et
1604 771 1688 842 paulo
1695 772 1765 841 post:

126 874 170 943 (d)
190 871 327 939 scribens,
341 868 451 925 duabus
473 866 598 939 epistolis
617 864 769 919 declaravit
794 865 929 934 (Hieron,
974 857 1148 914 «Bullinum
1162 859 1260 915 Nitriae
1273 877 1344 926 esse,
1367 867 1396 915 et
1418 861 1454 916 ad
1476 860 1590 916 beatum
1614 858 1769 932 perrexisse

128 964 212 1032 epist.
236 961 262 1028 5,
278 961 334 1030 u),
350 974 420 1030 quas
434 974 467 1013 ex
491 955 581 1028 Syriae
600 954 752 1010 solitudine
771 952 857 1008 dedit.
876 952 931 1006 Ac·
972 946 1136 1015 Minaeum,
1151 949 1249 1004 crebra
1262 951 1481 1007 commeantium
1499 952 1652 1009 multitudo
1666 958 1768 1012 resere-

128 1051 237 1107 ceduut
246 1049 290 1104 his
304 1048 353 1103 alii
367 1053 454 1103 testes
466 1064 473 1113 3
493 1043 727 1100 confirmatenim
737 1041 886 1113 hocipsum
896 1040 932 1094 de
973 1033 1031 1091 hat.
1045 1058 1058 1090 a
1072 1039 1137 1093 llaec
1148 1040 1217 1111 ipse.

129 1137 360 1212 peregrinatione
368 1135 545 1191 Rulhnicum
551 1132 791 1188 Melanissanetus
797 1129 932 1185 Paulinus
1008 1126 1116 1191 Quibus
1130 1129 1262 1184 omnibus
1277 1131 1405 1186 redditur
1419 1133 1601 1191 manifestum
1621 1137 1770 1195 Melaniam

131 1230 168 1297 (e)
183 1228 215 1283 in
230 1226 349 1299 epistola
363 1225 399 1280 ad
415 1225 547 1280 Severum
562 1224 703 1290 (Paralia,
717 1222 794 1289 epist.
811 1219 850 1288 9),
865 1235 932 1273 nec·
973 1230 1037 1270 eum
1052 1217 1163 1272 Rullino
1176 1218 1229 1273 hoc
1238 1236 1322 1285 anno,
1333 1222 1484 1293 superstite
1499 1225 1591 1280 adhuc
1602 1226 1768 1296 Athanasio,

130 1332 192 1373 uon
204 1314 349 1379 Palladius
361 1314 396 1385 (s)
409 1312 551 1368 decadem
561 1309 682 1366 Melania
692 1325 787 1380 egens.
973 1305 1171 1361 Alexandriam
1186 1309 1354 1378 pervenisse,
1371 1316 1400 1365 ot
1414 1317 1543 1369 sanctum
1566 1315 1771 1389 Hieronymum

168 1404 300 1470 Quonam
311 1418 376 1457 vero
384 1401 563 1474 potissimum
576 1406 704 1470 tempore
718 1395 857 1467 ejusmodi
867 1394 933 1450 Ruf-
975 1394 1017 1465 lut
1039 1394 1145 1450 dictum
1175 1400 1225 1465 est)
1253 1405 1315 1469 post
1337 1400 1484 1455 Athanasii
1513 1402 1630 1472 obitum,
1666 1407 1770 1462 excita·

131 1493 260 1551 llnicum
274 1491 396 1548 Melania
410 1488 598 1563 peregrinatio
612 1487 755 1553 acciderit,
772 1486 887 1541 diversa
900 1501 934 1539 ea
973 1487 1004 1537 ta
1028 1484 1081 1539 hoc
1103 1502 1177 1540 anno
1206 1485 1242 1540 ab
1264 1487 1377 1543 Arianis
1407 1493 1600 1560 persecutione
1623 1495 1653 1550 in
1683 1496 1771 1551 eccle-

132 1583 215 1639 dere
229 1580 410 1653 reperiuntur
431 1578 595 1644 sententiae3
618 1593 685 1632 nam
707 1575 849 1631 Palladius
872 1572 1046 1650 ipsogsiam
1073 1574 1292 1630 Alexandrinam
1319 1583 1348 1632 et
1375 1578 1480 1634 incolas
1503 1582 1600 1650 eremi,
1630 1583 1706 1640 iham
1734 1584 1771 1640 ad

132 1671 249 1727 exordio
262 1669 390 1725 Valentis
403 1667 514 1739 imperii
527 1669 562 1736 tp)
587 1666 615 1721 id
636 1665 741 1721 sactum
759 1681 830 1731 esse,
855 1663 933 1718 altir-
975 1662 1119 1717 Bullinum
1134 1664 1280 1735 epistolam
1293 1668 1490 1740 conscripsisse
1505 1686 1538 1726 ex
1556 1672 1644 1744 Syria
1664 1689 1769 1740 eremo,

131 1775 214 1817 mare
228 1758 341 1815 ridetur
354 1758 509 1826 (Palladius
527 1758 560 1810 in
574 1756 711 1820 Marsica,
726 1771 785 1824 cap.
799 1752 841 1820 33)
854 1771 862 1820 ;
882 1752 933 1807 sed
975 1750 1023 1806 ubi
1037 1751 1138 1823 egebat
1151 1753 1352 1824 subagrotans,
1368 1763 1421 1812 etc.

132 1848 210 1922 apud
224 1847 315 1904 sancti
327 1844 492 1918 Hieronymi
498 1844 656 1900 chronicon
663 1842 850 1899 annodecimo
856 1843 934 1912 ejus·
1011 1840 1201 1906 Quamautem
1207 1844 1328 1901 diximus
1338 1847 1488 1903 Melaniam
1497 1866 1560 1905 cum
1570 1850 1681 1907 Ruihno
1687 1857 1773 1926 atque

132 1930 935 2009 demimperatorishoeclegunturuMelanianohilissima
975 1930 1058 1985 sociis
1072 1937 1137 1987 ante
1152 1932 1259 1988 obitum
1275 1935 1422 1991 Athanasii
1444 1944 1550 1994 certum
1568 1956 1630 1996 esse
1651 1943 1774 1999 Meran-

134 2026 289 2083 mulierum
294 2021 831 2092 Romanarum‚etMaroelliniqu‹›ndsm
836 2035 934 2076 eonsu-
975 2018 1065 2074 driam
1076 2038 1109 2075 ex
1119 2022 1188 2076 urbe
1198 2023 1318 2092 venisse,
1330 2042 1452 2096 quonam
1458 2028 1634 2100 potissimum
1645 2035 1773 2104 tempore

133 2115 169 2171 lis
183 2114 245 2171 filia
259 2114 307 2187 (h),
323 2113 406 2170 unico
425 2118 543 2186 pretore
557 2118 626 2166 tunc
639 2110 748 2166 urbano
760 2111 793 2180 (tl
810 2111 869 2165 lilio
882 2109 934 2164 de·
975 2108 1004 2163 id
1018 2110 1152 2165 accidisse
1168 2113 1348 2183 putandum?
1366 2115 1395 2170 Si
1421 2117 1547 2173 Palladio
1570 2120 1772 2176 assenserimus

137 2205 247 2273 relicto,
263 2202 466 2274 lerosolymam
480 2201 628 2271 navigavit,
646 2199 693 2254 uhi
704 2205 783 2255 tanto
796 2199 935 2254 virtutum
975 2197 1128 2254 ailirmanti
1143 2201 1172 2254 id
1185 2200 1288 2257 factum
1302 2203 1376 2258 cirea
1387 2206 1502 2261 exordia
1509 2207 1636 2265 Valentis
1649 2208 1771 2283 imperii,

135 2293 333 2366 precipueque
347 2290 515 2346 humilitatis
529 2289 582 2345 fuit
605 2288 750 2355 miraculo,
774 2294 805 2345 ut
825 2287 934 2344 Thecla
975 2285 1068 2359 ipsum
1082 2288 1386 2363 Rusticumadjungere
1396 2310 1541 2365 possemus
1549 2297 1771 2369 astipulatorem,

135 2398 242 2439 nomen
255 2379 427 2454 acceperit.»
444 2379 510 2434 llaec
524 2378 562 2434 ibi
572 2397 577 2432 :
588 2394 649 2450 qua
663 2377 846 2448 intelligenda
855 2382 936 2449 puta·
976 2376 1024 2433 ubi
1032 2379 1160 2434 aitannis
1170 2397 1218 2435 sex
1228 2382 1255 2451 (lt
1264 2398 1294 2436 se
1303 2381 1478 2439 Alexandria
1485 2392 1689 2441 commoratum
1700 2404 1772 2455 esse,

136 2486 211 2538 mus,
223 2486 281 2525 non
291 2486 355 2525 cum
368 2468 493 2541 primum
502 2468 592 2522 Roma
605 2466 728 2539 protecta
739 2472 790 2533 est,
806 2465 855 2521 sed
870 2480 935 2520 cum
977 2472 1111 2539 etpostea
1123 2469 1227 2524 iterum
1241 2469 1277 2524 ad
1286 2471 1394 2542 aliquot
1403 2472 1513 2527 dierum
1525 2474 1648 2547 spatium
1659 2475 1775 2531 illucre-

136 2560 301 2631 exAEgypto
312 2558 515 2629 lerosolymam
522 2554 737 2628 pervenitNam
744 2555 819 2627 quod
829 2557 937 2627 spectat
976 2572 1088 2611 versum
1099 2554 1266 2613 commorari
1276 2559 1426 2630 contigisse
1436 2563 1560 2630 (lisama.
1568 2566 1600 2618 in
1612 2565 1723 2620 Hieron.
1731 2568 1775 2620 τή-

136 2649 173 2704 ad
186 2648 389 2720 profectionem
404 2646 434 2701 in
448 2645 610 2718 AEgyptum,
626 2661 692 2700 cum
711 2645 799 2717 ipsius
819 2644 935 2710 uuffini,
977 2650 1043 2700 oect.
1053 2644 1153 2716 2).Scd
1159 2648 1480 2705 hocrursumdissuadet
1488 2656 1522 2706 ut
1529 2651 1686 2721 credamus,
1700 2653 1775 2726 quod

136 2758 247 2799 necnon
262 2739 380 2797 Palladii
394 2742 429 2810 υ)
441 2738 596 2794 assertione
614 2743 723 2794 constet
741 2738 891 2794 Melaniam
904 2753 938 2792 ac
979 2736 1366 2810 exnupercitatailieronymi
1376 2739 1496 2810 epistola
1505 2740 1540 2795 ad
1547 2740 1777 2797 liuffinuminau-

137 2832 198 2903 ejus
207 2831 337 2893 comites,
352 2829 462 2885 vivente
475 2829 567 2884 adhrm
579 2827 744 2892 Athanasio,
755 2827 841 2883 luisse
855 2828 937 2883 Alex·
979 2823 1054 2880 ditus
1067 2830 1152 2880 antea
1160 2832 1190 2880 et
1203 2825 1365 2898 inopinatus
1373 2828 1509 2884 adrentus
1519 2830 1580 2899 ejus
1589 2829 1776 2903 inAEgyptum

138 2921 255 2988 andria,
270 2936 353 2993 quem
367 2919 458 2990 liquet
470 2918 523 2973 hoc
535 2918 597 2990 ipso
608 2933 682 2973 anno
695 2934 729 2972 ex
743 2917 795 2972 hae
810 2917 867 2972 rita
883 2917 937 2972 mi·
946 2885 970 2948 ⁰
980 2919 1009 2968 et
1022 2930 1107 2986 quam
1121 2914 1331 2972 recentissimus
1349 2915 1436 2972 fuisse
1457 2916 1577 2987 ridetur,
1599 2925 1633 2974 at
1646 2918 1776 2992 superius

139 3025 249 3082 gesse,
263 3009 363 3081 utique
377 3014 443 3063 ante
453 3007 594 3063 decimum
608 3006 734 3062 Valentis
753 3023 858 3063 annum
874 3022 938 3062 eam
978 3001 1083 3059 dictum
1099 3010 1151 3072 est,
1165 3010 1217 3060 etc.

138 3116 203 3156 cum
219 3099 281 3155 suis
303 3098 456 3170 AEgyptam
474 3096 627 3169 prolectam
641 3113 711 3161 esse,
733 3096 938 3152 affirmarene·
1013 3095 1160 3150 aaronem.
1170 3098 1335 3165 postmodo,
1348 3088 1531 3151 aanoeodem.
1545 3128 1576 3138 —
1590 3097 1671 3163 Quod
1681 3102 1777 3154 autem

138 3205 217 3245 cesse
228 3193 281 3244 est.
298 3188 378 3253 Quod
389 3187 465 3243 enim
476 3185 636 3257 contigerit,
648 3185 709 3258 ipso
724 3186 833 3242 vivente
846 3186 938 3243 adhuc
980 3183 1016 3239 ad
1029 3184 1141 3257 AEgypti
1153 3184 1304 3241 monachos
1314 3189 1422 3258 spectat
1435 3183 1574 3242 dirissime
1584 3187 1693 3243 aLucio
1711 3203 1777 3242 exa·

139 3277 408 3344 mnctoAthanasio,
423 3275 575 3331 Melaniam
587 3274 786 3331 Alexandriam
800 3275 941 3347 persenis-
979 3274 1102 3346 gitatos3
1118 3275 1256 3342 Rufflnus,
1273 3273 1398 3347 quicum
1413 3277 1532 3335 Melania
1539 3277 1570 3333 in
1578 3277 1699 3350 AEgypto
1714 3292 1778 3348 age·

139 3382 180 3434 se,
195 3365 341 3423 Palladius
354 3382 388 3421 ex
398 3382 431 3421 eo
445 3379 592 3438 perspreue
605 3364 799 3421 demonstrare
819 3363 938 3432 videtur,
980 3362 1039 3432 bat,
1055 3365 1114 3420 haec
1125 3364 1160 3420 de
1179 3364 1235 3421 illis
1258 3365 1426 3437 scriptorum
1449 3366 1640 3423 monumentis
1658 3365 1778 3438 posteris

139 3471 205 3512 eum
214 3454 257 3511 ait
266 3454 416 3511 Melaniam
434 3454 470 3510 ab
479 3454 540 3526 ipso
554 3453 708 3509 Athanasio
723 3453 857 3510 donatam
880 3468 942 3508 esse
982 3453 1238 3526 legendatradidit:
1247 3455 1374 3524 (Rastia,
1386 3458 1405 3511 t.
1416 3469 1447 3510 11.
1459 3472 1482 3511 c.
1493 3454 1519 3523 3,
1529 3455 1555 3527 t)
1569 3453 1780 3528 clndeposttu-

140 3543 224 3601 arina
238 3543 321 3616 pelle,
332 3559 417 3615 quam
429 3543 503 3599 dono
511 3547 682 3614 acceperata
695 3543 818 3601 Macerio
829 3541 940 3609 abbate,
981 3560 1032 3616 gas
1047 3543 1149 3601 civium
1159 3549 1188 3600 et
1201 3544 1307 3609 exsilia,
1318 3550 1383 3617 post
1391 3546 1479 3602 eredes
1496 3550 1525 3601 et
1542 3549 1684 3601 tormenta
1697 3545 1779 3600 ilam-

140 3633 236 3690 ohlata
245 3632 300 3704 ipsi
311 3648 430 3688 munem
439 3649 457 3688 a
467 3633 547 3688 leone
559 3648 610 3703 pro
620 3633 777 3703 gratiarum
788 3633 896 3688 actione
907 3631 942 3686 de
982 3650 1098 3705 masque
1112 3633 1213 3706 quibus
1227 3634 1391 3690 innumeros
1405 3635 1571 3704 coniecerat,
1593 3634 1629 3690 ad
1641 3639 1781 3690 monaste·

140 3723 244 3780 ceorlis
259 3722 341 3778 cacia
351 3722 387 3777 ab
401 3722 462 3795 ipso
484 3721 540 3778 luci
555 3723 687 3791 redditis3
708 3724 789 3795 cujus
807 3722 848 3778 rei
871 3723 941 3778 adeo
982 3723 1026 3778 ria
1041 3726 1088 3790 lm)
1098 3723 1201 3779 furoris
1212 3723 1256 3780 sui
1266 3741 1346 3779 arma
1359 3724 1505 3788 convertit,
1521 3728 1614 3781 vastat
1642 3739 1778 3789 eremum,

141 3813 318 3869 adminuda
334 3811 463 3868 Rutiinus
476 3812 623 3868 historiam
637 3818 745 3879 narrat,
757 3811 805 3883 qui
818 3817 848 3866 et
857 3810 898 3866 ait
911 3826 942 3865 se
983 3817 1011 3867 et
1024 3811 1098 3866 bella
1107 3812 1315 3886 quiescentibus
1325 3812 1431 3868 indicit.
1442 3814 1509 3869 Tria
1518 3813 1608 3869 millia
1620 3812 1715 3876 simul,
1731 3815 1782 3867 aut

140 3910 312 3976 praesentem
323 3902 482 3957 fuissscum
498 3901 653 3973 persecutio
662 3906 707 3967 est
714 3900 942 3956 illatamonachis
983 3899 1782 3974 eoampliusrirospertotameremumsecretaetsolitaria

140 3991 362 4067 postAthanasii
372 3991 480 4047 obitum
489 3990 525 4045 ab
532 3990 659 4047 Arianis:
670 4008 684 4043 a
695 3990 736 4046 Ea
743 3989 828 4057 enim,
839 3989 940 4062 inquit,
982 3988 1157 4046 habitatione
1175 3991 1316 4063 dispersos
1336 4005 1499 4063 oppugnare
1525 3990 1633 4062 pariter
1651 3988 1781 4062 aggredi·

141 4098 205 4155 (με
215 4096 340 4154 praesens
354 4079 420 4145 ridi,
437 4080 546 4152 loquor,
568 4083 716 4134 eteorum
737 4082 818 4150 gesta
840 4079 941 4147 refero,
984 4077 1783 4150 tur:mittitarmatamequitumetpeditummanum:tri-

142 4168 942 4245 quoruminpassionibussociusessepromerui(Restm,
984 4164 1784 4240 bunos,prepositoactbellorumduces,tanquamadren·

143 4264 163 4317 l.
179 4274 212 4329 11,
228 4276 289 4331 cap.
304 4258 344 4331 t).
361 4260 455 4314 »Hac
468 4258 538 4330 ipse.
555 4258 595 4313 De
610 4257 709 4313 eadem
727 4258 850 4314 Melaniae
863 4248 1034 4330 pere-baua
1046 4254 1180 4313 barbaros
1193 4261 1379 4330 pugnaturus,
1394 4255 1480 4328 eligit.
1494 4255 1547 4322 Qui
1558 4272 1622 4311 cum
1628 4254 1782 4321 venissent,

141 4350 305 4423 grinatione
322 4349 390 4405 dum
401 4347 543 4404 Palladius
554 4347 615 4419 agit
632 4349 750 4416 (Pollad.
763 4351 797 4403 in
808 4349 943 4416 leuuca,
987 4361 1088 4402 novam
1100 4345 1167 4401 belli
1180 4346 1302 4419 speciem
1315 4345 1420 4413 rident,
1435 4346 1531 4402 hostes
1545 4361 1611 4400 suos
1624 4344 1718 4416 gladio
1733 4340 1783 4398 ob-

143 4456 203 4511 oap.
219 4439 247 4506 2,
255 4438 377 4511 lipom,
389 4443 411 4493 t.
423 4438 485 4506 ΙΙΙ),
494 4437 536 4491 ait
545 4453 608 4492 eam
619 4436 689 4492 duee
701 4437 810 4492 Isidoro
819 4454 946 4493 eremum
984 4435 1092 4507 jectare
1106 4436 1236 4501 cervices,
1252 4442 1280 4490 et
1289 4435 1359 4490 nihil
1373 4434 1449 4491 aliud
1462 4435 1563 4502 dicere,
1580 4432 1651 4489 nisi:
1675 4432 1782 4498 Amice,

144 4527 261 4602 Aigypti
276 4529 422 4595 lustrasse,
437 4531 467 4582 et
479 4525 555 4581 inter
568 4525 637 4580 alios
645 4526 740 4598 magni
753 4526 875 4582 nominis
885 4544 947 4583 mo·
988 4523 1024 4578 ad
1039 4523 1214 4594 quidvenisti
1224 4523 1236 4577 l
1246 4523 1300 4578 Per
1313 4523 1342 4579 id
1352 4528 1463 4596 tempus
1477 4528 1571 4595 patres
1581 4522 1784 4578 monachorum

145 4618 252 4673 mcboa
265 4622 362 4683 4η
374 4615 501 4671 inrisisse
525 4613 706 4681 Pambonem‚
731 4615 877 4688 eidemque
895 4633 946 4689 pro
990 4617 1039 4680 (a),
1055 4613 1118 4669 ritae
1127 4618 1155 4668 et
1169 4612 1347 4685 antiquitatis
1357 4612 1468 4672 merito,
1484 4611 1633 4679 Macarius,
1648 4611 1783 4679 Isidorus,

147 4706 353 4763 monachorum
369 4721 422 4761 usu
436 4705 555 4760 donasse
571 4710 711 4759 trecentas
725 4704 811 4759 libras
824 4705 944 4777 argenti.
988 4701 1116 4774 aliusque
1135 4703 1276 4767 Macarius,
1293 4700 1547 4775 atqueHeraclides
1557 4705 1586 4755 et
1599 4700 1786 4757 PambusAn-

183 4795 257 4850 Cum
272 4801 368 4850 autem
383 4794 467 4867 (quod
483 4793 612 4861 diximus)
626 4800 694 4849 tunc
707 4794 857 4864 contigerit
879 4794 946 4849 Mie-
988 4791 1058 4846 tonii
1073 4790 1201 4863 discipuli
1218 4807 1269 4863 per
1283 4791 1444 4862 AEgyptum,
1461 4796 1490 4845 et
1498 4790 1618 4845 maxime
1636 4790 1667 4845 in
1686 4789 1786 4846 Nitriae

146 4882 530 4957 ronymumeamepistolam
544 4882 947 4949 scrihereadRufflnum,cum
988 4880 1091 4935 deserti
1111 4880 1238 4952 partibus
1259 4878 1436 4934 habebantur
1456 4877 1516 4946 viri,
1542 4877 1590 4950 qui
1614 4879 1785 4937 consortium

146 4973 197 5028 ille
209 4972 344 5028 inviseret
357 4972 508 5027 monachos
522 4971 717 5044 persecutione
730 4977 844 5027 vexatos
864 4970 948 5043 (quod
988 4969 1051 5025 rita
1065 4975 1094 5025 et
1102 4977 1216 5025 actuum
1226 4985 1282 5023 non
1289 4985 1351 5023 eum
1362 4968 1470 5023 caeteris
1478 4967 1654 5031 mortalibus,
1662 4970 1711 5025 sed
1721 4986 1785 5024 eum

147 5059 203 5115 hoc
215 5061 278 5132 ipso
288 5060 476 5115 annosactum
486 5065 531 5116 est
542 5059 720 5131 postobitum
740 5058 899 5124 Athanasii,
914 5059 948 5113 de
989 5058 1119 5131 supernis
1134 5058 1241 5130 angelis
1255 5056 1358 5112 habere
1372 5056 1569 5116 credebantur.
1582 5058 1649 5124 Qua
1664 5074 1785 5131 presens

147 5164 206 5221 qno
220 5149 305 5221 paulo
318 5149 493 5221 postdicturi
502 5152 610 5216 sumus)
625 5147 825 5204 affirmandum
839 5147 951 5203 ridetur
990 5148 1056 5216 ridi,
1071 5149 1172 5221 loquer
1183 5165 1189 5215 3
1201 5153 1338 5202 eteorum
1349 5152 1430 5219 gesta
1441 5146 1541 5213 refero,
1551 5164 1671 5219 quorum
1685 5147 1715 5202 in
1725 5162 1787 5218 pas·

148 5238 312 5293 hoceodem
322 5254 433 5310 quoque
444 5243 649 5294 annoasancto
660 5237 831 5309 Hieronymo
840 5237 877 5292 ad
884 5237 950 5293 Rui·
990 5236 1115 5293 sionibus
1127 5235 1218 5291 socius
1228 5252 1289 5291 esse
1303 5235 1457 5308 promerui.
1477 5256 1489 5288 n
1506 5237 1540 5292 Et
1559 5236 1589 5291 in
1608 5235 1727 5310 epistola
1748 5230 1785 5287 ad

148 5328 243 5383 linum
255 5342 304 5383 eas
316 5326 426 5383 litteras
439 5326 521 5382 datas
534 5343 605 5395 esse,
621 5325 670 5382 ubi
685 5327 761 5381 inter
773 5325 845 5382 alia:
863 5345 877 5380 ι
894 5328 950 5384 Au·
989 5324 1170 5384 Anasmsium
1179 5324 1339 5383 &manum
1347 5324 1509 5400 pontificem
1522 5310 1581 5382 hae
1594 5325 1663 5382 item
1671 5339 1701 5379 se
1723 5336 1787 5396 pas·

147 5414 198 5473 dio
211 5422 251 5484 te,
266 5415 368 5490 inquit,
376 5414 490 5490 AEgyph‘
501 5420 610 5473 secreta
622 5420 780 5489 penetrare,
796 5415 949 5472 monacho·
990 5431 1053 5474 sum
1065 5430 1127 5474 esee
1140 5412 1288 5487 gloriatur,
1298 5428 1364 5473 cum
1376 5413 1433 5472 ait:
1447 5428 1461 5470 r
1475 5411 1609 5478 Quamvis
1617 5410 1705 5486 igitur
1716 5402 1787 5466 Ades
