3832 6120
857 464 1001 513 OCTOBMS
1022 463 1090 511 vm.

145 799 162 816 ,
251 617 542 771 VITA
588 618 1075 770 SANOTAE
1118 611 1585 767 THAISIS
1626 648 1701 786 a,

796 818 1135 942 unnarmcrs,

621 1008 949 1099 AUCTORE
989 1007 1317 1096 INCERTO.

179 1265 278 1325 Gerar
290 1283 404 1325 ramos.
419 1299 454 1315 -·
469 1274 564 1336 ΒΜ
582 1267 649 1323 Fuit
658 1263 786 1338 quadam
801 1261 978 1329 meretrimt
983 1259 1076 1333 jubes,
1092 1265 1183 1333 pater,
1198 1264 1231 1316 ut
1241 1274 1345 1332 squam
1360 1275 1454 1315 meam
1469 1259 1626 1317 abundem?
1638 1259 1677 1315 At
1690 1259 1789 1316 illors-
1900 1278 1907 1285 ·

124 1352 950 1432 Thaisisnomine,tantaepulchritudinis,utmultiprcptsr
989 1349 1124 1425 spondit:
1151 1350 1183 1405 ln
1209 1349 1288 1416 cella,
1309 1354 1342 1405 ut
1366 1349 1451 1421 digna
1473 1366 1511 1404 es.
1535 1349 1663 1421 Cumque
1685 1348 1787 1404 iterum

129 1463 214 1507 earn
225 1446 376 1505 venderes
390 1447 579 1504 substantiam
596 1461 677 1501 snam
691 1444 727 1499 ad
739 1441 869 1499 ultimam
883 1457 948 1513 pcr-
989 1439 1226 1513 quemadmodum
1249 1439 1339 1494 Deum
1367 1442 1463 1493 oraret
1478 1437 1643 1510 requireret,
1660 1437 1730 1494 dicit
1739 1438 1764 1493 ei
1781 1456 1788 1494 :

131 1535 277 1593 venirent
294 1542 506 1610 paupertatem
527 1536 575 1592 ssd
597 1540 626 1591 et
639 1535 703 1590 lites
716 1533 791 1588 inter
804 1548 834 1587 se
848 1546 947 1586 consc—
987 1530 1052 1587 Non
1065 1547 1096 1586 es
1109 1529 1195 1601 digna
1209 1528 1356 1584 nominare
1365 1529 1466 1594 Deum,
1475 1527 1563 1583 necin
1575 1526 1656 1583 labiis
1669 1527 1727 1583 tuis
1736 1544 1788 1583 nc·

137 1624 274 1686 rentibns
288 1626 462 1685 amatoribus
475 1626 542 1693 suis,
556 1621 949 1696 frequentersanguineJuve·
987 1636 1055 1676 men
1069 1618 1224 1677 divinitatis
1251 1619 1313 1690 ejus
1330 1617 1479 1684 adducere,
1495 1616 1546 1673 sed
1564 1632 1616 1673 nec
1631 1617 1667 1673 ad
1685 1617 1787 1673 coelum

141 1731 218 1774 num
231 1715 420 1787 puellaelimen
430 1715 601 1788 replebatur.
625 1713 694 1778 Quae
713 1728 777 1768 cum
794 1711 880 1767 abbas
893 1709 947 1765 Pa·
989 1725 1091 1765 manus
1099 1708 1268 1785 expandere,
1278 1708 1411 1781 quoniam
1421 1707 1496 1763 labia
1504 1711 1555 1762 tus
1563 1706 1713 1778 iniquitate
1720 1711 1788 1763 sunt

146 1804 282 1880 phnutius
302 1805 437 1873 audisset,
454 1810 567 1878 sumpto
581 1803 680 1860 habitu
693 1801 819 1858 saeculari
840 1804 869 1856 et
891 1815 948 1855 uno
989 1798 1082 1872 plena,
1097 1805 1126 1856 et
1148 1815 1249 1855 munus
1262 1803 1319 1855 tuoe
1333 1797 1461 1853 sordibus
1473 1795 1646 1869 inquinata3
1662 1795 1712 1851 scd
1726 1801 1788 1851 tan-

151 1889 948 1967 sclidoprofectussstadeaminqusdamAEgypticisitate
988 1889 1135 1945 tummodc
1155 1888 1256 1945 sedens
1277 1890 1375 1943 conus
1396 1885 1542 1943 Orientem
1566 1883 1682 1956 respice,
1712 1883 1788 1940 hunc

155 1982 277 2055 deditque
284 1984 310 2040 ei
321 1984 442 2040 solidum
453 2001 505 2057 pro
512 1984 641 2040 mercede
653 1981 771 2057 peccati.
783 1982 824 2036 hc
838 1980 887 2036 ille
898 1996 945 2035 ac·
987 1993 1146 2034 sermonem
1160 1977 1250 2033 solum
1264 1975 1427 2049 frequenter
1439 1974 1545 2032 iterans
1557 1991 1563 2028 :
1573 1972 1628 2038 Qui
1641 1971 1787 2047 plasmasti

160 2077 230 2144 cepto
239 2073 337 2146 pretio,
352 2074 605 2146 ait:Ingrediamur
615 2074 740 2129 domum.
755 2069 890 2127 lhncille
902 2068 946 2124 in·
986 2083 1042 2135 me,
1056 2066 1190 2123 miserere
1204 2065 1261 2122 mei
1271 2065 1318 2137 (2).

165 2162 948 2236 gressus,utlectumpretiosisvestibusstratumconscen·
1022 2161 1189 2220 (isnin.-
1200 2156 1786 2233 Oumergotribussnnisitaluissetinclu·

167 2250 237 2317 deret,
247 2250 384 2308 invitabat
393 2269 466 2320 cam,
479 2251 595 2308 etdixit:
611 2253 643 2309 Si
654 2256 697 2307 est
702 2250 820 2307 interius
831 2246 946 2305 cubicu·
986 2266 1027 2320 sa,
1039 2249 1273 2307 condoluitabbas
1280 2249 1467 2323 Paphnutius,
1483 2248 1729 2322 etrnoxproiectus
1743 2253 1787 2305 est

168 2338 221 2407 lun,
229 2340 255 2397 in
264 2341 327 2414 ipso
338 2358 446 2410 earnm,
455 2342 503 2398 illa
513 2342 600 2397 dixit:
613 2343 662 2397 Est
671 2341 794 2414 quidem,
806 2339 945 2395 sedsiho·
986 2343 1022 2399 ad
1029 2342 1159 2399 abbatem
1168 2343 1333 2410 Antonium,
1345 2340 1455 2397 utabeo
1463 2340 1621 2413 requireret
1632 2339 1656 2395 si
1670 2346 1786 2414 peccata

171 2428 240 2486 niues
255 2432 371 2499 vereris,
392 2448 443 2487 nec
457 2431 486 2487 in
497 2432 552 2488 isto
567 2431 698 2488 exteriori
720 2428 848 2486 cubiculo
869 2429 944 2485 ullus
985 2435 1047 2506 ejus
1062 2431 1217 2488 remisisset
1230 2431 1256 2486 ei
1266 2429 1412 2498 Dominus,
1428 2446 1465 2485 an
1479 2444 1545 2484 non.
1561 2429 1632 2486 Cum
1642 2446 1709 2502 ergo
1719 2446 1784 2502 per·
1842 2424 1846 2431 ’

171 2515 311 2590 inpeditum
324 2521 349 2576 si
365 2538 430 2577 vero
445 2523 544 2589 Deum,
561 2522 654 2577 nullus
669 2526 713 2576 est
725 2521 802 2576 locus
813 2518 861 2590 qui
874 2517 943 2573 diri·
953 2525 1117 2617 Evenisset,
1134 2527 1163 2577 et
1176 2526 1285 2577 tantem
1296 2521 1337 2576 illi
1351 2536 1465 2577 causam
1476 2519 1618 2576 subtiliter
1631 2524 1783 2588 narrasset,

172 2604 244 2664 nitchs
256 2610 317 2682 ejus
327 2608 415 2666 oculis
430 2610 626 2666 abscondatur.
639 2609 721 2675 Quod
737 2625 801 2664 cum
816 2606 943 2663 audisset
986 2611 1145 2670 convocatis
1159 2608 1304 2684 discipulis
1316 2609 1376 2667 suis
1399 2608 1485 2666 abhas
1498 2609 1638 2666 Antonius
1651 2610 1786 2684 praecepit

173 2712 241 2766 scncr,
253 2701 320 2757 dicit
330 2700 374 2756 ei:
394 2702 428 2757 Et
443 2701 496 2758 scis
511 2718 573 2757 esse
583 2700 688 2757 Deum?
707 2699 759 2756 Cui
771 2698 942 2770 illarespon-
983 2708 1017 2759 ut
1037 2701 1088 2758 illa
1103 2706 1184 2758 nocte
1213 2717 1311 2756 omnes
1324 2700 1482 2773 vigilarent,
1495 2704 1524 2754 et
1538 2700 1568 2755 in
1583 2699 1711 2757 oratione
1729 2700 1787 2757 sin·

173 2785 214 2842 dit:
228 2788 361 2847 EtDeum
376 2790 473 2847 scioet
486 2789 702 2863 regnumiuturi
714 2788 818 2857 saeculi,
834 2802 944 2843 necnon
983 2790 1103 2864 gillatim
1122 2791 1315 2865 persisterent,
1332 2794 1471 2862 quatenus
1485 2788 1569 2845 alicui
1583 2806 1617 2845 ex
1639 2788 1679 2844 eis
1693 2789 1784 2845 decla·

173 2880 315 2936 etbrnenta
321 2879 417 2936 futura
427 2886 616 2953 peccatorum.
624 2879 700 2935 Dicit
711 2879 752 2933 ei:
764 2876 793 2934 Si
808 2893 876 2948 ergo
884 2877 944 2932 brec
984 2885 1061 2937 rarat
1074 2882 1149 2937 Deus
1163 2897 1276 2937 causam
1284 2897 1335 2953 pro
1343 2895 1400 2952 qua
1413 2879 1499 2934 abbas
1512 2878 1689 2951 Paphnutius
1703 2896 1784 2936 vene·

172 2967 232 3036 nati,
247 2974 392 3026 curtantas
401 2970 510 3025 animas
517 2968 672 3042 perdidisti,
681 2972 713 3024 ut
722 2983 777 3023 non
797 2967 944 3038 solumpro
984 2977 1039 3029 rat.
1051 2972 1150 3044 ltaque
1165 2987 1228 3026 cum
1243 2971 1348 3043 singuli
1362 2968 1551 3038 secessissent,
1567 2974 1597 3025 et
1610 2969 1784 3028 incessanter

172 3054 219 3125 tuis,
230 3060 310 3115 sedet
323 3075 375 3132 pro
388 3059 502 3115 illorum
523 3057 691 3115 criminibus
710 3056 820 3113 reddita
833 3055 942 3112 ratione
983 3067 1108 3130 orarent,
1122 3060 1208 3117 abbas
1217 3061 1332 3128 Paulus,
1348 3061 1440 3133 major
1454 3057 1608 3132 discipulus
1619 3061 1710 3116 sancti
1723 3061 1783 3116 Αῃ.

173 3141 391 3214 bnnedstouod
404 3166 471 3205 cum
479 3149 589 3205 Thaisis
601 3148 735 3215 audisset,
752 3145 942 3219 provolutaad
982 3150 1063 3218 tonii,
1079 3150 1148 3206 vidit
1159 3148 1251 3205 subito
1269 3148 1300 3205 iu
1314 3148 1384 3204 coelo
1398 3149 1501 3205 lectum
1515 3148 1645 3221 pretiosis
1659 3148 1782 3206 vestibus

172 3234 232 3304 pedes
243 3237 391 3312 Paphnutii
411 3238 542 3294 monachi
568 3255 632 3295 cum
653 3235 784 3311 lacrymis
798 3233 939 3303 exorabat,
982 3238 1160 3307 adornatum,
1177 3237 1624 3313 qnemtresvirgines,clarafacie
1631 3239 1780 3312 fulgentes,

155 3318 251 3381 ²dicens:
262 3326 461 3383 penitentiam
481 3328 605 3400 injunge,
621 3327 724 3394 Patcr3
741 3325 851 3380 conlido
865 3323 940 3380 enim
981 3328 1188 3386 custodiebant.
1205 3330 1277 3385 Cum
1290 3346 1358 3402 ergo
1378 3329 1439 3401 ipse
1453 3327 1558 3384 Paulus
1576 3328 1683 3385 diceret
1697 3346 1704 3383 :
1717 3330 1781 3385 Non

172 3415 585 3486 cueionemmormtesortiri;
594 3417 728 3472 horarum
733 3420 845 3472 tantum
854 3415 941 3471 trium
983 3421 1027 3473 est
1040 3417 1155 3490 largitio
1166 3419 1225 3474 haec
1238 3418 1356 3474 alterius
1369 3417 1424 3473 nisi
1435 3416 1720 3487 Patrismeibntenil;
1729 3435 1781 3474 vox

172 3497 268 3562 inducias
279 3512 355 3581 peto,
372 3513 401 3564 et
415 3513 479 3581 post
492 3508 544 3562 hoc
557 3523 724 3581 quocunque
744 3505 872 3578 jusseris,
897 3521 942 3561 ve-
982 3507 1019 3564 ad
1033 3524 1097 3564 eum
1122 3508 1196 3563 lacta
1208 3511 1264 3564 est:
1289 3507 1352 3563 Non
1366 3512 1411 3561 est
1428 3505 1520 3562 Patris
1534 3506 1576 3562 tui
1590 3506 1715 3576 Antonii,
1731 3507 1780 3563 sed

171 3587 276 3663 dama
290 3597 476 3669 quodcunque
490 3594 665 3669 praeceperis,
681 3595 790 3650 faciem.
814 3595 941 3666 Cumque
981 3597 1091 3654 Thaisis
1112 3596 1268 3653 meretricis
1290 3600 1342 3653 est.
1357 3596 1438 3661 Quod
1452 3612 1516 3652 cum
1531 3594 1679 3652 manifesto
1694 3595 1780 3652 abbas

170 3674 235 3739 locon
247 3685 286 3740 illi
300 3684 388 3741 sbbas
398 3685 574 3758 Paphnutius
586 3684 785 3750 constituisset,
798 3700 853 3756 quo
865 3683 941 3738 veni·
982 3686 1087 3743 Paulus
1103 3686 1256 3753 retulisset,
1272 3685 1387 3757 cognita
1400 3684 1452 3740 Dei
1467 3685 1610 3741 voluntate
1628 3684 1715 3743 abbas
1725 3687 1779 3743 Pa·

170 3780 191 3820 rt
200 3770 306 3842 deberet,
317 3775 366 3830 illa
374 3775 527 3843 discedens,
535 3775 659 3830 collectis
670 3773 800 3830 omnibus
810 3789 940 3846 quercuu-
980 3775 1119 3850 phnutius
1132 3775 1271 3844 discessit,
1288 3780 1317 3831 et
1336 3791 1465 3831 reversus
1478 3775 1514 3830 ad
1529 3775 1732 3832 monasterium
1750 3774 1781 3832 in

170 3871 241 3927 queer
251 3870 364 3937 peccato
385 3868 555 3938 susceperat,
567 3865 739 3937 prolatisque
753 3864 782 3919 in
796 3862 890 3919 medis
903 3863 939 3918 ci·
980 3883 1036 3940 quo
1061 3866 1154 3923 lucret
1167 3867 1284 3934 inclusa,
1300 3865 1404 3923 ostium
1421 3865 1495 3939 quod
1511 3864 1687 3922 obstruxerat
1700 3865 1780 3922 dissi·

168 3943 229 4007 illtle
240 3953 341 4027 populo
362 3959 508 4027 spectante
528 3954 587 4026 igni
609 3953 765 4026 supposuit,
788 3953 913 4008 clamans
930 3973 935 4008 :
949 3956 1056 4031 gpavit
1071 3975 1078 4025 3
1093 3957 1143 4012 illa
1151 3974 1227 4024 vero,
1243 3959 1275 4012 ut
1285 3961 1380 4024 ΜΒ
1393 3955 1486 4011 adhuc
1497 3956 1539 4011 its
1551 3961 1729 4028 permaneret
1737 3956 1780 4013 in·

169 4031 242 4097 lene
254 4059 352 4098 omnes
366 4043 414 4115 qui
428 4044 563 4115 peccastis
578 4060 697 4111 mecum,
715 4047 743 4098 ct
757 4042 857 4111 videte,
872 4060 939 4114 quo-
979 4046 1066 4114 clusa,
1083 4045 1243 4119 postulabat
1258 4065 1265 4114 3
1281 4062 1344 4102 cum
1354 4061 1420 4100 vero
1432 4044 1590 4118 aperuisset
1596 4045 1700 4101 ostium
1709 4045 1782 4101 dixit

169 4127 227 4186 modo
237 4149 267 4187 ca
277 4149 340 4205 quse
356 4132 426 4188 mihi
440 4133 597 4188 contulistis
608 4149 734 4188 exuram.
750 4133 819 4189 Erat
840 4138 938 4188 autem
979 4135 1023 4190 ei:
1049 4135 1198 4206 Egrcdere,
1215 4135 1348 4208 quoniam
1371 4133 1482 4188 remisit
1505 4132 1557 4187 tibi
1571 4134 1646 4189 Deus
1663 4139 1779 4207 peccate

168 4219 258 4283 predum
270 4222 407 4278 librarum
420 4223 616 4295 quadraginta.
977 4229 1036 4280 tus.
1048 4225 1101 4280 Illa
1114 4224 1257 4297 respondit
1275 4242 1281 4280 :
1296 4224 1396 4280 Testor
1409 4223 1509 4289 Deum,
1525 4221 1593 4293 quia
1606 4239 1639 4277 ex
1662 4239 1719 4295 quo
1731 4222 1778 4279 hic

192 4305 241 4366 dir.
252 4312 392 4377 11.-Quae
402 4312 935 4385 cumomniaconsumpsisset‚inlocum
977 4315 1104 4387 ingresse
1123 4330 1196 4383 sum,
1216 4312 1311 4368 omnis
1334 4317 1450 4386 peccata
1464 4327 1529 4368 mea
1545 4312 1623 4367 velut
1635 4311 1777 4368 sarcinam

169 4405 226 4462 quen
238 4399 322 4457 abbas
343 4402 492 4457 constituit
516 4402 552 4469 ei,
571 4402 709 4475 perrexit:
723 4420 808 4475 quam
820 4402 878 4470 ille,
894 4420 937 4458 rc·
976 4404 1064 4460 statui
1077 4410 1144 4460 ante
1157 4403 1251 4459 oculos
1265 4418 1353 4474 meos,
1368 4407 1397 4458 et
1409 4418 1467 4458 non
1478 4401 1668 4458 discesserunt
1680 4416 1777 4476 pecca·

167 4490 359 4563 lllltrirginali
378 4492 559 4560 monasterio,
576 4491 806 4565 incellulaparva
819 4492 933 4561 ducens,
976 4499 1006 4549 ta
1019 4493 1127 4550 meaab
1141 4493 1229 4549 oculis
1242 4494 1324 4562 meis,
1340 4491 1503 4548 sedilebam
1525 4507 1637 4566 semper
1649 4491 1775 4548 illacon-

167 4574 241 4635 atum
254 4580 365 4637 cellule
380 4581 495 4654 plumbo
505 4582 806 4655 signavitparvamque
820 4583 937 4655 reliquit
976 4584 1107 4657 spiciens.
1130 4583 1183 4640 Cui
1203 4582 1289 4638 abbas
1303 4581 1478 4656 Paphnutius
1492 4581 1554 4637 ait:
1576 4581 1639 4637 Non
1659 4586 1777 4655 propter

166 4658 320 4738 toscham,
338 4687 390 4746 per
404 4670 617 4743 quameivictus
630 4671 758 4728 modicus
772 4673 933 4741 inferretur,
977 4673 1172 4747 poenitentiam
1186 4677 1264 4728 tuam
1276 4671 1387 4729 remisit
1406 4669 1458 4726 tibi
1471 4671 1555 4739 Deus,
1571 4670 1620 4726 sed
1635 4666 1704 4744 (μὴ
1723 4670 1776 4727 δο-

162 4749 303 4834 lusitqueei
313 4760 546 4818 omnibusdiebns
560 4762 746 4835 parumpanis
753 4767 782 4819 et
789 4763 936 4835 paululum
976 4780 1040 4820 rum
1052 4763 1250 4836 cogitationem
1263 4778 1375 4833 semper
1381 4760 1505 4816 habuisti
1516 4759 1545 4815 in
1558 4759 1663 4816 animo.
1671 4758 1776 4817 Etcum

163 4847 386 4916 *queamroribns'
397 4850 562 4906 monasterii
576 4851 741 4908 ministrari.
757 4853 828 4908 Cum
840 4857 935 4909 autem
976 4870 1040 4910 eam
1052 4854 1117 4909 inde
1127 4852 1277 4919 oduxisset,
1294 4850 1455 4923 quindecim
1463 4854 1576 4906 tantum
1589 4849 1688 4908 diebus
1694 4850 1780 4908 Thai·

162 4927 372 4996 illmdcretcstio
382 4938 582 5012 plumbato,ait
594 4940 630 4995 ed
640 4941 720 4996 illum
727 4940 853 4997 Thaisis:
873 4942 935 5007 Quo
976 4943 1015 4999 sis
1028 4943 1106 5011 vixit,
1122 4948 1151 4998 et
1162 4942 1201 4998 sic
1215 4939 1344 5015 pausavit
1356 4939 1386 4996 in
1398 4954 1476 5013 pace.

736 5059 949 5122 ROSWEYDI
985 5060 1168 5122 ΝΟΤΑΊἹΟ.

180 5155 212 5229 (l)
228 5163 453 5234 Tlraisis.]Hujus
461 5163 689 5220 commemoratio
696 5165 772 5219 estin
780 5165 1149 5249 Menolcgionauperibus
1157 5164 1310 5233 distribuit,
1320 5165 1475 5239 etseipsam
1485 5149 1594 5223 in'calla
1603 5167 1725 5240 quedam
1733 5168 1777 5225 in·

155 5223 471 5290 drucorumdoctcbris:
484 5255 496 5285 ι
508 5235 617 5290 Natalis
625 5241 727 5290 sanctae
735 5235 936 5308 indiciaque
978 5238 1070 5302 clusit,
1088 5236 1146 5305 ubi,
1162 5237 1294 5310 lacrymis
1303 5237 1489 5309 etgemitibus
1499 5256 1533 5295 ex
1539 5239 1777 5312 prolundocordis

151 5297 227 5357 lueret
240 5305 382 5360 meretrix.
397 5306 462 5361 llaec
472 5305 508 5360 ab
522 5307 711 5361 adolescentia
721 5307 775 5362 fnit
788 5325 806 5361 a
823 5308 937 5380 propria
978 5308 1096 5375 emissis,
1112 5308 1262 5363 clamabat:
1280 5308 1334 5374 Qui
1339 5310 1485 5381 plasmasti
1494 5328 1550 5377 me,
1562 5311 1696 5367 miserere
1710 5309 1774 5382 mei.

149 5378 225 5455 metra
238 5375 274 5431 de
294 5381 391 5431 ravata
411 5395 417 5443 ;
438 5377 534 5449 itaque
556 5379 696 5433 cilicinam
711 5378 813 5434 diaboli
827 5396 935 5435 secon·
977 5380 1011 5436 ln
1029 5381 1082 5435 hac
1107 5380 1304 5436 exercitatione
1324 5397 1413 5437 annos
1432 5388 1491 5437 tres
1510 5383 1671 5454 transegit:
1701 5380 1776 5435 unde

146 5446 236 5502 stituit.
348 5465 367 5503 a
390 5448 449 5504 viro
468 5454 565 5505 sancto
593 5450 754 5515 Paphnutio
778 5457 861 5522 capta
882 5457 935 5507 est.
978 5453 1179 5523 egresscjussu
1192 5451 1301 5508 abbatis
1311 5459 1375 5525 post
1386 5454 1548 5526 quindecim
1561 5450 1775 5509 diescxcessit.·

145 5516 276 5575 &aversa
290 5518 387 5591 igitur,
400 5526 430 5576 et
462 5521 609 5577 oerdtentia
623 5522 761 5578 scelerum
772 5528 938 5596 compuncta
979 5524 1046 5588 Quae
1060 5522 1222 5579 adverbum
1240 5524 1389 5597 desumpta
1402 5532 1469 5581 sunt
1482 5542 1516 5581 ex
1530 5523 1653 5591 lleaoeis,
1670 5522 1700 5579 in
1715 5520 1776 5592 qui·

142 5590 282 5652 ttomnia
307 5607 403 5669 suaq
477 5592 654 5671 'gauterum
682 5593 773 5674 pretio
800 5594 939 5653 testinata
979 5593 1032 5655 bus
1060 5599 1157 5660 tamen
1193 5595 1353 5678 Paphnutio
1387 5597 1481 5673 patria
1507 5595 1679 5676 assignatur,
1709 5606 1771 5670 quas
