3818 6120
140 334 190 394 251
649 335 696 390 DE
714 328 809 390 title
827 322 976 388 edraim
995 322 1103 383 LIBER
1121 326 1266 383 PRIMUS.
1724 326 1778 386 252

139 464 192 524 set,
202 458 376 513 illuminatus
384 454 813 520 mente,clreadivinumeultum
821 456 867 527 pio
878 455 935 509 zelo
945 454 969 513 Α
978 467 1037 505 rem
1051 467 1100 522 pro
1115 451 1229 505 nomine
1244 451 1357 515 Christi,
1370 467 1426 505 non
1440 468 1491 524 pro
1503 466 1574 506 vana
1588 451 1670 507 laude
1682 459 1774 509 custo

139 548 318 602 vehementer
329 544 455 605 incaluit,
465 561 498 598 ac
507 561 637 615 processu
647 545 782 616 temporis
796 561 900 615 magna
909 543 938 598 in
980 540 1070 601 diunt,
1079 540 1216 611 plurimas
1223 540 1353 595 utilitatis
1360 558 1445 597 causa
1454 542 1571 595 virtutes
1582 542 1690 596 caeteris
1696 543 1774 597 adhi-

138 635 288 690 virtutibus
303 634 475 688 incrementa
489 634 623 705 percepit.
634 634 701 688 Erat
717 634 790 687 enirn
807 634 938 705 largitate
980 628 1055 689 bere,
1074 630 1138 683 licet
1161 630 1309 684 videantur
1330 630 1365 684 ad
1384 630 1467 684 breve
1489 635 1602 703 tempus
1624 632 1775 687 nonnullos

139 724 224 780 divini
233 723 358 777 muneris
373 723 516 795 preditus,
529 728 557 776 et
567 723 595 777 in
605 723 736 794 operibus
747 723 827 778 bonis
838 740 870 777 ac
880 739 939 777 vor·
979 719 1130 773 offendere.

138 813 180 868 bis
191 814 311 867 multum
324 813 445 885 prudens
455 831 461 880 ;
471 819 499 867 et
510 813 667 867 humilitate
675 817 759 884 atque
769 813 937 868 contritione
1014 807 1198 863 elexxxlt.
1207 809 1337 879 -Igitur
1346 808 1641 879 sicuthujusstudium
1650 810 1777 865 adaemu-

138 902 229 956 cordis
239 903 318 956 valde
333 901 479 976 mirabills,
491 903 520 955 in
529 901 645 972 jejuniis
655 902 779 961 sedulus,
791 902 820 956 ιιι
834 901 937 972 vigiliis
978 897 1111 951 lationem
1122 913 1219 951 eorum
1230 897 1278 968 qui
1288 898 1404 951 meliora
1414 898 1533 969 eupiunt
1542 897 1650 952 imitari
1660 898 1777 970 protuli·

137 991 272 1055 Intentus,
288 992 316 1045 iu
344 991 469 1046 oratione
485 991 629 1055 sollicitus
657 1007 800 1060 nunquam
826 991 937 1061 penitus
979 1002 1051 1051 mua,
1068 986 1108 1040 ita
1126 986 1311 1057 negligentias
1332 986 1490 1057 ahquorum
1503 989 1612 1057 justum
1635 987 1776 1043 eredimus

139 1081 280 1146 omittens,
294 1097 349 1152 (quo
365 1081 457 1134 mInus
468 1080 602 1151 spiritalis
611 1081 710 1150 gratia
720 1082 827 1151 rirajova
842 1096 937 1134 mune-
977 1074 1113 1141 iutimari,
1129 1076 1163 1129 ad
1182 1076 1320 1129 cautelam
1338 1092 1435 1130 eorum
1450 1077 1498 1146 qui
1514 1076 1569 1130 ista
1583 1076 1684 1130 lecturi
1699 1082 1774 1131 sunt.

138 1185 172 1223 ra
180 1174 343 1224 sectaretur.
355 1166 560 1224 consolabatur
570 1174 663 1223 autem
671 1170 806 1241 plurimes
817 1185 937 1223 maerore
978 1162 1097 1227 Quidam
1109 1164 1238 1218 monaehi
1248 1164 1401 1218 secundum
1410 1179 1522 1217 carnem
1533 1164 1658 1218 viventes
1667 1167 1773 1234 (eoba.

139 1260 300 1329 depressos,
317 1266 346 1313 et
367 1275 413 1311 eos
436 1259 482 1328 qui
507 1259 600 1328 aliquo
620 1264 732 1328 peceato
748 1258 935 1326 deviaverant,
979 1250 1028 1322 ιιι),
1041 1268 1091 1306 nec
1101 1258 1222 1306 veterem
1233 1253 1376 1305 hominem
1387 1258 1516 1306 curantes
1526 1268 1637 1317 exuere,
1645 1259 1774 1309 sanctum

140 1347 330 1401 admonitione
346 1347 444 1401 humili
460 1352 544 1417 atque
559 1346 692 1400 benevola
705 1347 870 1416 corrigebat.
978 1340 1159 1395 Pachomium
1174 1340 1284 1395 sortiter
1305 1341 1483 1411 attligebant3
1498 1341 1661 1411 frequenter
1680 1341 1776 1413 itaque

175 1436 240 1490 cnr.
254 1435 350 1490 XXXI.
360 1467 392 1476 -
402 1436 528 1506 Denique
542 1440 602 1488 tam
612 1437 773 1506 praeclaram
785 1453 817 1489 ac
829 1434 937 1506 fulgen·
978 1430 1148 1484 salutaribus
1163 1447 1210 1484 eos
1224 1430 1338 1484 monitis
1361 1431 1515 1500 alloquens,
1534 1430 1644 1484 nullum
1662 1431 1774 1501 penitus

138 1528 196 1577 tern
214 1525 453 1579 conversationem
468 1525 529 1594 ejus
542 1525 708 1578 Pachovnius
723 1542 849 1587 cernens,
868 1525 936 1579 satis
978 1519 1133 1589 proiectum
1145 1535 1243 1573 eorum
1258 1518 1407 1572 sentiebat.
1424 1519 1504 1573 Unde
1519 1519 1608 1573 tristis
1623 1523 1651 1572 et
1666 1520 1774 1580 anxius,

139 1629 204 1666 eum
218 1612 322 1678 dilexit,
336 1617 364 1666 et
378 1613 407 1666 in
422 1613 504 1667 corde
517 1630 567 1666 suo
582 1614 732 1668 conseruit.
750 1613 874 1668 Audiens
888 1631 936 1669 au·
977 1608 1095 1662 Domino
1111 1625 1160 1678 pro
1174 1609 1214 1661 &Is
1229 1607 1405 1678 supplicabat
1420 1606 1582 1678 Impensius,
1595 1608 1706 1661 di0ens:
1722 1608 1778 1662 Do·

138 1706 195 1754 tem
211 1707 301 1756 ruater
314 1703 376 1771 ejus
389 1703 463 1772 quod
476 1702 549 1773 apud
561 1701 674 1757 beatum
685 1703 867 1757 Pachomium
877 1720 936 1756 mo·
977 1697 1101 1750 ιιιίιιῑιιοι·
1111 1698 1238 1759 Domitia,
1251 1702 1281 1750 tu
1296 1696 1452 1767 pltecepirsti
1463 1696 1542 1750 nobiS
1557 1696 1676 1766 dilittere
1686 1696 1776 1768 proxi·

138 1795 258 1855 raretur,
276 1791 310 1843 ad
327 1807 391 1844 eum
407 1791 535 1860 protinus
555 1789 674 1856 advolat,
691 1807 787 1844 seeum
806 1766 965 1845 deferensB
976 1802 1037 1839 mos
1054 1792 1085 1839 ut
1098 1803 1148 1839 nos
1164 1786 1239 1856 ipsos
1255 1788 1347 1852 (tevit.
1364 1785 1696 1855 xtx;;ltattb.x1rt.Quin
1709 1802 1775 1857 ergo

138 1878 331 1949 cpiscoporum
343 1879 454 1950 scripta,
466 1895 527 1949 qua
538 1878 736 1950 praecipiebant
745 1886 776 1933 ut
788 1880 812 1933 ei
828 1896 896 1934 suus
906 1882 936 1933 tl-
976 1879 1084 1928 secreta
1098 1874 1188 1928 cordis
1199 1874 1254 1927 mei
1266 1874 1403 1944 agnoscis,
1416 1873 1539 1937 obsecro,
1552 1890 1587 1927 ne
1599 1891 1644 1926 mo
1655 1874 1777 1927 claman-

137 1966 191 2020 IIus
206 1966 380 2022 redderetur.
396 1967 475 2021 lianc
489 1984 555 2037 ergo
571 1973 754 2038 susceperunt
769 1967 891 2038 virgines
905 1968 935 2021 in
976 1968 1034 2017 tem
1048 1963 1083 2016 ad
1093 1969 1122 2016 te
1137 1980 1187 2034 pro
1201 1979 1297 2017 eorum
1311 1963 1401 2016 salute
1412 1962 1564 2033 despiciam
1578 1963 1628 2016 sed
1644 1962 1776 2017 misertus

138 2056 318 2117 monasterIo,
335 2056 409 2127 quod
425 2072 441 2110 a
456 2056 589 2119 virorum,
606 2063 637 2110 ut
652 2073 737 2127 supra
760 2056 865 2111 dictum
881 2062 933 2121 est,
977 2068 1084 2117 eorum,
1095 2052 1132 2106 da
1145 2053 1200 2106 illis
1214 2052 1443 2116 timorevntuum,
1458 2057 1490 2105 ut
1498 2051 1622 2105 divinam
1633 2058 1713 2106 tunm
1728 2067 1775 2122 po

138 2143 212 2197 haud
223 2145 320 2215 procul
332 2143 429 2199 aberat
440 2164 446 2211 ς
458 2162 519 2216 qua
530 2162 593 2198 mox
603 2145 831 2216 mittitepistolas
839 2150 935 2199 sancto
976 2140 1094 2194 tentiam
1102 2146 1309 2210 cognoscentes,
1317 2140 1346 2194 in
1356 2139 1471 2194 veritate
1480 2138 1531 2194 tibi
1542 2134 1715 2207 deserviant,
1728 2154 1776 2211 spe

137 2231 298 2298 Ptechomio,
314 2233 447 2287 similiter
461 2233 619 2299 obsecrans,
635 2237 668 2288 ut
685 2233 774 2288 filium
791 2235 934 2305 proprium
976 2235 1192 2305 promissionum
1203 2241 1316 2288 tuarum
1328 2250 1378 2304 per
1392 2234 1487 2287 omnia
1498 2232 1639 2301 roborati3
1655 2234 1775 2305 quiant-

137 2320 230 2375 videre
244 2323 421 2392 permiiteret
435 2324 558 2391 thestio,
578 2324 596 2377 l.
619 2336 658 2388 ιιι,
674 2340 701 2376 ιι.
718 2322 772 2390 3)).
788 2324 866 2376 Tunc
885 2323 935 2377 ad·
977 2324 1030 2377 mis
1045 2323 1180 2391 affligitur
1197 2324 1291 2377 anima
1307 2340 1369 2377 mea
1386 2339 1435 2394 pro
1450 2323 1500 2386 eia,
1518 2329 1547 2376 et
1563 2340 1662 2377 omues
1677 2339 1775 2377 sensas

136 2426 238 2463 vocans
251 2410 429 2465 Theodorum
445 2411 621 2477 pachomius,
636 2411 724 2465 ailad
748 2428 831 2465 euin:
851 2413 935 2466 Com·
976 2412 1031 2465 mei
1040 2412 1190 2466 turlmutur
1200 2427 1408 2482 usquequaque.
1420 2411 1485 2464 Haec
1494 2410 1696 2475 dicenssiluit.
1709 2411 1777 2467 Post

136 2499 206 2568 peri,
223 2499 273 2566 sili,
291 2500 364 2570 quod
379 2499 432 2554 huc
448 2506 539 2554 mater
553 2505 603 2553 tua
624 2501 739 2560 venerit,
757 2505 786 2565 et
799 2505 827 2553 te
842 2500 934 2554 videre
976 2501 1083 2570 aliquot
1093 2517 1157 2554 vero
1167 2500 1226 2554 dies
1236 2501 1331 2554 videus
1341 2501 1415 2572 quod
1423 2516 1474 2554 nec
1488 2516 1538 2570 per
1548 2499 1707 2554 orationem
1718 2517 1775 2556 me-

137 2586 279 2641 desideret
291 2608 296 2640 :
309 2604 370 2642 eece
381 2588 461 2642 nobis
472 2593 500 2642 et
510 2589 702 2659 episcoporum
712 2589 932 2642 litterasattulit.
976 2589 1059 2643 liores
1069 2590 1158 2643 allecti
1170 2594 1243 2653 sunt,
1256 2590 1358 2642 iterum
1369 2592 1446 2642 stans
1455 2588 1489 2642 ad
1497 2588 1664 2654 orationem,
1673 2605 1724 2659 pro
1733 2589 1772 2645 eis

137 2676 259 2746 Per-gens
281 2677 377 2748 itaque
397 2676 549 2731 satisfacito
572 2679 666 2743 mntrI,
685 2677 804 2731 inarime
818 2684 935 2749 propter
975 2678 1093 2732 Domino
1103 2678 1463 2750 suqrqvlicav'it30tquesdam
1472 2678 1594 2748 privatas
1603 2694 1637 2731 ac
1645 2678 1773 2749 proprias

137 2772 247 2819 sanctos
265 2767 420 2838 pontifices.
436 2767 484 2837 qui
504 2766 584 2821 nohis
600 2783 650 2838 per
668 2783 730 2821 eam
745 2768 854 2837 dignati
868 2773 935 2823 sunt
975 2767 1086 2836 regulas
1100 2768 1140 2821 eis
1156 2767 1253 2820 orandi
1268 2772 1352 2837 atque
1366 2766 1475 2820 vivendi
1489 2766 1615 2832 tradidit,
1628 2772 1661 2820 ut
1673 2767 1773 2822 saltem

137 2853 239 2924 scripta
254 2854 384 2924 dtrigere.
403 2855 557 2926 Respondit
577 2856 739 2911 Theodorus
759 2874 764 2909 :
782 2858 863 2911 Prius
878 2874 932 2923 me,
976 2857 1053 2926 quasi
1070 2857 1141 2909 servi
1156 2861 1262 2910 statuta
1273 2855 1452 2927 complentes,
1464 2855 1775 2940 paulatImconsuesre:

136 2943 302 2998 venerabilis
314 2949 403 3015 pater,
419 2951 527 2998 certum
544 2946 635 3010 tacito,
653 2947 726 3017 equod
747 2951 810 3016 post
826 2951 933 3000 tantam
975 2951 1039 2999 rent
1052 2947 1086 2999 ad
1103 2946 1224 3000 tiliorum
1239 2962 1341 3000 tuunus
1355 2944 1508 2998 attractionis
1523 2944 1664 2998 industria
1679 2962 1774 3016 perre-

135 3030 304 3102 spiritalium
317 3049 412 3087 rerum
427 3033 625 3104 cognitionem,
643 3033 666 3087 si
682 3034 776 3088 videro
789 3051 861 3101 eam,
878 3052 933 3089 non
975 3034 1044 3088 nite.
1062 3035 1115 3098 Qui
1126 3040 1272 3089 cernentes
1286 3052 1316 3088 se
1330 3039 1393 3106 post
1404 3031 1644 3104 concupiscentias
1654 3050 1721 3088 suas
1733 3034 1773 3088 ire

136 3118 207 3174 dabo
222 3120 286 3175 Inde
299 3121 436 3176 rationem
450 3122 570 3178 Domino
586 3123 615 3177 in
631 3122 675 3177 die
691 3123 799 3194 judicIi,
816 3129 845 3178 et
859 3125 932 3195 quod
942 3119 1029 3182 Cnon
1043 3141 1133 3196 posse,
1151 3124 1384 3195 praesentIamque
1405 3123 1493 3176 sancti
1513 3123 1658 3176 Pachomii
1671 3123 1773 3177 tormi-

135 3209 262 3279 praepris
272 3210 381 3264 taciem.
392 3212 470 3266 Hauc
480 3213 553 3266 enirn
564 3214 645 3283 juxto
657 3213 820 3268 mandatum
829 3212 934 3268 Christi
974 3212 1191 3284 dentes‚spi1·itu
1202 3212 1320 3277 timoris,
1328 3229 1384 3266 non
1395 3211 1472 3266 illius
1481 3211 1559 3276 castI,
1570 3211 1680 3282 decepti
1689 3216 1772 3281 sunt3

135 3312 199 3350 cum
213 3304 272 3352 toto
288 3300 392 3354 mundo
402 3300 523 3355 deserui
536 3302 571 3356 Et
580 3301 720 3373 quomodo
729 3318 792 3356 eam
804 3302 832 3356 in
849 3302 934 3358 otten-
975 3307 1003 3356 et
1015 3301 1145 3356 abierunt
1154 3308 1229 3355 retro
1239 3308 1301 3374 post
1312 3299 1704 3366 Satanam,conrersationern
1711 3302 1772 3371 ejus

135 3385 242 3439 sionem
265 3386 385 3445 fratrum
402 3406 476 3444 nunc
498 3390 606 3444 audebo
622 3390 800 3460 conspicere?
818 3391 890 3444 Nam
907 3391 932 3446 si
974 3388 1167 3445 admirabilem
1177 3408 1234 3446 non
1248 3391 1378 3445 serentes.
1393 3390 1443 3443 llis
1453 3389 1548 3460 itaque
1562 3386 1769 3456 recedentibus,

135 3473 223 3543 prius,
237 3480 302 3529 iente
317 3478 572 3532 manifestationem
588 3485 672 3533 tantae
686 3479 794 3547 gratiae,
807 3479 856 3532 tilii
868 3481 932 3534 Levi
972 3496 1040 3549 grex
1055 3479 1200 3534 universus
1219 3480 1248 3533 ln
1263 3479 1305 3533 sui
1319 3484 1410 3533 status
1423 3477 1585 3547 integaate
1600 3478 1770 3549 permansit,

135 3568 265 3631 parentes
276 3566 402 3635 proprios
412 3566 588 3635 ignorarunt,
599 3575 629 3620 ut
635 3566 852 3636 justillcationes
863 3568 932 3638 tegla
974 3569 1063 3637 inagis
1077 3586 1109 3622 ae
1120 3570 1210 3637 tnagis
1220 3569 1255 3622 ad
1268 3568 1441 3622 incrementa
1456 3567 1592 3621 virtutum
1606 3583 1769 3638 assurgens,

134 3649 284 3719 implerent
294 3654 392 3721 (Exodi
413 3668 507 3719 xns113
533 3656 610 3708 dead.
627 3669 735 3717 xxxin:
759 3658 840 3709 tcev't.
862 3661 930 3723 xm),
972 3658 1054 3711 stcuti
1067 3659 1158 3715 solent
1172 3659 1200 3712 in
1215 3657 1290 3727 agris
1309 3658 1415 3728 opthna
1428 3657 1570 3710 frumenta
1586 3655 1678 3709 laetius
1690 3656 1770 3710 ctllo·

135 3743 239 3806 quanto
248 3740 337 3809 magis
345 3757 406 3810 ego,
419 3743 466 3812 qui
477 3743 547 3796 tanti
558 3744 683 3797 muneris
696 3744 834 3814 particeps
842 3745 932 3800 tactus
973 3744 1769 3815 r·escere,cumfuerintaheiszizaniaradicitusamputata.

134 3841 207 3890 sum,
217 3834 411 3896 parentesnon
418 3829 611 3885 debeodirinae
620 3848 782 3903 praeponere
788 3833 929 3901 charitati,
972 3834 1037 3888 Haec
1050 3840 1145 3889 autem
1159 3835 1251 3901 retuh,
1260 3834 1354 3888 rolens
1374 3832 1521 3888 ostendere
1536 3833 1604 3904 quia
1617 3833 1692 3887 sicut
1701 3832 1773 3888 nihil

134 3912 244 3969 dicente
253 3917 372 3971 Domitio
380 3918 409 3971 in
417 3919 566 3989 Evangelio
580 3920 648 3984 :Qui
659 3921 751 3991 diligit
761 3928 868 3993 patrem
882 3930 932 3979 aut
972 3922 1051 3978 obest
1064 3923 1223 3977 hominibus
1234 3923 1333 3988 soeculo
1343 3922 1455 3987 deditis,
1464 3921 1487 3975 si
1497 3938 1526 3974 se
1536 3920 1773 3976 tradiderintmo·

139 4008 931 4082 l‘zorrratremsupermauonestmcdignnstltotth.x)l
972 4013 1125 4066 nachorum
1139 4012 1285 4077 institutis,
1302 4012 1342 4065 ita
1357 4010 1428 4064 nihil
1438 4010 1568 4065 utilitatis
1579 4009 1663 4065 atiert
1673 4026 1770 4065 mona·

134 4092 209 4146 Dicit
222 4093 248 4146 ei
262 4094 448 4149 Pachomius:
465 4096 494 4151 Si
506 4097 607 4167 probas
620 4097 647 4150 id
657 4097 709 4151 tihi
720 4114 775 4152 non
786 4102 928 4171 expedire,
971 4101 1030 4154 chis
1044 4100 1177 4172 professio
1192 4100 1367 4163 venerabilis,
1388 4099 1412 4153 si
1426 4100 1600 4169 negligentes
1616 4099 1744 4154 existunt
1759 4116 1767 4168 ς

134 4180 173 4234 lili
188 4183 236 4249 mi,
254 4200 310 4238 non
324 4189 352 4238 te
366 4202 445 4254 cogo.
464 4186 523 4240 IIoc
532 4192 626 4240 autem
641 4204 738 4241 eorum
751 4194 794 4242 est
808 4190 855 4259 qui
869 4208 931 4262 per·
971 4190 1018 4243 sed
1035 4206 1086 4243 nec
1098 4189 1187 4243 oratio
1198 4194 1324 4259 patema,
1336 4204 1386 4242 nec
1395 4186 1593 4241 condescensio
1607 4203 1655 4240 eos
1666 4186 1770 4258 poterit

134 4269 204 4325 tecte
214 4273 454 4328 renuntianthuic
470 4276 584 4341 mundo,
598 4282 626 4330 et
636 4276 742 4348 seipsos
751 4276 804 4331 sibi
818 4280 930 4349 penitus
970 4278 1102 4349 adjuvare
1117 4282 1269 4349 torpentes.

133 4359 282 4431 abnegant.
296 4362 415 4433 Oportet
425 4363 499 4417 enim
508 4365 667 4429 monachos
680 4366 793 4420 inutiles
807 4373 835 4421 et
847 4385 931 4422 seecu—
1007 4368 1071 4421 Can.
1080 4366 1204 4421 XXXIII.
1216 4399 1245 4407 -
1255 4365 1404 4421 Confessor
1412 4366 1521 4419 interea
1531 4363 1684 4435 Dionysius
1694 4380 1769 4435 pres·

132 4448 206 4503 lares
220 4449 403 4505 salutationes
413 4456 441 4505 et
455 4451 594 4523 colloquia
605 4470 677 4507 vana
691 4454 876 4525 diffugere-et
887 4454 1052 4529 hisnbytcr
1073 4460 1102 4509 et
1129 4472 1299 4521 (economus,
1315 4455 1343 4509 id
1373 4458 1424 4517 est,
1443 4454 1620 4524 dispensator
1640 4450 1768 4508 Ecclesia

133 4539 180 4607 qui
194 4538 320 4593 menrbra
332 4540 437 4594 Christi
451 4545 517 4594 sunt
527 4541 573 4611 pia
586 4547 680 4596 mente
693 4544 805 4600 sociari.
821 4544 850 4599 Si
866 4547 929 4616 quis
969 4542 1768 4617 Tentyrorum,a1nicissimussauctiPachomii,comperit

132 4632 226 4681 autem
236 4630 364 4699 passIone
375 4630 498 4700 quadam
509 4631 601 4685 saeouli
612 4639 719 4703 captus,
730 4634 812 4688 dicit:
827 4635 928 4690 Paren—
970 4634 1005 4688 ab
1018 4634 1158 4704 aitquibus
1171 4634 1244 4706 quod
1260 4650 1294 4687 ex
1310 4633 1372 4688 aliis
1391 4631 1569 4686 monasteriis
1584 4631 1619 4684 ad
1640 4648 1706 4685 eum
1721 4648 1767 4685 ve·

132 4719 174 4768 tes
184 4732 249 4770 earo
259 4734 323 4772 mea
332 4724 407 4785 sunt,
419 4736 466 4772 eos
476 4718 592 4789 dihgere
602 4720 804 4787 debeo,audiat
813 4724 927 4780 beatum
969 4722 1120 4790 nientibuS,
1144 4739 1200 4777 non
1219 4723 1352 4777 concedat
1370 4738 1434 4776 oum
1455 4721 1512 4775 suis
1531 4718 1668 4774 fratribus
1683 4718 1763 4785 vesci,

131 4802 248 4858 Petrum
262 4809 421 4877 apostolum
435 4808 633 4880 predicantem
646 4827 651 4862 :
663 4812 687 4864 A
700 4827 755 4881 quo
771 4813 833 4881 quis
847 4831 928 4885 supe·
969 4813 1016 4866 sed
1032 4829 1078 4866 eos
1094 4817 1268 4882 sequestrato
1283 4811 1343 4864 Ioco
1354 4812 1436 4881 juxta
1450 4808 1614 4863 monasterii
1634 4808 1710 4863 fores
1724 4825 1767 4863 ex·

131 4894 220 4956 ratur,
239 4892 303 4947 huic
317 4901 345 4950 et
364 4912 460 4951 servus
475 4896 593 4952 efficitur
607 4898 650 4969 (II
667 4901 719 4953 l’ct.
734 4904 777 4968 ιι).
791 4902 845 4965 Qui
860 4920 927 4974 ergo
967 4902 1061 4973 cipiat.
1079 4901 1267 4955 contristatus
1281 4900 1377 4970 itaque
1391 4897 1543 4970 plurimum
1558 4897 1711 4967 superbae
1725 4912 1763 4963 re,

130 4980 252 5035 vincitur
261 4999 356 5038 amoro
366 4986 466 5052 carnis,
482 5004 578 5042 servus
593 4988 653 5042 sine
668 4989 751 5044 dubio
767 4996 809 5045 est
823 4993 925 5049 carnia.
967 4991 1045 5044 venit
1058 4989 1093 5043 ad
1107 5005 1189 5056 cum;
1208 4994 1236 5042 et
1250 4988 1420 5060 Increpantis
1435 4987 1528 5058 pettus
1541 5001 1689 5039 assumens
1704 4984 1766 5039 arti·

130 5068 257 5139 Cumque
271 5087 326 5125 non
342 5074 525 5143 acquievisset
539 5078 701 5133 Theodorus
716 5079 799 5133 matri
814 5097 844 5133 se
859 5097 927 5152 pree-
967 5095 1044 5143 nrum
1057 5095 1141 5149 quam
1155 5077 1304 5143 monentis,
1317 5075 1427 5130 alebat:
1439 5071 1764 5141 Nonrectesacis,abba,

130 5163 251 5224 sentare,
260 5159 417 5215 decrevitet
426 5163 511 5216 illain
521 5164 582 5235 ipso
592 5167 762 5221 monasterio
771 5184 835 5222 cum
847 5170 926 5224 Chri·
966 5166 1131 5222 charitatem
1140 5165 1271 5220 tratribus
1281 5165 1403 5220 debltam
1414 5180 1470 5219 non
1480 5163 1626 5235 aequaliter
1635 5160 1767 5218 omnibus

129 5244 165 5298 sti
179 5261 343 5315 permanere
354 5249 517 5319 virginibus,
529 5252 588 5306 haec
601 5254 674 5325 apud
690 5271 719 5308 se
733 5263 922 5326 pertractans:
967 5256 1109 5310 exhibens.
1120 5256 1382 5320 Quicorrectioncm
1391 5255 1451 5324 ejus
1462 5270 1524 5308 cum
1536 5253 1627 5306 multa
1634 5252 1767 5322 longani-

131 5333 158 5387 Si
174 5334 326 5389 voluntatis
340 5337 452 5392 Domini
465 5339 558 5401 suerit,
571 5341 645 5396 inter
659 5343 728 5398 alios
751 5345 850 5398 saltem
868 5363 926 5401 mo·
967 5345 1064 5399 mitate
1075 5345 1265 5416 patientiaque
1274 5344 1440 5414 suscipiens,
1453 5342 1493 5397 ita
1502 5340 1649 5412 respondit
1662 5359 1668 5392 z
1680 5340 1768 5396 Novit

129 5422 233 5475 uachos
252 5422 350 5478 videbo
371 5442 435 5479 eum
451 5444 456 5478 :
483 5434 513 5480 et
527 5436 641 5500 propter
655 5432 726 5486 hanc
739 5434 922 5499 occasionem,
966 5435 1101 5489 Dominus
1108 5435 1281 5505 propositum
1291 5437 1426 5498 meum,et
1434 5437 1552 5502 patema
1562 5437 1611 5484 tua
1619 5430 1788 5498 cognoscit·

128 5526 218 5565 meam
235 5530 345 5584 quoquc
359 5514 488 5569 lucrabor
497 5516 630 5583 ammam,
644 5519 710 5574 dum
724 5521 752 5575 in
763 5522 816 5576 hae
827 5528 924 5576 sancta
965 5524 1083 5589 allectio,
1097 5524 1171 5594 quod
1191 5538 1334 5593 nunquam
1349 5520 1498 5591 cujuslibet
1515 5520 1640 5574 animam
1650 5518 1767 5589 cupiam

128 5602 338 5657 conversatione
353 5603 481 5673 persisto.
496 5605 614 5660 Constat
628 5605 715 5676 Igitur
729 5610 837 5681 eosqui
852 5610 924 5681 rigo
965 5612 1136 5678 contristari,
1145 5627 1196 5665 nec
1204 5611 1294 5665 dicam
1304 5625 1449 5681 spernere.
1460 5604 1605 5673 Quomodo
1613 5606 1703 5676 igitur
1713 5607 1769 5661 hoc
