3818 6120
129 253 185 315 029
512 255 702 314 monam
719 258 768 317 EX
785 260 927 319 SEVERO
945 259 1115 318 afflicto
1130 259 1175 317 ar
1194 257 1382 316 cassano.
1715 252 1770 312 880

128 396 150 436 a
159 379 241 436 nobis
252 380 648 455 quoqueobservarisimiliter
656 388 803 457 oportere:
818 387 962 460 quinIsiA
1002 386 1042 442 Ac
1055 385 1170 443 domm
1182 385 1298 440 docetur
1306 381 1438 455 primitus
1448 379 1630 438 suaevinoere
1640 379 1771 436 volunta·

130 470 209 525 velut
218 469 280 542 lege
290 471 411 543 quadam
422 471 529 527 solvere
540 472 600 527 haec
609 472 820 544 pietatisofficia
828 476 929 533 saltem
970 479 1060 543 tes,et
1068 474 1151 530 eailli
1160 473 1261 547 sepius
1269 473 1409 544 imperare
1419 470 1544 538 student,
1552 485 1614 540 quae
1628 469 1771 525 senserint

129 558 245 615 statutis
259 559 433 632 temporibus
446 560 604 632 adigamur,
617 566 709 618 totum
731 564 788 620 diei
807 566 931 637 spatium
971 562 1066 618 animo
1081 565 1143 635 ejus
1156 578 1217 618 esse
1231 560 1372 617 contraria
1388 561 1479 627 libid..
1493 556 1771 627 c.8).Pronuntiant

129 646 271 705 oblivione
284 654 334 703 aut
350 649 458 704 desidia
471 650 602 705 velvenis
617 652 845 724 occupationibus
855 655 932 710 invo-
972 652 1216 708 enimnullalenus
1230 666 1312 722 posse
1321 649 1489 704 monachum
1499 645 1769 719 praevalerevclirae,

129 736 195 805 luti,
210 735 316 808 absque
331 736 465 793 orationis
479 738 705 810 interpellatione
720 758 928 799 consumamus.
971 742 1014 796 vel
1033 740 1164 808 tristitia,
1176 740 1222 796 vel
1234 738 1346 811 spiritui
1355 735 1558 803 fornicationis,
1574 735 1630 790 nisi
1639 735 1717 806 prius
1727 734 1769 789 di·

431 827 547 882 cnPuT
561 829 635 883 XXI.
971 829 1072 886 dicerit
1087 830 1256 885 mortificare
1270 844 1321 899 per
1338 825 1527 882 obedientiam
1550 842 1616 879 suaa
1638 824 1768 879 volunta-

130 913 930 987 Gamqncntcdiscretioncctcaulelcsuscipiantorinmc·
971 923 1032 987 tea;
1048 919 1097 974 scd
1108 935 1159 974 nec
1168 917 1357 974 humilitatem
1371 915 1485 986 quidem
1500 913 1591 968 cordis
1600 929 1704 978 veram,
1716 929 1768 968 nec

290 1008 411 1060 nectario
427 1005 658 1061 abrenuntiantes
671 1010 778 1063 seculo.
971 1025 1035 1066 cum
1048 1007 1183 1063 fiatribus
1195 1006 1372 1062 concordiam
1396 1005 1508 1059 firmam
1531 1019 1612 1074 posse
1634 1001 1767 1070 retinere,

167 1092 240 1147 Cum
253 1093 341 1164 igitur
354 1093 416 1164 quis
430 1094 643 1150 renuntiaturus
657 1096 751 1151 saculi
764 1097 894 1168 negotiis,
901 1097 931 1153 in
970 1114 1022 1154 aec
1035 1098 1072 1170 in,
1085 1095 1256 1153 monasterio
1278 1095 1385 1151 diutius
1403 1107 1569 1166 permanere
1582 1106 1647 1146 eum
1661 1089 1709 1162 qui
1720 1107 1766 1147 vo·

130 1181 336 1236 monasterium
346 1198 376 1236 se
387 1182 490 1253 suscipi
500 1183 640 1254 rogaverit
660 1186 755 1253 (Ocra,
764 1188 782 1239 l.
791 1199 818 1240 1v
825 1188 929 1254 instit,
971 1169 1094 1243 luntetes
1108 1202 1174 1242 suas
1185 1201 1243 1240 non
1257 1183 1387 1239 didicerit
1401 1196 1545 1253 superare.

131 1285 155 1323 c.
172 1267 211 1337 3),
222 1274 348 1324 nonanta
359 1271 520 1325 admittitur
529 1272 722 1342 quamdiebus
734 1273 830 1328 decern
840 1275 883 1330 vel
897 1291 930 1330 eo
1258 1273 1374 1329 CAPUT
1389 1271 1480 1329 XXII.

131 1357 256 1428 amplius
277 1374 328 1429 pro
352 1358 459 1413 foribus
486 1360 650 1416 monasterii
685 1361 832 1430 excubans,
859 1362 931 1417 indI·
972 1365 1048 1434 Ouod
1064 1367 1160 1420 nullas
1182 1366 1212 1418 ia
1230 1363 1397 1418 rnoncrtcrio
1411 1363 1471 1416 ciac
1487 1360 1612 1430 jussione
1628 1358 1771 1413 staurano

131 1445 207 1500 cium
219 1448 433 1517 perseverantia
448 1465 515 1515 suae,
533 1442 640 1521 pariter
653 1450 821 1506 humilitatis
838 1467 871 1506 ac
883 1469 931 1524 pa·
1184 1467 1264 1521 opere
1276 1451 1387 1521 aliquid
1393 1453 1553 1519 prasumat.

130 1534 240 1590 tientiae
264 1536 505 1592 demonstraverit.
532 1538 659 1610 Cumque
673 1539 799 1621 omnium
811 1540 930 1596 fratrum
1006 1544 1075 1598 Post
1088 1542 1154 1597 haec
1167 1546 1248 1596 muta
1261 1539 1438 1596 observantia
1451 1536 1526 1609 apud
1541 1552 1589 1591 eos
1602 1533 1767 1591 obedientia

130 1624 363 1695 praetereuntium
377 1624 495 1696 genibus
509 1627 681 1698 provolutus,
700 1634 729 1683 et
742 1627 777 1682 ab
793 1628 931 1684 universis
972 1633 1071 1704 regula
1083 1630 1240 1687 custoditur
1267 1629 1359 1697 (Casa,
1378 1631 1397 1682 l.
1414 1642 1441 1682 1v
1454 1628 1558 1691 lustin,
1574 1642 1597 1679 c.
1616 1621 1670 1693 10),
1685 1623 1769 1693 utju·

129 1711 271 1767 refutatus
284 1718 369 1785 atque
384 1713 531 1787 despectus
543 1715 589 1782 sit,
608 1716 689 1787 quasi
708 1716 756 1788 qui
774 1734 830 1772 non
845 1690 959 1772 causaB
970 1721 1064 1776 niores
1073 1716 1376 1791 absquepraepositisui
1386 1715 1505 1771 scientia
1516 1715 1559 1769 vel
1566 1712 1706 1785 permissu
1716 1726 1769 1766 nec

128 1800 284 1871 religionis,
307 1802 356 1857 scd
380 1803 554 1859 necessitatis
582 1803 698 1861 obtentu
724 1807 928 1862 monasterIum
970 1810 1086 1882 adipsas
1095 1809 1210 1881 quidem
1219 1807 1362 1862 naturales
1372 1801 1767 1875 necessitatesprogredipra·

126 1894 208 1961 optet
222 1889 338 1958 intrare,
356 1891 467 1962 injuriis
481 1909 591 1964 quoque
601 1892 698 1950 multis
707 1894 832 1962 allectus,
845 1911 928 1967 expe·
969 1905 1101 1969 sumant3
1117 1902 1146 1953 et
1155 1897 1194 1952 sic
1202 1896 1334 1951 universa
1340 1899 1488 1967 precepta,
1498 1909 1560 1964 quae
1571 1892 1611 1947 cit
1621 1889 1656 1945 ab
1665 1888 1768 1944 abbate

127 1976 283 2034 rimentum
291 1979 401 2035 dederit
410 1982 573 2036 constantiae
583 1998 640 2037 suae
652 2001 658 2050 ;
675 1986 704 2038 et
713 1983 804 2055 qualis
816 1983 929 2040 futurus
968 1987 1228 2058 fuerintimperata,
1237 1984 1378 2056 complere
1387 1982 1532 2050 festinant,
1545 1986 1681 2051 tanquam
1695 1978 1720 2032 ei
1734 1993 1768 2033 ex

126 2066 163 2121 sit
176 2066 207 2122 iu
221 2068 434 2136 tentationibus,
450 2069 590 2142 opprobrii
605 2071 757 2127 tolerantia
772 2071 926 2128 declarave·
970 2078 1027 2133 Deo
1040 2077 1098 2132 sint
1109 2075 1217 2130 coelitus
1233 2073 1318 2141 edita,
1327 2077 1360 2127 ut
1373 2071 1523 2143 aliquando
1538 2070 1623 2124 etiam
1635 2067 1766 2139 impossi-

126 2155 180 2225 rit,
195 2162 281 2228 atque
295 2157 337 2213 ita
344 2159 524 2230 postmodum
533 2166 690 2232 susceptus,
702 2160 929 2232 diligentissum-
968 2165 1037 2221 billa
1050 2164 1164 2221 sibimet
1183 2164 1331 2235 imperata,
1348 2178 1382 2217 ea
1394 2160 1450 2216 lide
1463 2176 1496 2216 ac
1509 2159 1656 2215 devotione
1676 2155 1766 2212 susci·
1845 2210 1847 2214 Α

128 2261 176 2299 ma
189 2246 364 2318 perquiritur
377 2264 413 2302 ne
427 2248 462 2302 de
476 2248 655 2305 facultatibus
661 2232 727 2305 'suis
739 2250 885 2307 inheserit
902 2251 929 2306 ei
968 2256 1057 2328 piant,
1074 2260 1107 2311 ut
1118 2258 1179 2310 tota
1200 2252 1302 2308 virtute
1322 2251 1457 2324 perficere
1472 2265 1507 2305 ea
1525 2252 1554 2304 et
1570 2260 1766 2304 consummare

127 2334 171 2388 vel
181 2335 266 2391 unius
276 2336 385 2393 nummi
393 2337 532 2408 contagio.
546 2337 640 2393 Scient
648 2339 797 2395 enimcum
807 2338 859 2395 sub
867 2356 928 2395 mo·
968 2345 1106 2400 nitantur.

128 2424 247 2479 nasterii
254 2424 401 2497 disciplina
409 2426 576 2481 diuturnum
587 2443 648 2482 esse
663 2429 929 2500 nonposse,sednec
1004 2434 1103 2506 ltaque
1116 2431 1293 2488 considentes
1306 2430 1382 2485 intra
1393 2428 1496 2484 cubilia
1516 2444 1577 2494 sua,
1593 2431 1622 2482 et
1637 2425 1716 2498 operi
1733 2441 1767 2481 ac

129 2511 320 2568 humilitatem
330 2519 380 2569 aut
390 2514 578 2570 obedientiam
588 2514 724 2584 obtinere,
736 2517 761 2572 si
774 2516 804 2573 in
813 2534 929 2590 conspe·
969 2520 1147 2578 meditationi
1168 2519 1294 2576 studium
1316 2517 1423 2591 pariter
1444 2516 1638 2589 impendentes
1657 2514 1766 2583 tlon..

128 2607 177 2659 ctu
193 2603 255 2672 ejus
268 2603 546 2676 quantulumcunque
559 2605 684 2675 pecunie
695 2605 857 2661 latitaverit.
969 2628 993 2666 c.
1011 2608 1066 2682 12),
1079 2626 1145 2665 cum
1158 2609 1271 2680 signum
1286 2607 1401 2679 aliquod
1410 2606 1553 2663 audierint
1565 2605 1601 2660 ad
1611 2603 1768 2660 orationem

165 2691 354 2756 Quamobrem
368 2692 409 2748 ita
423 2693 548 2748 nudatur
559 2694 761 2765 unusquisque,
777 2711 842 2751 cum
854 2711 930 2751 racc·
970 2716 1019 2755 eoa
1031 2715 1083 2755 seu
1096 2699 1133 2755 ad
1142 2715 1212 2770 opus
1221 2697 1472 2770 aliquodInvitans,
1486 2694 1616 2751 certatim
1626 2691 1767 2749 decubili·

129 2786 198 2853 ptus
210 2779 304 2848 fuerit,
327 2781 403 2836 omni
426 2781 546 2853 pristiua
567 2781 709 2850 facultate,
727 2788 760 2839 ut
778 2800 813 2839 ue
836 2784 928 2856 ipsum
970 2788 1023 2844 bus
1035 2788 1094 2844 suis
1109 2787 1302 2859 unusquisque
1316 2784 1483 2858 prorumpit,
1496 2780 1690 2853 itautillequi
1700 2779 1767 2836 scri·

130 2869 247 2941 quidem
258 2870 455 2926 vestimentum
466 2871 692 2942 quoIndutuaest
700 2871 804 2928 habere
813 2874 930 2945 permit·
969 2883 1067 2950 pturns
1081 2882 1200 2943 exercet,
1216 2890 1280 2930 cum
1293 2879 1422 2946 repertus
1436 2873 1520 2931 fuerit
1532 2871 1679 2927 inchoasse
1692 2870 1766 2926 litte·

130 2963 209 3014 tatur
223 2958 342 3014 ulterius
353 2961 445 3030 (loia,
458 2976 481 3014 c.
497 2963 534 3028 v);
550 2961 600 3016 sed
612 2960 642 3015 in
654 2966 793 3017 conventu
806 2961 928 3018 fratrvm
969 2983 1041 3035 rem,
1063 2965 1145 3021 fiune
1166 2981 1223 3021 non
1236 2963 1351 3031 audeat,
1368 2963 1418 3018 sed
1437 2962 1467 3017 in
1481 2961 1579 3017 codem
1593 2965 1698 3032 puncto
1711 2976 1767 3031 quo

130 3047 286 3120 productus
299 3048 328 3102 in
343 3048 477 3115 medium,
493 3048 605 3104 exuitur
615 3049 736 3121 propriis
744 3051 926 3120 Indumentis,
969 3055 1006 3111 ad
1020 3059 1208 3122 moaures
1219 3054 1281 3125 ejus
1291 3052 1400 3107 sonitus
1409 3050 1548 3123 pulsantis
1562 3049 1635 3120 signi
1649 3048 1767 3103 advena·

131 3153 164 3191 ac
174 3153 225 3208 per
238 3153 339 3193 manus
353 3136 463 3193 abbatis
472 3137 600 3193 induitur
606 3139 771 3195 monasterii
780 3141 929 3196 vestImen·
970 3144 1017 3213 rit,
1033 3160 1146 3200 summa
1155 3142 1302 3198 velocitate
1317 3140 1474 3212 prosiliens,
1484 3156 1520 3194 ne
1530 3142 1642 3194 tantum
1653 3136 1767 3208 quidem

130 3227 177 3294 tis,
195 3234 228 3281 ut
241 3227 354 3298 perhoc
366 3243 423 3282 nou
443 3227 533 3282 solum
554 3243 584 3282 se
603 3228 741 3284 universIs
764 3228 849 3284 rebus
871 3230 930 3286 suis
970 3249 1056 3289 morae
1070 3233 1096 3288 ei
1110 3233 1280 3304 interponat,
1296 3226 1625 3302 quantumcoeptiapicis
1639 3241 1768 3282 consum·

131 3315 370 3388 antiquisnoverit
378 3316 540 3389 spoliatum,
552 3315 601 3372 sed
612 3317 782 3372 etiamomni
791 3319 930 3374 mundiali
970 3326 1030 3377 met
1043 3320 1174 3392 effigiem.

131 3389 206 3461 fastu
214 3405 352 3477 deposito,
361 3405 508 3460 adChristi
517 3409 713 3480 paupertatem
723 3412 752 3461 et
760 3407 885 3480 inopiam
900 3424 930 3480 se
1005 3410 1086 3467 Illam
1097 3426 1165 3465 sane
1175 3409 1308 3465 virtutem
1318 3409 1393 3464 inter
1402 3411 1517 3464 crateras
1526 3404 1717 3462 institutiones
1723 3417 1769 3457 eo·

133 3494 310 3549 descendisse
322 3498 481 3565 cognoscat·
971 3516 1034 3555 rum
1045 3516 1177 3572 magnam
1190 3515 1251 3555 csse
1259 3497 1440 3570 cognovimus
1460 3498 1557 3564 (dass,
1569 3497 1617 3551 lib.
1629 3509 1666 3561 rv,
1675 3511 1698 3548 c.
1713 3489 1765 3559 13),

168 3583 296 3639 lllavevo
306 3600 368 3655 quae
380 3582 475 3655 posuit
485 3582 653 3640 vestimenta
667 3584 758 3654 (loia,
775 3602 799 3643 c.
814 3583 853 3656 6),
869 3590 931 3642 tan·
973 3588 1048 3662 quod
1057 3588 1127 3644 nulli
1139 3589 1283 3656 fiscellam,
1293 3588 1364 3643 nulli
1378 3587 1548 3660 peculiarem
1567 3588 1702 3657 sportam,
1717 3597 1769 3634 noc

133 3671 180 3727 din
197 3676 376 3728 reservantur
390 3672 420 3728 in
436 3672 617 3741 monasterio,
637 3673 725 3729 donec
740 3675 881 3747 profectus
905 3681 934 3733 et
972 3678 1080 3750 aliquid
1088 3678 1165 3733 aliud
1173 3677 1253 3749 quasi
1264 3677 1409 3750 propalam
1418 3671 1710 3749 possidereliceatsed
1718 3686 1770 3725 nac

134 3761 353 3818 conversationIs
366 3763 427 3834 ejus
440 3778 473 3818 ac
481 3762 639 3818 tolerantia
647 3762 781 3819 unumne
791 3763 934 3821 evidenter
973 3766 1057 3823 verbo
1071 3767 1185 3841 quidem
1199 3768 1303 3823 audeat
1316 3766 1379 3839 quis
1388 3767 1481 3823 dicere
1492 3763 1597 3837 aliquid
1607 3776 1767 3819 essesuum.

133 3855 298 3924 agnoscant.
315 3851 383 3907 Etsi
396 3867 477 3924 posse
485 3868 550 3907 eum
564 3850 603 3907 ibi
614 3852 769 3924 perdurare
785 3869 932 3927 perspexe-
1255 3856 1372 3913 CAPUT
1383 3856 1484 3912 XXIII.

132 3941 201 4009 rint,
209 3945 277 3996 tunc
284 3940 475 4013 Indigentibus
483 3940 754 3998 eademvestimenta
761 3942 930 4014 largiuntur;
1002 3950 1040 4004 Ile
1053 3948 1143 4003 tribus
1155 3949 1253 4016 pronis
1267 3948 1404 4002 lenticula
1418 3947 1587 4015 ncqiipcntcr
1599 3943 1732 3998 dimissis.

131 4029 177 4087 sin
185 4046 252 4086 vero
258 4029 289 4085 in
299 4030 506 4102 quadamillum
512 4030 737 4088 murmuratione
751 4030 792 4086 vel
807 4031 933 4104 qualibet
1007 4036 1098 4108 Igitur
1111 4035 1141 4090 in
1160 4035 1319 4106 septimana
1331 4033 1479 4105 cujusdam
1493 4032 1600 4103 fretra,
1615 4030 1664 4102 qui
1678 4028 1771 4085 officio

129 4117 316 4176 inobedienta
334 4119 579 4191 deprehenderint,
603 4124 737 4176 exuentes
757 4136 823 4177 eum
836 4138 932 4178 mona·
972 4124 1099 4197 coquinea
1122 4123 1297 4180 deserviebat
1315 4123 1410 4192 (cass,
1437 4117 1769 4187 vat.1v1rora.,c.‘.²0)‚
1837 4173 1839 4176 ,

130 4207 225 4276 nterii,
233 4206 333 4279 quibus
340 4208 530 4276 Indutuserat,
537 4209 721 4278 vestienentis,
733 4215 762 4265 et
769 4209 933 4266 revestitum
973 4230 1038 4271 curn
1047 4213 1214 4286 praeteriens
1225 4211 1393 4285 prepositus
1407 4208 1581 4275 monasterii,
1603 4207 1660 4262 tria
1681 4221 1771 4277 grana

128 4295 271 4369 antiquis,
282 4314 343 4370 quae
353 4302 464 4354 servata
476 4296 597 4368 fuerant,
611 4298 756 4372 depellunt
770 4298 805 4354 de
819 4314 933 4372 congre·
972 4302 1112 4358 lenticula
1120 4303 1214 4373 jacere
1227 4300 1342 4356 vidisset
1360 4300 1391 4354 in
1404 4305 1490 4366 terra,
1513 4313 1575 4370 que
1591 4294 1672 4352 fratri
1693 4292 1771 4349 festi·

129 4386 262 4460 geticae·
942 4367 1055 4450 Dnanti
1079 4390 1116 4446 ad
1133 4389 1287 4446 coctionem
1306 4387 1531 4461 praeparandam,
1555 4385 1631 4441 inter
1658 4398 1770 4450 manus,

171 4477 245 4533 Cum
254 4475 343 4548 igitur
352 4476 415 4549 quis
426 4482 582 4551 susceptus,
605 4481 633 4533 et
652 4477 706 4534 hac
726 4477 935 4551 perseverantia
976 4480 1087 4554 quando
1102 4496 1176 4553 aqua
1193 4478 1349 4547 lavabatur,
1374 4477 1469 4550 elapsa
1488 4477 1609 4544 fuerant,
1625 4472 1771 4530 confestim

133 4568 205 4640 (qua
219 4565 349 4635 diurnus)
363 4567 448 4623 fuerit
458 4566 664 4640 comprobatus,
678 4584 711 4623 ac
725 4567 859 4641 depositis
872 4583 935 4640 pro·
975 4587 1061 4645 super
1071 4570 1125 4626 hoc
1133 4568 1263 4625 abbatem
1276 4567 1424 4624 consuluit.
1435 4568 1515 4623 Tunc
1526 4566 1614 4620 frater
1626 4563 1685 4631 illc,
1695 4561 1773 4617 velut

131 4655 206 4728 priis
220 4655 403 4728 indumentis,
420 4656 519 4713 babitu
531 4656 723 4713 monasteriali
738 4657 824 4713 fuerit
842 4656 935 4714 aeun-
976 4661 1145 4718 interversor
1157 4665 1186 4716 et
1205 4659 1349 4730 neglector
1366 4656 1438 4714 sacri
1455 4654 1558 4728 peculii
1566 4653 1720 4726 judicatus,
1736 4649 1772 4706 ab

132 4752 200 4801 ctus
214 4745 307 4816 (ibid,
322 4763 346 4800 c.
360 4744 397 4818 7),
414 4763 471 4803 non
483 4747 579 4803 statim
592 4747 803 4820 congregationi
815 4747 935 4805 fratrum
976 4751 1103 4809 oratione
1118 4743 1708 4822 suspensusest:cujusnegligentiareatua
1714 4755 1772 4796 non

130 4834 311 4891 commisceri
319 4835 503 4909 permititur,
510 4836 559 4892 sed
567 4837 719 4910 deputatur
728 4837 811 4895 alicui
821 4838 933 4907 seniori,
976 4841 1058 4898 aliter
1075 4840 1101 4896 ei
1123 4839 1257 4896 remissus
1272 4843 1324 4905 est,
1339 4835 1394 4892 nisi
1406 4851 1472 4891 cum
1483 4833 1596 4907 publica
1608 4829 1774 4907 penitentia

134 4923 187 4998 qui
200 4941 329 4980 seorsum
341 4942 399 4981 non
413 4926 496 4998 longe
509 4943 527 4982 a
540 4926 675 4984 vestibulo
690 4928 853 4984 monasterii
863 4944 937 4984 com·
976 4931 1113 4988 diluisset.

133 5013 936 5090 manens,habetcuramperegrinorumatqueadvcnieu-
1247 5015 1363 5074 CAPUT
1374 5013 1497 5072 XXXIV.

129 5103 209 5159 tium
220 5102 394 5175 deputatam,
411 5105 507 5178 eisque
519 5122 631 5162 ornnem
646 5107 823 5180 diligentiam
844 5123 937 5164 susce·
975 5111 1013 5167 lle
1027 5110 1132 5165 duobus
1146 5107 1298 5174 monacbis,
1315 5109 1348 5161 in
1362 5120 1483 5175 quorum
1496 5105 1652 5175 septimana
1662 5104 1773 5173 lignum

133 5192 936 5271 ptionisethumanitatisimpendit.t2umqueibidemcum
1319 5196 1426 5264 defecit.

132 5281 199 5354 ipso
213 5282 324 5354 integro
337 5301 411 5341 anno
433 5286 600 5356 deserviens,
618 5286 724 5360 absque
748 5287 807 5343 ulla
822 5287 938 5360 querela
1011 5287 1083 5345 Novi
1102 5287 1171 5343 alios
1194 5285 1396 5358 fratresldars,
1409 5286 1456 5342 lib,
1483 5298 1510 5341 tv
1536 5285 1640 5351 Instit,
1663 5280 1719 5351 21),
1743 5279 1773 5335 in

135 5388 222 5428 auum
237 5373 311 5429 clrca
320 5376 485 5448 peregrinos
493 5376 938 5446 exhibueritfamulatum,doctus
979 5395 1099 5453 quorum
1122 5376 1279 5450 septimana
1290 5391 1355 5433 cum
1377 5374 1524 5432 accidisset
1537 5378 1617 5430 tanta
1631 5373 1773 5442 lignorum

135 5478 189 5534 per
198 5462 259 5519 haec
271 5464 365 5536 prima
376 5465 554 5522 Institutione
574 5467 751 5538 humilitatis,
766 5467 938 5528 admiscetur
978 5467 1105 5540 penuria,
1116 5471 1148 5523 ut
1153 5483 1208 5523 non
1219 5471 1294 5523 esset
1299 5465 1411 5540 penitus
1416 5465 1492 5523 unde
1497 5464 1574 5521 soliti
1582 5455 1774 5519 cibifratribus

138 5553 264 5624 pastum
278 5555 489 5629 congregationi
501 5556 631 5615 frenum.
978 5561 1156 5631 pararentur,
1181 5562 1211 5616 et
1232 5556 1322 5616 donec
1342 5557 1598 5631 possantcoempta
1616 5546 1774 5615 deserviat
