3818 6120
138 277 209 338 4201
774 277 946 335 HISTORIA
963 277 1150 335 andelach,
1707 275 1779 335 1202

174 401 851 476 11111151111111·ροε1511115οιιιηάεηορ115ΜΛ
861 402 1095 466 statuAinritarn
1111 410 1230 476 nuptum
1240 405 1353 470 dedere,
1365 419 1428 458 eam
1439 404 1591 474 jungentes
1601 404 1781 459 matrimonio

139 492 275 561 audisset,
291 510 353 547 earn
372 498 400 547 et
418 493 556 564 nupsisse,
578 499 607 547 et
626 491 697 547 velle
717 493 817 549 seculo
839 509 940 549 renun·
981 493 1040 548 vire
1055 494 1132 548 urbis
1146 493 1241 547 Roma
1255 492 1400 563 primarie.
1417 490 1480 546 llaec
1504 507 1615 563 semper
1637 491 1782 548 stimulata

140 583 227 650 tiure;
242 583 332 637 scrita
345 599 380 637 ne
394 584 466 637 sorte
481 583 510 637 in
524 582 648 652 aliquam
661 583 765 637 malam
777 582 941 655 abripercn-
982 583 1049 638 atriae
1060 582 1340 641 snaenarratienibus.
1351 587 1462 636 tantum
1471 580 1525 636 suit
1535 582 1669 648 sauciata,
1679 587 1710 636 ut
1719 599 1781 636 ma·

139 677 188 727 tur
202 672 368 737 doctrinam,
384 672 427 726 rel
439 672 630 738 haeresim,rel
644 674 748 727 malam
761 672 856 736 vitam,
870 689 940 727 anus
981 671 1116 726 trimonio
1131 688 1187 725 non
1203 676 1298 742 posset
1312 671 1455 725 inservire.
1474 672 1544 725 Cum
1558 676 1653 725 autem
1674 671 1699 726 ei
1720 672 1781 726 nati

141 761 285 832 sexaginta
306 777 394 815 annes
411 766 478 815 nata
498 777 598 815 navem
613 762 748 828 ascendit,
764 767 793 815 et
814 763 942 816 Cesarea
983 767 1076 815 essent
1095 762 1150 815 duo
1166 760 1215 815 filii
1229 760 1358 825 masculi,
1374 760 1448 831 iique
1463 759 1656 825 decessissent,
1668 765 1781 816 tantum

141 850 277 921 nauigans
291 850 390 920 viginti
402 849 511 905 dierum
526 850 615 922 spatie
626 851 743 905 Romam
753 850 838 904 renit.
852 854 943 921 Atque
984 867 1046 904 earn
1060 851 1142 921 eoepit
1155 849 1249 904 edium
1267 849 1447 914 matrimonii,
1461 854 1492 903 ut
1504 849 1605 903 dixerit
1619 849 1720 904 marite
1729 866 1781 904 sue

142 939 199 993 illie
211 939 325 1010 quidem
337 955 400 993 curn
410 944 494 1005 esset,
502 937 697 993 beatissimum
708 940 799 993 airum
813 939 942 993 inaxirnae
983 938 1101 992 Piniano
1112 937 1181 1007 (181)
1193 939 1351 993 hlioSereri
1360 936 1442 1008 (185),
1453 938 1501 1008 qui
1512 943 1613 991 eratex
1622 937 1778 1008 praefectis:

142 1027 357 1082 existimationis
379 1027 566 1081 clarissimum
582 1027 774 1097 Apronianum
790 1027 877 1098 (119),
894 1027 942 1098 qui
984 1028 1013 1084 Si
1028 1028 1149 1082 volueris
1158 1027 1270 1098 quidem
1281 1044 1390 1080 rneeurn
1400 1025 1682 1080 cohabitareutratie
1694 1028 1782 1081 dictat

143 1120 204 1170 erat
210 1116 481 1186 gentilis,catechesi
491 1115 656 1182 instituit,et
665 1116 856 1170 Christianum
867 1116 940 1183 feeit,
985 1117 1187 1188 temperantiae,
1204 1122 1232 1169 et
1246 1122 1273 1170 te
1286 1116 1433 1169 dominum
1448 1131 1576 1184 agnosce,
1597 1122 1626 1169 et
1646 1117 1781 1186 profiteor

142 1205 338 1276 persuasitque
348 1210 379 1259 ut
388 1203 634 1259 contineretetiam
645 1221 708 1259 curn
719 1221 870 1272 annexere,
883 1208 943 1276 ejus
986 1223 1078 1261 meam
1093 1207 1173 1259 vitam
1183 1222 1244 1258 esse
1254 1205 1337 1258 intua
1345 1209 1497 1275 potestate;
1508 1205 1552 1258 sin
1562 1210 1656 1260 autern
1667 1205 1719 1259 hec
1729 1204 1781 1259 tibi

142 1300 238 1349 autem
250 1293 520 1348 sororisfilia.rtrita
531 1294 654 1347 nomine.
667 1294 738 1348 Cum
752 1300 847 1349 autem
863 1312 944 1349 suam
983 1311 1067 1365 grave
1090 1295 1202 1349 ridetur
1215 1299 1311 1365 utpote
1333 1293 1438 1363 juveni,
1460 1309 1504 1346 res
1522 1309 1619 1347 omnes
1638 1310 1715 1347 meas
1729 1293 1781 1348 tibi

142 1399 253 1455 quoque
264 1382 577 1456 neptemeenfirmasset
585 1382 871 1438 Melaniumunacum
882 1386 942 1454 eJ'us
984 1383 1064 1448 habe,
1082 1388 1110 1437 et
1119 1384 1209 1437 selum
1226 1383 1286 1437 sine
1297 1400 1341 1436 nte
1352 1399 1467 1454 corpere
1479 1399 1539 1436 esse
1549 1381 1675 1448 liberam,
1693 1388 1725 1437 ut
1738 1399 1781 1437 sa·

141 1472 245 1527 marito
259 1471 378 1527 Piniano
393 1470 513 1543 (180111
528 1472 667 1525 catechesi
685 1471 853 1526 instituisset
866 1473 942 1527 Albi·
983 1472 1119 1526 tistuciam
1135 1490 1197 1527 meo
1206 1472 1280 1544 quod
1294 1478 1336 1526 est
1344 1489 1376 1526 er
1383 1471 1595 1537 Deedesiderie‚
1610 1471 1781 1526 saetahaeres

141 1578 209 1618 nam
222 1577 326 1616 nurum
342 1578 432 1628 suam,
449 1577 565 1615 uxerem
586 1567 680 1615 autern
692 1562 735 1617 sui
748 1562 798 1615 srlii
813 1561 896 1634 (181),
912 1569 941 1617 et
981 1563 1042 1632 ejus
1055 1579 1115 1633 quae
1129 1567 1171 1616 est
1185 1579 1217 1615 ex
1234 1563 1291 1616 [leo
1305 1561 1415 1615 virtutis
1430 1576 1499 1614 mea
1509 1561 1587 1626 ariae,
1600 1562 1680 1630 cujus
1696 1561 1783 1615 etiam

141 1651 327 1723 persuasisset
349 1651 394 1705 his
415 1649 544 1705 omnibus
563 1650 683 1704 rendere
708 1667 769 1722 quae
788 1651 937 1719 habebant,
981 1667 1082 1705 nornen
1096 1666 1173 1721 gero.
1191 1651 1219 1705 Si
1235 1651 1309 1704 enim
1322 1651 1405 1704 vellet
1416 1667 1465 1704 nos
1477 1650 1551 1704 Deus
1562 1648 1664 1719 degere
1685 1650 1715 1703 in
1728 1649 1782 1703 hec

142 1743 233 1796 Roma
250 1758 298 1796 ees
312 1740 416 1806 eduxit,
432 1746 461 1795 et
475 1740 510 1794 ad
526 1741 675 1795 honestum
699 1757 731 1794 ac
755 1742 938 1811 tranquillum
949 1725 1093 1805 Bmundo,
1104 1745 1133 1794 et
1144 1740 1199 1794 frui
1210 1739 1293 1793 rebus
1302 1739 1521 1806 inundanis,non
1532 1738 1604 1792 filios
1614 1738 1684 1792 mihi
1696 1744 1777 1792 nates

140 1830 203 1885 vitae
217 1835 328 1901 pertnrn
350 1830 477 1884 deduxit.
495 1830 529 1883 Et
552 1829 592 1883 sic
612 1829 782 1901 depugnavit
806 1831 938 1886 adsersus
978 1827 1720 1900 accepissetimrnaturos.Cumautemlengotempere
1734 1827 1777 1882 in·

140 1918 255 1984 bestias,
269 1935 370 1990 nempe
384 1935 432 1973 ees
451 1919 500 1989 qui
514 1923 597 1972 erant
619 1919 726 1973 ordinis
750 1920 893 1986 senatorii,
910 1927 939 1974 et
978 1924 1023 1973 ter
1032 1935 1061 1971 se
1072 1919 1282 1984 contenderent,
1292 1918 1367 1972 Deus
1376 1922 1473 1988 postea
1481 1917 1780 1971 misertusadolesccn·

141 2024 360 2075 eorumuxeres;
378 2007 557 2079 prohibentes
572 2024 634 2062 eam
648 2009 809 2064 renuntiare
824 2009 938 2080 reliquis
980 2009 1027 2073 tis,
1044 2007 1069 2060 ei
1084 2024 1195 2079 quoque
1205 2009 1294 2061 zelum
1306 2007 1624 2077 irnmisitreligionisut
1635 2006 1696 2076 ipse
1710 2022 1779 2077 quo·

140 2098 198 2152 suis
213 2096 327 2152 aedibus.
340 2097 443 2151 Christi
454 2103 547 2151 autem
560 2096 660 2150 ancilla
677 2097 719 2153 eis
730 2098 853 2153 dicebat:
865 2099 937 2166 Filii,
983 2112 1036 2166 que
1052 2097 1149 2150 mundi
1171 2097 1306 2151 universae
1327 2096 1502 2151 renuntiaret
1516 2101 1634 2149 terrenae
1651 2095 1778 2150 materia

137 2188 292 2259 plusquam
302 2186 518 2258 quadringentis
533 2185 634 2240 abhinc
649 2186 729 2240 annis
738 2187 872 2257 scriptum
884 2193 940 2243 est:
983 2185 1053 2239 adeo
1068 2190 1098 2239 nt
1114 2185 1260 2256 impletum
1274 2185 1359 2240 fuerit
1371 2186 1444 2256 quod
1458 2185 1647 2256 scriptumest
1660 2183 1695 2238 ab
1709 2185 1783 2255 Apo·

139 2276 246 2332 Ultima
258 2276 328 2330 hera
341 2280 384 2329 est
396 2277 422 2343 (Ι
433 2278 513 2329 doen.
531 2275 571 2342 ιι).
589 2275 662 2338 Quid
680 2292 747 2345 erge
768 2276 897 2331 lubentes
911 2294 943 2331 ae
983 2274 1055 2328 stolo
1069 2274 1159 2337 :Quid
1183 2275 1258 2328 enirn
1280 2275 1343 2340 scis,
1361 2274 1471 2340 mulier,
1492 2290 1529 2328 an
1549 2273 1641 2327 rirum
1659 2272 1783 2328 servabis

139 2365 265 2420 uolentes
280 2364 470 2418 immoramini
483 2364 513 2418 in
526 2363 650 2418 vanitate
665 2364 749 2419 rita?
764 2381 799 2419 ne
813 2366 884 2419 ferte
899 2384 942 2420 re-
985 2363 1011 2430 (I
1017 2363 1076 2417 Ger.
1088 2362 1155 2432 unt?
1170 2363 1239 2416 Cum
1248 2380 1314 2432 erge
1326 2362 1531 2433 nupsissetriro
1545 2362 1680 2416 tredecim
1693 2377 1782 2416 annos

139 2454 221 2509 nient
234 2453 294 2508 dies
305 2453 481 2520 Antichristi‚
508 2459 536 2507 et
555 2469 610 2506 non
632 2453 745 2524 possitis
769 2453 824 2507 frui
843 2455 943 2509 restris
985 2458 1059 2513 nata,
1077 2456 1185 2522 septem
1199 2467 1265 2504 rere
1289 2467 1352 2505 cum
1376 2466 1409 2503 eo
1436 2449 1556 2515 vixisset,
1573 2449 1708 2519 vigesimo
1723 2466 1782 2504 sua

139 2542 286 2615 opibus,et
299 2541 382 2596 rebus
397 2542 537 2612 majorum
552 2542 864 2613 vestrorumlCnmquc
880 2559 941 2598 onr-
984 2541 1075 2594 aetatis
1089 2556 1162 2593 anno
1177 2539 1282 2593 munde
1297 2538 1440 2593 renuntiat
1453 2556 1459 2605 ;
1481 2544 1510 2592 et
1528 2538 1653 2609 primurn
1668 2538 1782 2610 quidem

141 2648 192 2686 nes
202 2631 245 2686 his
256 2629 347 2684 verbis
355 2629 502 2685 liberasset
518 2629 598 2699 (182),
610 2631 645 2684 ad
657 2631 840 2685 monasticam
856 2633 942 2687 ritarn
983 2629 1078 2684 omnia
1092 2646 1143 2683 sua
1157 2630 1246 2683 serica
1270 2627 1512 2698 superhumeralia
1525 2624 1597 2697 (186)
1617 2633 1783 2699 tegumenta

140 2718 942 2790 traduxit,etsrliumiuniereanublicolamcuminstruxis-
983 2719 1060 2772 dedit
1073 2716 1208 2786 alteribus
1218 2717 1304 2787 (quod
1314 2720 1342 2770 et
1357 2715 1515 2770 veneranda
1533 2715 1598 2770 tecit
1613 2717 1782 2789 Olympias),

141 2815 194 2876 set,
210 2809 290 2863 duxit
302 2809 332 2863 in
348 2809 471 2864 Siciliam
481 2809 623 2880 [cumque
642 2809 750 2880 reliqua
772 2810 867 2863 emnia
889 2827 941 2865 sua
982 2807 1091 2878 reliqua
1108 2811 1202 2860 autent
1222 2807 1310 2860 serica
1327 2804 1492 2860 indumenta
1507 2820 1570 2860 cum
1590 2806 1780 2875 conscidisset,

139 2897 352 2963 uendidisset,et
360 2898 482 2968 pretium
493 2897 738 2968 accepisset,duxit
747 2899 762 2952 J
765 2899 937 2970 erosolyma:
982 2895 1121 2949 diversam
1135 2895 1337 2966 supellectilem
1352 2894 1416 2947 fecit
1429 2893 1654 2948 ecclesiasticam.
1672 2896 1782 2966 Argen·

140 2992 246 3042 etcum
265 2985 410 3041 facultates
426 2985 574 3050 divisisset,
589 2986 665 3040 intra
679 2987 868 3056 quadraginta
881 2988 940 3042 dics
981 2992 1040 3038 turn
1057 2990 1151 3039 autern
1166 2990 1194 3038 et
1208 3000 1309 3039 aurnrn
1321 2999 1384 3037 cum
1399 2981 1562 3035 credidisset
1569 2983 1681 3037 cuidam
1692 2984 1780 3038 Paulo

139 3074 254 3131 dormiit
268 3073 298 3129 in
312 3073 386 3128 bona
395 3079 538 3129 senectute
547 3079 576 3128 et
585 3091 696 3128 sumina
712 3068 938 3142 mansuetudine,
951 3073 1143 3146 fipresbytoro
1161 3073 1236 3143 (187)
1261 3071 1397 3151 monacho
1418 3071 1565 3136 Dalmatae,
1588 3071 1617 3124 id
1635 3087 1686 3142 per
1701 3088 1780 3127 mare

139 3170 169 3220 et
182 3163 341 3218 veneranda
355 3163 492 3218 memoria
506 3163 693 3234 eleemosynis
709 3164 878 3230 redundans
896 3182 940 3220 re·
983 3164 1100 3218 misitad
1109 3161 1479 3232 Orientem;atqueAEgypte
1488 3160 1602 3231 quidem
1612 3159 1781 3216 etThebaidi

138 3254 205 3309 lietu
231 3252 316 3308 etiarn
334 3251 506 3306 monasterio
535 3252 716 3325 Jeroselymis
736 3258 765 3307 et
783 3253 941 3324 sumptibus
982 3251 1074 3305 decies
1087 3251 1163 3305 mille
1178 3251 1291 3314 solides,
1309 3248 1463 3304 Antiochia
1478 3254 1572 3302 autern
1596 3253 1627 3304 et
1642 3249 1781 3320 qusque

140 3341 314 3398 monasterii.
982 3341 1055 3395 circa
1067 3340 1158 3412 ipsam
1179 3349 1245 3394 sunt
1261 3336 1423 3408 regionibus
1446 3337 1549 3391 solidos
1568 3337 1660 3391 decies
1685 3337 1778 3405 mille;

175 3432 330 3502 Postquam
356 3436 452 3486 autem
471 3430 500 3484 hi
525 3447 622 3485 omnes
637 3431 726 3485 Roma
742 3430 942 3486 abscessissent
983 3429 1137 3483 Palaestinae
1147 3428 1249 3482 solidos
1260 3425 1422 3497 quindecies
1433 3425 1507 3479 mille
1517 3425 1670 3481 distribuit.
1687 3425 1781 3480 Eccle-

139 3520 188 3591 qui
202 3519 339 3576 catechesi
354 3519 476 3574 instituti
487 3519 599 3573 inerant
613 3536 630 3574 a
643 3519 726 3574 beata
736 3521 865 3585 Melania,
877 3521 939 3575 bar·
983 3518 1031 3572 siis
1045 3523 1139 3572 autem
1150 3533 1210 3587 quae
1225 3515 1328 3569 suntin
1339 3515 1498 3580 Occidente,
1507 3521 1536 3568 et
1549 3515 1738 3584 monasteriis,
1751 3521 1780 3569 et

138 3609 235 3665 barica
253 3610 380 3681 quaedarn
407 3609 537 3680 procella,
562 3625 623 3679 quae
643 3609 728 3663 etiam
748 3610 777 3662 in
795 3609 939 3680 prophetis
980 3606 1166 3670 xenodochiis,
1182 3611 1210 3658 et
1225 3602 1509 3674 omnibusegentibus
1519 3620 1569 3674 per
1578 3603 1699 3674 seipsam
1711 3620 1780 3675 sup·

135 3698 198 3768 jam
207 3696 273 3752 elim
282 3696 372 3768 posita
382 3696 515 3762 iuerat,in
527 3697 644 3751 Romam
652 3697 776 3763 irruit,et
786 3715 837 3752 nec
847 3715 939 3753 aeneas
979 3695 1123 3767 pedituvit,
1132 3699 1160 3747 et
1169 3693 1329 3764 suppeditat
1342 3693 1387 3746 his
1398 3693 1650 3763 quadrupleplura,
1662 3699 1694 3748 ut
1704 3693 1779 3747 Deus

137 3786 252 3859 quidem
262 3790 370 3840 statuas
380 3785 494 3856 reliquit
506 3785 535 3838 in
548 3785 616 3850 fere,
626 3786 675 3840 sed
685 3773 780 3840 emnia
792 3785 940 3842 barbarica
980 3783 1057 3838 norit
1071 3801 1102 3837 er
1118 3799 1165 3836 ere
1179 3781 1267 3836 leonis
1289 3780 1363 3850 (188)
1385 3781 1488 3835 Alarici
1510 3781 1633 3852 eripiens
1653 3782 1707 3836 fide
1727 3798 1779 3836 sua

138 3874 273 3947 diripiens
286 3873 445 3939 insolentia,
463 3873 603 3945 eorrupit3
620 3875 690 3929 adeo
716 3879 748 3929 ut
771 3875 939 3946 Romaque
981 3875 1022 3941 (H
1039 3874 1205 3938 Timentes,
1224 3869 1278 3941 17).
1293 3869 1435 3925 Liberavit
1454 3875 1549 3925 autem
1571 3886 1715 3926 serverum
1729 3871 1778 3941 qui

138 3963 249 4017 milleet
259 3962 939 4034 ducentisannispulcherrimatueratetsrequen·
979 3962 1126 4016 voluerunt
1140 3965 1202 4014 octo
1217 3960 1323 4026 rnillia;
1341 3960 1442 4031 reliqui
1457 3961 1531 4014 enirn
1547 3960 1707 4026 noluerunt,
1727 3959 1777 4016 sed

137 4052 256 4116 tissima,
273 4036 443 4117 dirueretur,
459 4052 596 4122 fieretque
615 4052 735 4116 deserta,
753 4057 782 4105 et
796 4058 828 4106 ut
838 4053 878 4106 ait
893 4053 937 4108 Si·
978 4051 1140 4103 maluerunt
1153 4066 1267 4103 manere
1279 4066 1343 4102 curn
1353 4049 1439 4102 fratre
1449 4047 1524 4120 (189)
1536 4051 1607 4119 ejus.
1619 4049 1778 4104 Omnesau·

134 4139 219 4211 bylla,
244 4141 318 4211 ῥύμη,
340 4141 393 4195 hec
414 4141 561 4206 astricus,
588 4157 644 4194 nou
669 4141 767 4194 [terna.
790 4140 868 4194 Tunc
889 4142 937 4212 qui
978 4143 1035 4192 tem
1046 4137 1236 4208 possessiones
1249 4154 1318 4208 quas
1328 4137 1427 4191 habuit
1439 4137 1468 4190 in
1481 4137 1632 4207 Hispaniis,
1644 4138 1673 4190 in
1686 4137 1776 4209 Aqui-

136 4229 274 4284 catechesi
289 4228 402 4284 fuerant
415 4229 548 4294 instituti,
568 4230 633 4283 etei
655 4229 771 4283 minime
785 4230 935 4297 adversati,
978 4227 1065 4294 lania,
1081 4227 1109 4281 in
1124 4226 1325 4281 Tarraconensi
1341 4225 1522 4291 etGalliis,ct
1536 4225 1565 4279 in
1578 4225 1640 4279 aliis
1653 4224 1775 4280 eivitati-

136 4318 225 4373 Deum
235 4318 420 4373 laudaverunt
429 4319 478 4390 qui
491 4336 584 4374 rerum
592 4318 746 4373 mutatione
752 4320 937 4390 persuasisset
979 4316 1106 4383 bus,cum
1117 4316 1296 4381 vendidisset,
1305 4331 1352 4369 eas
1362 4315 1397 4368 ad
1408 4320 1560 4384 tresusque
1570 4314 1673 4368 solides
1682 4318 1775 4380 ΜΒ

133 4407 373 4478 incredulisqned
381 4408 444 4462 aliis
453 4407 582 4462 omnibus
592 4407 713 4462 redactis
723 4408 751 4460 in
760 4408 932 4476 seruitutem,
943 4395 968 4454 Ῑ)
978 4404 1133 4472 distribuit,
1149 4422 1210 4477 qua
1218 4410 1312 4458 autem
1325 4402 1447 4457 habebat
1455 4403 1484 4456 in
1495 4403 1598 4469 Sicilia,
1608 4401 1771 4475 Campania,

134 4511 174 4551 eae
187 4496 254 4551 solae
268 4497 350 4550 salva
359 4495 464 4551 suerint
475 4496 596 4563 familiae,
610 4513 670 4568 quae
688 4497 808 4551 Domine
820 4497 935 4553 suerunt
974 4500 1003 4548 et
1016 4494 1119 4560 Africa,
1128 4494 1180 4548 sibi
1195 4494 1317 4565 reliquit,
1331 4497 1361 4546 ut
1372 4492 1552 4564 suppeditare
1567 4496 1660 4562 posset
1674 4506 1772 4545 mona·

133 4584 306 4653 holocausta,
321 4585 413 4640 studio
427 4584 516 4640 beaten
531 4586 674 4654 Melania,
695 4603 758 4642 curn
779 4587 871 4641 caeteri
885 4588 934 4658 qui
974 4583 1066 4637 aleriis
1081 4589 1109 4637 ct
1123 4583 1229 4653 egenis.
1247 4583 1311 4637 Haec
1334 4587 1378 4635 est
1393 4580 1531 4651 sapientia
1548 4581 1578 4634 in
1592 4579 1692 4650 primis
1706 4578 1772 4632 reli·

132 4689 231 4728 eorum
241 4673 325 4728 saluti
336 4673 566 4742 adversabantur,
579 4691 676 4730 eorum
691 4675 783 4729 inutili
792 4676 932 4747 poeniten·
971 4674 1068 4744 giesaa
1084 4679 1112 4727 et
1125 4690 1185 4744 quae
1201 4677 1322 4726 mentem
1338 4671 1456 4725 senilem
1471 4673 1633 4741 susceperat
1646 4668 1680 4723 de
1690 4684 1772 4740 pecu·

132 4761 174 4818 tia
184 4761 389 4820 detinerentur.
973 4763 1027 4817 nia
1041 4753 1304 4827 materiablelaniae
1314 4758 1448 4830 junioris.

417 4851 535 4907 CAPUT
552 4852 648 4907 CXIX.
1009 4852 1074 4906 Haec
1083 4857 1177 4906 autem
1187 4855 1248 4905 erat
1257 4851 1318 4920 ejus
1326 4847 1487 4904 exercitatio
1499 4866 1505 4901 :
1523 4845 1670 4902 Postdiem
1682 4861 1771 4902 unum

333 4942 393 4996 Vita
404 4958 497 5011 porea
508 4942 634 4997 dictante
648 4940 733 5011 (lss'll.
973 4940 1155 5007 comedebat;
1171 4939 1199 4995 in
1214 4938 1350 5011 principie
1363 4943 1457 4991 autern
1473 4944 1537 5006 post
1551 4935 1771 5006 quinquevarie

166 5031 305 5097 Quoniam
314 5029 931 5104 autemrelaturummedesrlialielaniaespe
973 5028 1296 5094 ancillissuisserriens;
1311 5024 1771 5098 quasetianrseeumunareddidit

129 5119 468 5192 pendi,necessariumest
478 5124 511 5174 ut
520 5119 726 5175 nunodehitunr
735 5121 860 5175 reddam.
870 5122 933 5177 Non
974 5119 1188 5175 exercitatrices.
1203 5119 1267 5172 Jarn
1281 5132 1345 5170 vere
1360 5115 1421 5186 ipsa
1430 5129 1540 5184 quoque
1553 5113 1656 5181 multos
1670 5113 1769 5169 ersuis

129 5207 205 5264 enim
209 5210 320 5278 justum
329 5214 362 5263 ut
368 5209 490 5280 junioris
498 5225 609 5281 quoque
620 5209 648 5263 in
659 5208 744 5263 tarne
754 5208 881 5264 Melaniae
895 5210 933 5264 ri·
973 5208 1098 5279 cognatis
1106 5207 1209 5262 ducens
1216 5207 1250 5261 ad
1264 5205 1353 5260 zelum
1369 5202 1507 5269 divinum,
1516 5203 1581 5257 feeit
1594 5209 1626 5258 ut
1639 5202 1769 5257 similiter

127 5301 188 5352 tam
197 5295 396 5369 despiciemus,
412 5303 441 5351 et
453 5296 546 5369 neptis
561 5314 669 5369 magna
688 5298 810 5352 ltelaniae
823 5303 932 5354 tantam
973 5302 1057 5370 atque
1071 5296 1133 5369 ipsa
1146 5296 1275 5366 religiose
1285 5295 1374 5348 Deum
1388 5290 1768 5361 c01e1·ent.}1aecestvtteju·

128 5383 260 5442 virtutem
273 5385 389 5442 tacitam
400 5393 607 5458 praetereamus,
619 5404 679 5458 quae
688 5387 771 5458 longe
781 5389 851 5442 torte
862 5404 932 5461 pren·
972 5386 1050 5441 renis
1063 5385 1190 5441 Melania
1202 5399 1250 5456 per
1261 5382 1413 5440 Dominum
1433 5387 1561 5439 uestrum
1580 5380 1677 5437 lesum
1689 5377 1768 5434 Chri-

127 5478 185 5530 stat
194 5473 381 5547 prudentibus
393 5475 676 5531 etstudiesisvetulis.
686 5476 765 5531 Hane
773 5494 839 5548 erge
848 5481 932 5534 aetate
971 5478 1057 5534 aum.
1146 5544 1150 5553 ι

124 5573 266 5655 juvenem,
277 5564 390 5648 pietatis
399 5570 496 5622 autem
507 5565 791 5636 anaunensium,
802 5569 932 5639 parentes
1630 5617 1670 5628 ...
1696 5620 1699 5625 .
1727 5604 1767 5631 ,1
