3818 6120
524 237 880 422 HISTORIA
916 320 1433 425 Monnuflonuur

332 486 462 568 (Exstat
484 504 550 547 cunr
571 485 646 544 notz's
668 482 831 564 nasoque·
851 480 964 544 Potrol.
989 493 1058 544 tom.
1082 482 1172 561 XXI,
1195 503 1215 545 o
1236 482 1292 547 col.
1315 485 1371 546 387
1395 483 1437 546 od
1455 485 1511 549 col.
1535 487 1625 568 402.)

158 614 1789 677 m

643 736 830 875 Dal
1015 735 1306 877 Pitana

151 1013 153 1016 ‘
350 986 802 1231 LIBER
835 735 1592 1278 ΙᾞΕΒΤΠΒ,

923 1333 1013 1394 slva

473 1513 837 1656 vanna
893 1509 1480 1687 samonum,

587 1740 915 1825 AUCTORE
961 1739 1348 1824 PROBABILI

342 1917 621 2014 RUFFINO
658 1912 699 1997 (¹)
739 1913 1144 2036 AQUILEIENSI
1184 1913 1594 2012 PRESBYTERO.

797 2163 1147 2340 proleque.

182 2392 277 2456 402
293 2390 365 2444 Vere
380 2389 517 2443 mundum
527 2387 589 2459 quis
603 2387 713 2443 dubitet
722 2389 830 2444 meritis
842 2394 918 2445 stare
931 2395 1094 2444 sanctorum
1103 2387 1150 2459 (ἲ),
1163 2388 1273 2455 horum,
1283 2388 1400 2454 scilicet,
1410 2404 1531 2461 quorum
1543 2388 1575 2444 in
1584 2389 1640 2446 hoc
1649 2391 1777 2448 volumius

145 2477 203 2532 vita
217 2478 373 2550 praefulget,
391 2478 439 2548 qni
454 2494 565 2531 omnem
581 2477 697 2532 luxuriae
711 2484 806 2533 notam
825 2483 886 2532 tota
899 2484 993 2532 mente
1008 2478 1151 2549 fugerunt,
1173 2477 1335 2549 mundoque
1354 2477 1461 2544 relicto,
1479 2478 1569 2535 eremi
1588 2486 1671 2537 rasta
1684 2489 1777 2537 semla

146 2568 296 2634 rimantur,
316 2567 410 2639 ibique
425 2583 475 2638 per
488 2565 626 2620 terribiles
641 2583 734 2638 rupes,
748 2566 933 2622 formidolosis
947 2567 1037 2621 antris
1056 2566 1235 2634 excubantes,
1259 2582 1316 2622 non
1336 2566 1466 2623 esuriunt
1478 2583 1572 2640 aeque
1591 2569 1704 2638 sitiunt,
1723 2571 1776 2643 quia

145 2655 260 2710 dextera
283 2657 334 2711 Dei
357 2661 540 2716 sustentabat
562 2655 650 2728 pascit
672 2672 729 2710 eos.
752 2656 860 2711 Horum
884 2655 993 2711 meritis
1014 2655 1186 2724 subleveris;
1209 2656 1310 2712 horum
1331 2655 1587 2729 supplicationibus
1609 2665 1774 2732 peccatorum

145 2745 254 2799 veniam
271 2745 414 2809 merearis,
429 2745 468 2799 mi
486 2745 600 2799 domine
615 2745 713 2799 Fidose
730 2744 779 2811 (3).
795 2747 858 2801 Νοη
881 2760 947 2816 ergo
966 2760 1083 2816 spernas
1104 2745 1314 2816 simplicitatem
1341 2751 1370 2801 et
1391 2745 1535 2818 impolitos
1555 2763 1719 2817 sermonem
1736 2763 1774 2805 aa

145 2834 220 2888 enim
232 2834 286 2887 mei
298 2835 388 2906 operis
403 2841 446 2888 ost
455 2834 555 2888 divinae
565 2834 639 2889 doctr
647 2833 699 2888 inae
711 2835 912 2906 scripturaque
927 2833 1076 2906 sophistice
1089 2838 1118 2888 et
1133 2834 1298 2906 eloquenter
1312 2834 1424 2905 signare
1437 2851 1596 2906 sermones,
1608 2837 1660 2894 sed
1671 2839 1773 2895 suadeo

143 2928 252 2977 mentes
271 2923 425 2990 hominum,
447 2923 476 2978 in
494 2924 548 2978 lide
569 2928 597 2977 et
610 2923 742 2994 operibus
756 2923 894 2978 veritatis.
908 2922 1025 2977 Petrum
1040 2922 1170 2994 denique,
1186 2929 1347 2979 sanctonum
1364 2924 1605 2996 patriarcharum,
1621 2933 1651 2983 at
1669 2928 1773 3001 propbe-

142 3017 246 3078 tarum,
264 3013 292 3066 1d
303 3018 345 3067 est
359 3012 511 3078 Abraham,
521 3014 608 3080 Isaac,
626 3017 655 3066 et
668 3011 762 3079 Jacob,
778 3011 877 3084 Moysi,
888 3015 917 3066 et
931 3011 1009 3066 AEliae
1019 3013 1174 3067 etloanuis
1185 3013 1248 3068 ideo
1263 3011 1404 3085 descripta
1418 3019 1462 3071 est
1473 3015 1545 3071 fides
1557 3021 1589 3071 et
1601 3018 1770 3083 murmano,

143 3117 199 3157 non
212 3106 323 3156 tantum
338 3108 369 3156 ut
383 3101 446 3156 illos
461 3101 683 3172 glorillcaremns
698 3117 767 3172 quos
782 3106 857 3155 certe
870 3100 945 3156 Deus
959 3100 1177 3170 glorificaverat,
1188 3106 1217 3157 et
1230 3102 1260 3157 iu
1269 3117 1356 3173 reguo
1371 3118 1423 3158 suo
1436 3103 1577 3175 gloriosos
1589 3105 1726 3175 habebat3
1737 3107 1771 3164 rel

143 3194 174 3243 ut
188 3190 346 3260 legentibus
358 3189 477 3260 posteris
490 3189 649 3245 conferrent
661 3179 787 3244 ueritatis
802 3189 958 3245 doctrinam
974 3193 1003 3244 et
1017 3190 1144 3261 exempla
1157 3190 1265 3246 salutis.

505 3411 823 3556 vanni
870 3409 1416 3629 santonum.

176 3683 201 3739 l·
224 3684 344 3750 Quidam
363 3692 523 3742 sanctorum
542 3688 686 3743 seniorum
706 3687 832 3755 Pastum,
852 3685 971 3746 ῑῦῑθΥΆ
981 3721 1011 3760 se
1022 3704 1185 3761 abscindere
1195 3706 1294 3778 possit.
1311 3707 1369 3763 Nec
1386 3721 1444 3762 uon
1456 3706 1572 3764 etiamsi
1586 3707 1657 3781 quid
1669 3719 1765 3780 pram

139 3774 306 3841 rogantibus
315 3791 344 3829 se
359 3776 503 3831 monachis
513 3777 547 3831 de
557 3794 641 3832 causa
651 3776 835 3843 abstinentia,
849 3775 935 3831 dixit:
978 3799 1113 3849 mont„
1122 3799 1263 3866 pmpta
1272 3795 1323 3851 Dei
1334 3795 1573 3867 videamugagere
1582 3796 1665 3865 alios,
1675 3798 1765 3870 oporto

139 3859 265 3930 ΟΡΟΝθῑ,
283 3863 370 3928 filioli,
388 3870 420 3918 ut
434 3865 497 3919 Odio
511 3865 664 3921 habeamus
684 3883 796 3921 Omnem
809 3866 935 3938 requiem
978 3899 1029 3937 nos
1041 3888 1141 3938 contra
1154 3883 1223 3938 vitia
1239 3900 1335 3940 eorum
1356 3885 1537 3941 vehementer
1551 3886 1670 3957 quidem
1687 3883 1760 3949 imi,

139 3951 284 4019 praesentis
296 3952 371 4019 vitae;
388 3953 444 4008 sive
455 3954 653 4010 delectationes
667 3972 814 4027 corporeas
826 3972 858 4011 ac
872 3972 936 4011 ven·
976 3972 1052 4043 5p503
1065 3976 1162 4040 493
1171 3989 1237 4028 vero
1250 3973 1400 4045 diligenter
1413 3974 1566 4048 oorripero,
1584 3975 1758 4050 otinas-epure,

138 4038 190 4093 tris
204 4041 381 4109 suavitatem,
402 4048 430 4097 et
445 4043 580 4099 honorem
595 4045 629 4099 ab
649 4045 810 4100 hominibus
824 4062 880 4100 non
894 4062 937 4101 re·
976 4076 1009 4115 ac
1019 4077 1143 4129 monere,
1154 4068 1189 4117 ut
1198 4062 1340 4118 emendati
1350 4063 1501 4131 salventur,
1513 4069 1543 4119 et
1555 4064 1593 4120 ad
1604 4065 1760 4121 vitandu-

138 4127 292 4198 quiramus
309 4136 338 4184 et
357 4131 436 4186 dabit
459 4132 538 4188 nobis
561 4135 696 4190 Dominus
711 4137 791 4190 lesus
810 4138 935 4191 coelestes
976 4165 1043 4205 nam
1058 4151 1233 4222 perveniant,

135 4217 265 4285 bonores,
280 4224 308 4275 et
323 4222 449 4292 requiem
468 4223 497 4277 in
516 4225 573 4278 rita
595 4231 709 4291 aterna,
726 4226 934 4297 gloriosamque
1012 4236 1037 4296 3,
1063 4239 1130 4294 Erat
1148 4240 1264 4312 quidam
1284 4239 1377 4296 senior
1400 4243 1429 4296 in
1457 4258 1555 4298 eremo
1573 4242 1759 4315 interiori,por

136 4306 263 4362 laetitiam
279 4326 342 4364 cum
362 4313 468 4382 angelis
485 4313 557 4371 suis.
975 4328 1078 4383 multos
1092 4345 1181 4383 annos
1190 4330 1220 4384 in
1235 4329 1406 4386 abstinentie
1417 4335 1446 4386 ct
1456 4331 1486 4386 in
1500 4331 1581 4387 omui
1588 4331 1684 4388 sardio
1696 4327 1759 4404 spii·

169 4395 194 4450 2.
211 4397 288 4452 Idem
304 4404 398 4453 autem
415 4401 508 4454 senior
520 4403 590 4457 dixit
606 4421 611 4456 :
629 4405 700 4468 Quia
710 4405 878 4459 naturaliter
892 4406 934 4461 in·
974 4417 1024 4471 tali
1037 4417 1122 4472 nimis
1136 4418 1267 4474 laborans
1283 4421 1473 4489 (Pelopdibol.
1488 4433 1537 4477 ua.
1560 4437 1589 4477 n.
1614 4420 1672 4494 25).
1684 4419 1757 4477 drin-

133 4490 176 4539 est
190 4486 298 4540 homini
313 4488 430 4554 esurire,
439 4495 549 4560 oportet
562 4497 656 4546 autem
669 4510 779 4548 sumere
791 4493 883 4548 cibum
898 4494 933 4548 ad
974 4507 1139 4577 mentesque
1153 4508 1189 4561 ad
1204 4523 1270 4563 eum
1284 4508 1398 4579 quidam
1419 4507 1532 4575 fratres,
1554 4508 1688 4565 admirati
1707 4509 1759 4563 suut

135 4576 316 4629 necessitates
337 4577 459 4648 corporis
481 4580 689 4644 sustentandas,
710 4599 767 4636 non
786 4587 881 4636 tamen
903 4583 933 4636 in
974 4595 1035 4666 ejus
1057 4596 1303 4666 perseverantiam,
1330 4597 1477 4652 dicentes:
1503 4597 1655 4663 Quomodo
1674 4597 1758 4654 talem

133 4665 272 4734 passione,
286 4681 336 4719 scu
346 4666 494 4721 sntmitate
508 4669 622 4724 ventris.
634 4670 706 4725 Nam
717 4676 745 4725 et
759 4688 874 4728 somnus
884 4689 931 4728 na·
972 4683 1059 4738 istum
1073 4691 1131 4739 tam
1146 4685 1258 4740 aridum
1270 4691 1300 4741 et
1313 4686 1474 4758 squalidum
1488 4681 1759 4758 locumaeassrtoa

132 4754 262 4809 turaliler
276 4753 350 4809 inest
364 4755 481 4824 homini,
493 4757 543 4811 sed
558 4774 614 4812 non
629 4758 657 4813 in
672 4760 802 4815 satietate
816 4761 873 4816 sive
885 4778 931 4816 re·
971 4772 1024 4829 bus
1038 4773 1084 4828 ille
1097 4774 1278 4845 respondens,
1294 4773 1353 4830 ait:
1367 4774 1466 4832 Omnis
1479 4774 1562 4832 labor
1574 4777 1758 4848 cononem

131 4840 269 4898 solutione
276 4845 409 4916 corporis,
418 4862 473 4917 quo
483 4846 622 4918 possimus
632 4848 931 4921 humiliarepassiones
972 4862 1011 4917 ris
1023 4879 1078 4934 quo
1095 4863 1139 4918 hic
1150 4863 1221 4935 dego
1236 4864 1362 4919 nondum
1377 4863 1460 4920 unius
1475 4864 1555 4920 horae
1567 4870 1756 4923 tormentorum

131 4930 474 4990 sentiacamis.satietas
484 4936 559 4991 enim
572 4937 664 4991 somni
674 4944 796 4993 mentem
806 4956 931 4995 sensum·
971 4956 1141 5006 aeternorum
1150 4950 1755 5027 gehennaespatiumhabet.0portet,iuouib
1795 4990 1799 4999 ·

132 5030 185 5086 que
195 5017 316 5074 hominis
325 5023 468 5092 stupidum
475 5024 644 5098 pigrumque
654 5027 871 5100 reddit3vigilire
882 5045 931 5085 au·
938 5043 964 5105 Β
972 5056 1023 5096 nos
1037 5039 1065 5094 in
1080 5030 1166 5112 parvo
1176 5046 1303 5113 tempore
1314 5040 1377 5097 rilae
1396 5040 1472 5097 illius
1484 5042 1630 5100 sustinere
1639 5042 1755 5105 labam,

129 5107 188 5158 tem
198 5111 256 5160 lam
265 5123 378 5164 sensum
388 5129 473 5182 quam
483 5114 568 5168 etiam
580 5119 705 5170 mentem
715 5115 890 5174 subtiliorem
897 5135 930 5174 ac
972 5105 1001 5184 {t
1008 5145 1152 5184 macerare
1164 5129 1308 5201 passiones
1318 5129 1757 5202 corporisnostd‚utlnvenan=

129 5193 274 5264 puriorem
288 5197 422 5255 efficiunt.
439 5202 484 5256 lta
495 5204 571 5258 enim
587 5210 616 5259 et
630 5204 719 5260 sancti
738 5205 836 5262 Patres
851 5208 928 5264 dixe·
969 5217 998 5273 in
1011 5218 1060 5272 illo
1073 5217 1167 5274 futuro
1182 5235 1215 5274 ac
1227 5225 1332 5275 atomo
1345 5220 1455 5287 saeculo,
1470 5220 1548 5293 quod
1562 5237 1709 5296 nunquam
1719 5216 1757 5274 do

128 5287 206 5365 runt,
222 5282 289 5353 quia
314 5285 414 5355 vigiliae
433 5296 534 5346 snnctae
553 5292 703 5363 purificant
718 5299 747 5349 et
767 5296 929 5352 illuminant
969 5302 1037 5370 licit,
1053 5309 1218 5377 perpetuam
1233 5304 1470 5377 repausationem.

130 5378 263 5426 mentem.
276 5373 330 5427 Sed
345 5375 430 5430 etiam
445 5377 526 5432 irasci
539 5384 706 5438 naturaliter
719 5384 792 5439 inest
806 5386 923 5455 homini,
1003 5391 1030 5445 4.
1051 5392 1221 5448 Referebant
1234 5393 1315 5448 nobis
1335 5394 1424 5451 sancti
1448 5395 1577 5453 seniores
1596 5396 1634 5455 de
1654 5394 1758 5472 quodum

128 5478 184 5517 non
200 5461 230 5517 in
244 5463 431 5563 commotione
444 5469 590 5565 passionis,
606 5472 655 5526 sed
665 5478 698 5528 ut
711 5472 849 5530 irascatur
862 5492 926 5531 con·
966 5480 1064 5549 tratre,
1079 5482 1213 5550 dicentes,
1228 5483 1367 5554 quomodo
1383 5484 1505 5555 quodam
1522 5485 1758 5561 temporeitaiu·
1812 5544 1815 5573 ¹

128 5557 174 5610 tra
187 5557 605 5626 semetpsumacutrasua,ut
618 5559 926 5623 sacileemendareeta
966 5569 1409 5641 pugnabaturadaemonibuaut
1422 5573 1759 5649 statimboradieiprin
1813 5620 1815 5627 .
