3818 6120
142 230 196 289 295
650 235 697 289 DE
715 235 810 291 vlrrs
827 237 976 293 PATRUM
994 239 1101 294 LIBER
1118 235 1265 291 PRIMUS.
1728 230 1784 294 296

182 361 273 422 15⁶2
284 353 360 410 Licet
370 361 436 409 ante
451 355 587 427 hocopus
602 375 723 429 egenen
737 363 963 433 psraesumpserim
977 363 1102 434 aggredi,
1119 368 1230 434 putans,
1248 365 1280 414 ut
1293 361 1353 430 ipse
1365 360 1448 424 nosti,
1465 361 1501 415 ab
1515 362 1571 416 alio
1584 363 1645 432 jam
1658 361 1781 417 transta-

141 451 212 510 turn,
226 445 255 499 in
267 461 322 515 quo
336 445 436 498 merito
451 443 509 515 ipse
525 463 570 500 me
581 450 757 519 reprehendi.
770 451 971 521 Nunquidnam
985 453 1052 523 quia
1067 451 1240 523 scripturam
1254 466 1363 504 sacrorn
1376 449 1491 520 quidam
1507 449 1688 521 interpretati
1703 453 1779 516 sunt,

142 534 244 588 idcirco
259 533 427 604 posteriores
438 533 605 605 interpretes
620 538 691 591 haenc
707 539 799 593 minus
817 540 995 613 interpretati
1018 541 1103 595 sunt?
1119 541 1148 595 Si
1167 540 1219 593 hoc
1233 543 1316 603 esset,
1333 538 1463 592 eamdem
1477 555 1585 593 sacram
1603 539 1780 609 scripturam

141 623 278 677 Latinitas
292 639 325 676 ex
341 622 400 692 ipso
414 622 552 677 Hebraico
566 624 642 679 sonte
656 644 706 697 per
718 627 833 682 beatum
850 629 1053 702 Hieronymum
1068 629 1197 684 Ecclesiae
1211 628 1345 682 Romame
1358 627 1555 699 presbyterum
1568 629 1617 697 (4),
1633 633 1663 682 et
1680 626 1782 682 divinar

141 709 319 765 Bibliothecae
332 712 480 777 cultorem,
496 712 631 767 hactenus
651 731 707 769 non
722 717 869 771 hausisset.

175 801 280 854 Verum
294 799 445 871 diligenter
460 801 614 871 inquirens,
633 803 703 856 nihil
722 805 857 876 scriptum
872 806 906 861 de
923 805 984 861 Vita
1003 808 1087 876 hujus
1108 806 1198 860 sancti
1214 806 1289 876 apud
1305 805 1420 859 Latinos
1434 804 1538 868 inveni,
1554 804 1609 859 nisi
1622 806 1680 859 duo
1692 804 1782 858 mira-

141 889 267 943 culorum
283 891 344 959 ejus
358 888 404 957 (8),
421 890 513 954 idest,
531 891 565 944 de
576 908 663 961 puero
677 893 780 948 Christi
805 899 938 966 negatore
959 895 1085 960 liberato,
1110 898 1139 948 et
1157 895 1274 948 muliere
1297 911 1315 946 a
1328 894 1448 965 peccatis
1462 899 1578 965 erepta;
1594 911 1657 964 quae
1679 900 1779 947 tamen

140 979 209 1032 adeo
224 979 375 1049 depravata
389 980 490 1049 reperi,
509 986 541 1033 ut
555 997 651 1034 rursus
668 998 702 1035 ea
716 983 894 1054 interpretari
910 1001 994 1055 quarn
1009 983 1159 1037 emendare
1175 983 1346 1038 maluissem.

177 1069 251 1122 Sane
265 1068 420 1122 notandum
435 1074 486 1135 est,
503 1069 569 1139 quia
583 1086 647 1123 cum
661 1070 773 1140 qnidam
790 1074 888 1143 legunt
901 1072 930 1127 in
941 1073 984 1125 his
994 1072 1109 1126 Actibus
1123 1090 1184 1143 quaa
1194 1077 1308 1126 sanctus
1326 1071 1530 1142 Amphilochius
1539 1072 1660 1143 scripsit,
1673 1072 1781 1126 discre-

142 1174 223 1229 passe
253 1162 403 1210 autumant
429 1156 464 1210 ab
489 1157 532 1210 his
557 1175 618 1228 quse
645 1168 759 1215 sanctus
772 1162 925 1232 Gregorius
952 1161 1144 1215 Nazianzenus
1158 1161 1187 1214 in
1207 1160 1351 1237 epitaphio
1361 1159 1403 1230 (6)
1417 1161 1502 1231 hujus
1521 1161 1617 1232 magni
1631 1161 1684 1214 viri
1700 1176 1780 1215 com-

141 1251 288 1311 memorat,
318 1262 382 1300 cum
408 1246 479 1300 alter
492 1246 563 1300 sorte
578 1249 700 1303 tacuerit
713 1251 787 1320 quod
802 1251 874 1304 alter
894 1267 951 1305 nou
977 1250 1075 1309 tacuit.
1096 1250 1219 1320 idipsum
1242 1248 1323 1303 nobis
1342 1249 1416 1303 inter
1429 1250 1621 1321 Evangelistas
1637 1249 1782 1321 reperien-

141 1334 226 1389 tibus.
243 1335 402 1389 Praesertim
418 1351 482 1389 cum
497 1341 526 1390 et
541 1335 614 1390 idem
631 1339 851 1408 Amphilochius,
869 1339 917 1410 qui
935 1356 1020 1410 super
1033 1340 1105 1393 tanti
1118 1339 1172 1393 viri
1185 1339 1242 1393 vita
1255 1339 1427 1409 scripserint,
1446 1339 1505 1393 haec
1520 1340 1700 1411 expositurus
1714 1344 1780 1410 apte

143 1424 282 1494 designet.

623 1618 955 1791 theologos
994 1622 1304 1758 auctoris.

177 1843 350 1908 Charissimi,
367 1860 423 1898 non
439 1843 636 1897 inconveniens
652 1848 722 1908 erat,
739 1843 915 1913 sedJ'nstum,
931 1842 1045 1896 devotos
1058 1843 1130 1896 filios
1141 1859 1226 1914 super
1237 1842 1314 1897 obitu
1330 1843 1422 1914 patrio
1437 1842 1608 1907 contristari,
1624 1841 1694 1896 etei
1709 1841 1782 1897 dona

140 1934 329 2003 lacrymarum
344 1932 453 1997 ollerre,
470 1932 544 2002 quod
559 1933 696 1985 hactenus
708 1931 911 2002 compatienter
920 1933 1038 2002 egimus.
1055 1935 1171 1987 atvero
1185 1938 1334 2004 postquam
1349 1934 1442 1986 luctus
1456 1931 1608 1998 turbinem,
1626 1931 1781 1986 secundum

146 2022 219 2092 quod
236 2021 370 2091 scriptum
387 2026 439 2086 est,
451 2021 641 2091 deposuimus,
659 2019 694 2087 ad
710 2021 869 2088 gratificam
892 2021 1126 2092 supplicationem
1142 2021 1268 2075 omniurn
1280 2021 1400 2075 Domino
1415 2020 1527 2075 Christo
1545 2021 1603 2074 Deo
1628 2025 1727 2073 nostro
1740 2036 1781 2075 re·

143 2110 319 2182 pendendam
333 2108 466 2163 commoti
477 2127 590 2176 sumus;
606 2125 697 2179 operm
715 2109 837 2179 pretium
850 2108 925 2175 duxi,
939 2117 997 2164 tam
1009 2110 1221 2165 memorabilem
1234 2111 1337 2171 Vitam,
1354 2127 1439 2181 quarn
1453 2127 1520 2164 vera
1534 2109 1673 2163 miracula
1688 2116 1779 2180 pasto

139 2199 179 2252 ris
204 2203 231 2251 et
254 2197 381 2268 magistri
397 2198 486 2251 nostri
505 2198 609 2263 Basilii,
633 2214 668 2252 nc
682 2197 791 2251 diutino
806 2203 969 2252 transcursu
983 2199 1120 2270 temporis
1139 2198 1271 2253 oblivioni
1295 2198 1440 2269 profunda
1456 2197 1614 2261 tradantur,
1632 2198 1779 2269 scripture

143 2287 202 2341 iore
216 2287 385 2341 mandanda.

174 2375 275 2430 Tribus
286 2375 362 2429 enirn
375 2376 570 2430 sacratissimis
581 2380 610 2429 et
625 2375 746 2445 egregiis
760 2374 837 2439 viris,
850 2376 984 2445 Gregorio
998 2377 1136 2438 videlicet,
1155 2377 1202 2448 qui
1217 2378 1246 2430 in
1261 2376 1402 2446 theologia
1421 2376 1524 2430 claruit
1540 2377 1585 2442 (ἵ),
1602 2382 1631 2430 et
1645 2375 1781 2446 Gregorio

139 2463 315 2518 memorabili
339 2466 512 2535 Nysseorum
527 2470 562 2531 (8)
578 2464 698 2518 civitatis
721 2463 861 2534 episcopo,
883 2464 933 2518 sed
959 2471 987 2518 et
1004 2464 1085 2519 beato
1107 2465 1235 2536 Ephraem
1249 2464 1299 2537 (a),
1315 2464 1377 2518 aliis
1398 2470 1483 2533 atque
1505 2464 1587 2517 aliter
1602 2463 1780 2519 sermonibus

139 2553 304 2623 epitaphicis
318 2554 534 2607 centumvirum
550 2553 689 2622 fulgidam
708 2552 913 2617 exhibentibus,
924 2553 1015 2609 visum
1031 2559 1074 2607 est
1089 2559 1117 2607 et
1137 2553 1206 2607 mihi
1221 2561 1356 2624 tanquam
1371 2551 1507 2617 abortivo,
1520 2559 1553 2607 ut
1566 2569 1631 2606 cum
1646 2552 1780 2623 Apostolo

143 2642 244 2706 dicam,
261 2658 324 2695 curn
340 2660 397 2712 prae
412 2641 542 2696 manibus
556 2643 723 2713 accepissem
740 2641 917 2695 narrationes
933 2658 993 2712 quae
1016 2641 1051 2695 ab
1064 2641 1192 2712 utrisque
1206 2640 1379 2695 admirandis
1402 2640 1469 2694 viris
1484 2641 1566 2695 edita
1580 2646 1657 2707 sunt,
1674 2657 1709 2695 ea
1721 2657 1781 2712 que

139 2730 184 2783 his
194 2730 292 2784 deesse
303 2730 614 2803 videbantursnpplevi,
632 2747 710 2784 more
725 2730 991 2784 scilicetdevotitilii
1006 2730 1132 2784 debitum
1147 2729 1511 2801 patrirepraesentantis,de
1522 2729 1779 2800 sursumquaedam,

139 2824 173 2872 ut
187 2819 321 2873 aestimari
335 2826 436 2891 potest,
452 2821 636 2892 assequentis,
652 2826 680 2874 et
699 2824 805 2873 certam
825 2819 974 2874 scientiam
993 2819 1181 2891 percipientis.
1206 2819 1290 2874 Novit
1311 2819 1396 2886 enim,
1416 2818 1493 2872 novit
1507 2817 1595 2872 nubes
1609 2818 1781 2873 abscondere

138 2909 236 2971 solem,
250 2915 417 2963 etmorosus
432 2909 570 2964 bonarum
586 2909 781 2963 narrationum
794 2913 970 2963 transcursus
986 2908 1066 2963 facile
1086 2908 1240 2962 introducit
1253 2907 1430 2961 oblivionem.

179 2997 295 3066 llagnus
307 2997 395 3068 igitur
410 2999 520 3053 exstitit
534 3004 630 3070 pastor
643 3004 748 3063 noster,
765 3002 793 3051 et
807 2997 930 3052 famosus
943 2998 1048 3051 mundo
1063 2998 1183 3052 Basilius
1195 2997 1351 3051 caelestium
1364 2997 1500 3050 virtutum
1513 2997 1780 3065 consermocinator,

143 3086 307 3156 angelornm
323 3087 453 3142 ordinum
468 3087 668 3153 comminister,
685 3086 869 3158 praedicabilis
884 3086 1014 3141 Ecclesia
1028 3087 1133 3151 doctor,
1150 3086 1313 3157 incorrupta
1326 3086 1489 3155 dogmatum
1505 3086 1729 3140 orthodoxorum
1739 3102 1782 3141 oo·

145 3175 256 3241 lumna;
272 3175 320 3245 qni
334 3181 465 3230 naturam
485 3177 667 3231 existentium
682 3175 855 3231 enucleatius
874 3175 1042 3247 explanarit,
1064 3175 1110 3246 qui
1135 3175 1288 3246 pessimum
1302 3174 1448 3228 Trinitatis
1463 3178 1619 3244 apostatam
1635 3175 1781 3231 lulianum

139 3262 197 3335 (10,
214 3262 353 3335 deposuit,
370 3266 417 3337 qui
429 3266 554 3320 Valentis
564 3283 594 3319 os
604 3265 656 3332 (ll)
671 3265 865 3335 blasphemum
881 3263 1030 3330 obstruxit,
1047 3264 1095 3335 qui
1109 3264 1279 3318 arianorum
1292 3280 1421 3335 expresse
1436 3263 1641 3333 nequissimum
1656 3280 1781 3319 errorem

142 3352 305 3419 devastavit,
321 3354 368 3425 qui
381 3354 606 3409 Christianorum
620 3353 727 3424 liquido
742 3352 877 3407 stabilivit
896 3359 1003 3408 rectam
1026 3353 1195 3425 opinionem.
1217 3353 1317 3406 Pastor
1331 3351 1509 3423 acceptabilis
1526 3353 1655 3408 Ecclesia
1674 3352 1778 3425 populi,

140 3442 245 3510 regalis
260 3443 408 3497 sacerdotii
426 3460 549 3504 consors,
565 3443 790 3498 circumamictus
805 3443 923 3497 veritate
941 3443 1054 3507 Christi,
1074 3442 1165 3496 ovium
1186 3442 1268 3502 aries,
1286 3441 1385 3495 divinae
1399 3441 1464 3494 lidei
1487 3442 1625 3510 magister
1642 3442 1778 3514 inclytum·

140 3530 230 3600 quiet
244 3531 340 3584 vivens
354 3538 383 3585 et
397 3531 577 3602 postobitnm
593 3531 702 3601 magnis
717 3531 873 3584 coruscavit
888 3532 1042 3598 miraculis,
1066 3531 1115 3602 qui
1129 3531 1186 3585 lieo
1202 3530 1312 3584 odibilis
1326 3528 1441 3593 Juliaui,
1459 3535 1490 3582 ut
1500 3529 1606 3583 dictum
1622 3535 1675 3597 est,
1690 3531 1780 3586 extol·

137 3619 222 3673 lentis
235 3620 264 3673 in
275 3621 362 3674 altum
373 3637 471 3683 cornu,
483 3626 509 3674 et
521 3621 662 3691 loquentis
671 3620 803 3673 adversus
814 3617 902 3674 Deum
914 3621 1105 3691 iniquitatem,
1122 3619 1331 3690 corruptionem
1344 3618 1470 3672 oratione
1481 3635 1530 3672 sua
1538 3619 1658 3689 paravit.
1670 3619 1782 3675 Interea

139 3708 243 3762 Valens
254 3708 393 3779 accipiens
401 3708 515 3778 indigne
524 3708 701 3779 Imperialcm
712 3725 876 3778 purpuram,
889 3715 918 3764 et
929 3711 1098 3764 Arianorum
1111 3725 1232 3779 nequam
1243 3708 1337 3762 sensui
1348 3707 1533 3778 patrocinium
1547 3714 1695 3778 praestans,
1707 3708 1818 3766 venit·-

137 3798 173 3851 ad
184 3799 404 3868 illustrentque
416 3797 491 3868 apud
505 3813 557 3851 nos
572 3801 624 3863 est,
637 3796 755 3851 Caesaris
766 3795 873 3851 urbem.
895 3798 999 3853 Verum
1016 3797 1146 3868 qualiter,
1159 3797 1202 3849 rel
1213 3812 1269 3867 qua
1280 3813 1374 3861 causa,
1389 3813 1445 3850 nou
1460 3801 1503 3850 est
1512 3797 1659 3866 presentis
1673 3802 1780 3869 tempo·

138 3886 176 3941 ris
190 3885 341 3941 enarratio.
359 3886 413 3941 Sed
426 3886 461 3939 ad
477 3886 650 3958 propositum
659 3886 822 3953 redeamus3
834 3887 953 3942 virtutes
963 3888 1048 3954 illias,
1061 3903 1131 3958 quas
1142 3886 1246 3940 avulvo
1257 3903 1346 3957 usque
1359 3885 1394 3939 ad
1406 3886 1490 3940 finem
1501 3885 1608 3952 habuit,
1622 3888 1776 3943 narraturi.

798 4071 1087 4207 Vtra,

171 4239 263 4293 Carus
284 4252 395 4291 rnrueu.
419 4268 452 4278 -
474 4234 594 4290 Basilius
620 4235 696 4289 solus
718 4251 803 4307 super
825 4240 1024 4307 terramllper
1036 4238 1183 4294 duodecim
1195 4241 1248 4309 (15)
1269 4239 1430 4294 moderatus
1449 4244 1491 4292 est
1509 4255 1608 4305 annos,
1631 4239 1770 4306 Julianus,

136 4327 325 4397 aequalitatem
341 4324 472 4387 ostendit,
490 4325 574 4377 vitam
589 4323 719 4378 videlicet
736 4323 866 4396 operibus
880 4324 930 4378 de·
974 4327 1021 4396 qui
1038 4328 1073 4381 ad
1087 4327 1170 4383 breve
1193 4334 1305 4400 tempus
1318 4327 1494 4383 Christianus
1508 4327 1569 4389 fuit,
1586 4334 1674 4399 atque
1688 4327 1774 4383 Liba-

135 4421 270 4478 coratam,
287 4419 317 4466 et
341 4411 517 4465 sermonibus
535 4412 634 4466 diviuae
649 4415 792 4484 sapientire
807 4415 932 4468 illustra·
973 4415 1038 4468 nius
1051 4415 1118 4486 (16).
1133 4418 1185 4472 Hic
1206 4422 1301 4471 autem
1320 4434 1376 4488 pra
1396 4416 1525 4470 omnibus
1540 4417 1718 4472 admirabilis
1731 4417 1768 4471 vir

135 4511 202 4566 tam,
221 4499 325 4563 omnia¹
338 4498 449 4552 Christo
468 4498 548 4561 dans,
564 4501 689 4555 animam
703 4509 731 4556 et
747 4520 856 4575 corpuS,
873 4517 932 4556 ver-
972 4504 1066 4574 posuit
1079 4505 1108 4559 in
1123 4506 1206 4561 corde
1218 4522 1268 4560 suo
1295 4522 1350 4560 non
1370 4505 1532 4576 participari
1552 4507 1619 4576 pani
1639 4507 1682 4560 vel
1697 4505 1766 4571 rino,

134 4592 233 4646 borum
248 4590 356 4660 palmas
373 4585 435 4655 112),
449 4589 648 4658 propterquod
663 4595 690 4643 et
704 4592 843 4660 gentilem
853 4606 931 4645 erre·
972 4593 1060 4648 donee
1075 4611 1107 4649 ex
1128 4611 1250 4666 superna
1270 4594 1427 4666 provisione
1448 4594 1593 4664 sapientias
1608 4600 1767 4666 penetraret

133 4697 195 4735 rern
209 4685 241 4734 nt
256 4693 424 4733 araneorum
439 4676 509 4730 telas
524 4675 639 4748 dirupit.
653 4677 705 4731 Hic
721 4685 828 4749 septem
842 4696 930 4734 anno·
972 4699 1083 4737 arcana.
1101 4685 1225 4739 ltloratus
1239 4690 1333 4737 autem
1349 4683 1378 4737 iu
1393 4682 1598 4737 cruditionibus
1609 4684 1765 4755 quindecim

133 4784 197 4821 rum
219 4767 318 4833 factus,
334 4765 368 4820 ad
388 4765 498 4820 litteras
512 4764 664 4818 traditura
684 4766 847 4837 parentibus
864 4786 869 4820 :
885 4784 932 4821 va·
973 4788 1070 4833 annos,
1087 4777 1116 4827 et
1130 4789 1241 4827 ornnem
1253 4773 1387 4842 gentilem
1403 4772 1609 4843 philosophiam
1624 4779 1766 4828 transcur-

134 4861 300 4911 cansautem
316 4855 345 4910 in
352 4853 559 4909 mathematicis
568 4853 769 4925 quinquennio,
781 4856 931 4910 tmctifica·
971 4871 1045 4919 rens,
1063 4855 1092 4908 in
1107 4856 1163 4910 ttae
1175 4855 1376 4910 astronomiam
1399 4871 1510 4926 quoque
1525 4871 1557 4908 ac
1570 4856 1764 4925 geometriam,

134 4945 183 5000 bat
202 4945 355 5017 plurimum
382 4945 411 4998 in
434 4943 627 5015 philosophica
649 4944 807 5015 disciplina,
822 4950 930 4999 naturae
970 4949 1000 4998 et
1011 4944 1117 5015 optima
1131 4961 1248 5015 quaeque
1258 4945 1362 5015 legens,
1377 4961 1440 4998 curn
1456 4944 1533 4997 nullo
1545 4945 1769 5001 modoraluisset

134 5033 359 5089 mansuetudine.
376 5032 483 5086 Rursus
497 5033 595 5086 relicta
611 5038 700 5098 153
710 5034 811 5103 patria,
823 5035 930 5105 Cappa·
970 5049 1021 5103 per
1037 5050 1070 5086 ea
1080 5034 1205 5087 invenire
1215 5033 1341 5087 omnium
1355 5032 1537 5097 conditorem,
1552 5033 1676 5103 quadam
1689 5040 1768 5090 nocte

134 5123 188 5178 don
203 5123 277 5178 enirn
292 5128 353 5175 crat
366 5137 478 5191 genere,
493 5121 620 5192 pervenit
636 5122 671 5175 ad
686 5129 804 5177 matrem
817 5139 929 5177 sermo·
970 5121 1104 5190 vigilante
1114 5122 1171 5187 illo,
1183 5121 1292 5176 divinus
1303 5121 1417 5192 quidam
1432 5122 1564 5192 splendor
1573 5121 1637 5176 iniit
1651 5126 1686 5177 ut
1693 5127 1769 5179 traa-

132 5229 211 5278 num,
228 5212 322 5272 idest,
351 5210 475 5264 Athenas
495 5207 559 5280 (13),
584 5215 612 5264 ct
627 5211 755 5265 castitate
770 5229 820 5266 sen
839 5213 928 5267 multa
970 5215 1224 5265 scurreretnostrm
1239 5210 1381 5280 religionis
1395 5209 1574 5280 scripturam.

130 5301 303 5357 continentia
317 5304 345 5352 ct
359 5299 546 5368 temperantia
560 5299 691 5354 decenter
700 5306 825 5366 ornatus,
838 5301 929 5355 adhae·
1005 5300 1128 5370 Surgens
1141 5317 1207 5369 ergo
1222 5298 1381 5371 properarit
1393 5299 1546 5370 AEgyptum
1561 5300 1628 5369 lli),
1645 5308 1676 5355 et
1694 5317 1769 5358 aoce-

132 5396 175 5447 ret
200 5387 363 5462 praeceptori
393 5388 552 5441 Graecorum
574 5389 727 5458 sapientias,
748 5389 856 5444 Bubulo
875 5389 925 5458 (14)
968 5388 1038 5442 dens
1048 5389 1082 5442 ad
1094 5389 1243 5459 quemdam
1255 5387 1558 5455 Archimandmarum,
1574 5388 1691 5443 nomine
1701 5390 1771 5447 Per-

131 5480 255 5544 nomine,
272 5484 300 5532 et
310 5477 350 5532 ita
364 5493 424 5531 sese
439 5475 593 5547 disciplinis
608 5479 733 5544 tradidit,
747 5484 778 5533 ut
791 5497 856 5534 eum
868 5484 926 5534 tarn
968 5477 1099 5549 phyrium
1116 5476 1178 5546 (18),
1192 5477 1292 5548 petivit
1303 5477 1364 5531 dari
1379 5477 1431 5531 sibi
1445 5493 1539 5532 sacros
1552 5476 1638 5531 libros
1652 5478 1689 5532 ad
1702 5495 1770 5550 per-

105 5560 110 5565 ’
130 5574 315 5643 praeceptores
324 5582 411 5636 quam
435 5564 616 5636 condiscipuli
635 5566 824 5623 imitarentur.
840 5569 927 5623 Erant
968 5567 1123 5638 ceptionem
1145 5565 1304 5620 divinorum
1317 5565 1491 5637 dogmatum.
1508 5566 1544 5621 Et
1559 5565 1614 5621 hoc
1633 5581 1772 5641 percepto

129 5659 206 5715 enim
215 5657 300 5730 hujus
307 5658 510 5726 cooperatores,
521 5670 641 5727 magnus
648 5655 800 5729 Gregorius
808 5657 926 5713 Nazian-
966 5655 1072 5712 mansit
1096 5654 1163 5723 illic,
1184 5655 1255 5710 dans
1275 5671 1391 5728 operam
1409 5654 1587 5711 meditationi
1603 5652 1771 5717 divinorum

129 5762 214 5804 aenne
227 5745 384 5820 episcopus,
400 5743 449 5818 qui
460 5743 556 5801 throni
563 5744 715 5818 Apostolici
733 5744 926 5818 gubernacula
966 5745 1152 5819 eloquiorum,
1168 5760 1245 5818 aqua
1257 5749 1286 5802 et
1299 5742 1421 5803 oleribus
1439 5744 1585 5811 educatus.
1599 5744 1687 5803 mo
1699 5763 1772 5809 vero
