3818 6120
129 292 185 360 ret
782 281 1117 357 wesema.
1716 296 1768 359 rsa

128 422 220 486 tra'tar
230 420 281 485 ille
290 422 500 486 'Etilatius'ttcit
513 430 543 485 ln
557 426 748 486 colmenar
767 412 833 489 ian
849 422 1076 502 'peneAeemnt
1089 416 1223 498 probaret
1235 440 1310 482 eum.
1322 428 1424 483 Statim
1438 430 1533 484 summ
1541 428 1630 484 irater
1641 428 1689 484 ille
1703 442 1768 484 cum

128 518 307 576 amusan
321 513 932 591 erunnoiuamonesteniconmcnsunqe't
972 514 1033 588 ipso
1047 512 1284 587 moioepemxu
1297 516 1332 570 ad
1346 517 1673 585 aanatumtnaataaiam
1689 522 1770 574 atra

128 609 319 665 examinata
331 618 383 682 per
394 609 595 683 negligentiam
610 611 680 680 ejus.
704 608 849 676 Quomodo
864 626 931 684 orgo
971 605 1058 677 gabat
1071 603 1252 660 eumdicens:
1264 605 1335 660 tube
1342 606 1530 675 considerare,
1541 601 1769 676 Patencodiccm

129 697 186 753 isto
199 696 443 756 taliotnloo'onuus
454 698 515 754 ootl
529 694 712 772 Respondons
733 700 818 757 potor
830 717 931 758 mona.
972 694 1069 762 istum,
1085 700 1114 750 et
1127 693 1268 750 estimare
1282 708 1347 749 eum
1361 695 1385 750 si
1400 695 1494 751 valeat
1512 696 1616 752 solidos
1636 695 1767 762 sedecim,

129 787 212 843 sterii
226 778 407 846 aitzinterim
421 802 525 861 paucos
534 789 594 844 dies
605 788 795 846 sustineamus
802 789 929 861 tratrem,
973 784 1105 857 quoniam
1120 789 1232 839 lantum
1246 784 1330 855 prelii
1339 783 1410 856 palii
1420 785 1468 858 qui
1479 785 1610 842 uistmhit
1622 785 1713 841 illum·
1722 784 1770 841 Di·

130 882 162 931 et
174 882 273 950 postea
285 876 477 933 ordinabimus
491 877 526 933 de
550 895 583 934 eo
604 879 677 951 quod
700 880 835 952 competit
858 883 929 937 deri.
973 873 1014 928 ¹it
1027 880 1122 929 autem
1136 871 1412 929 abbaadnaataaissat
1429 873 1597 939 Quiabanua
1611 880 1655 930 eal
1664 873 1768 941 codex,

130 965 198 1021 llaec
213 966 308 1023 dicens
322 966 430 1023 dimisit
438 965 549 1023 tratres.
563 968 710 1040 Ingressus
723 983 788 1025 vero
802 969 932 1027 cellulam
974 969 1002 1018 el
1016 963 1090 1018 valet
1101 962 1184 1018 tauli-
1196 963 1334 1018 Reversus
1347 968 1443 1018 autam
1458 963 1507 1035 qui
1516 954 1582 1020 eum
1591 978 1684 1020 emere
1698 964 1771 1019 vola

130 1056 285 1127 prostravit
307 1073 337 1111 se
359 1056 584 1132 lucrationibus,
610 1056 760 1113 obsecrans
774 1058 931 1116 misericor·
972 1051 1030 1119 bal,
1046 1052 1117 1107 dixit
1138 1050 1323 1107 distrahent&
1349 1052 1417 1107 3⁰⁰⁶
1438 1053 1531 1125 800ῑΡθ
1549 1053 1681 1126 prelium,
1705 1052 1772 1125 illi*

129 1143 210 1199 diam
225 1138 346 1211 Domini,
358 1148 395 1201 'ut
408 1145 434 1200 ei
448 1140 630 1201 manifestare
644 1145 932 1220 dignareturquidor-
972 1142 1082 1197 ostendi
1097 1141 1228 1197 codicem
1241 1141 1336 1196 abbati
1359 1143 1519 1207 Anastasio,
1540 1147 1569 1197 et
1582 1143 1652 1197 dixit
1674 1143 1767 1198 mibi:

130 1233 232 1288 dinnre
247 1238 297 1290 aut
306 1233 425 1291 delinire
439 1232 575 1307 possetde
585 1248 659 1308 saepe
669 1235 849 1292 dictoiratre:
865 1241 932 1294 tuno
974 1230 1047 1297 Quia
1058 1230 1147 1286 bonus
1157 1236 1200 1286 eal
1214 1231 1317 1296 Codex,
1339 1238 1369 1287 et
1381 1232 1456 1286 valet
1479 1231 1560 1287 lanii·
1585 1232 1772 1304 Interrogavit

129 1322 288 1379 arelatum
299 1323 569 1397 cste'iqui'dagerct.
581 1324 933 1398 Convocavitergoomnoo
973 1324 1069 1375 numm
1084 1319 1230 1375 iratorille
1251 1319 1275 1374 si
1299 1319 1369 1375 nihil
1394 1319 1493 1376 beatum
1516 1321 1681 1376 Anastasius
1701 1321 1772 1376 dixit

130 1410 236 1468 iratres
250 1411 346 1481 abbas,
365 1412 491 1486 dixitque
503 1413 557 1469 eis:
575 1413 688 1469 Credite
712 1414 794 1482 mibi,
819 1414 931 1484 iratres,
974 1409 1060 1465 anuo.
1073 1410 1124 1464 Cui
1135 1409 1429 1482 respondeusilleait:
1447 1409 1686 1483 credemihiquia
1701 1409 1772 1466 nihil

131 1501 202 1573 qula
216 1502 306 1574 magis
318 1504 385 1576 opto
395 1502 544 1558 mortulam
553 1502 759 1559 frntfisssulolii
768 1504 933 1561 oumhumi.
973 1498 1085 1572 penitus
1101 1498 1170 1553 mibi
1183 1495 1260 1553 aliud
1275 1498 1357 1553 dixit.
1371 1499 1437 1554 liaec
1450 1515 1513 1555 cum
1536 1499 1663 1554 audisset
1685 1498 1774 1555 irater

131 1591 214 1646 litate
228 1596 258 1646 et
280 1592 417 1664 patientia
431 1593 493 1664 ejus
517 1606 602 1666 quam
617 1592 712 1649 omnia
729 1604 816 1666 opera
835 1610 932 1651 eorum
973 1587 1030 1648 ille·
1046 1587 1115 1642 dixit
1128 1586 1173 1642 ei:
1190 1587 1262 1653 Quia
1278 1588 1339 1659 lam
1359 1588 1520 1659 wallevi·
1539 1581 1636 1656 fralet,
1659 1595 1692 1645 ⁰1
1707 1590 1773 1646 ¹1010

131 1676 272 1737 dunmxat
282 1681 341 1753 qui,
356 1688 568 1738 murmurantes
580 1683 610 1738 in
626 1680 757 1739 cordibus
777 1683 846 1748 suis,
865 1700 933 1757 ope·
974 1677 1131 1733 distrahere
1141 1676 1273 1732 COdicem
1282 1686 1391 1745 meum}
1403 1679 1670 1750 ⁰⁰mP¹¹¹¹0i³¹⁸0ssim
1677 1680 1772 1746 wida,

132 1776 235 1824 rantur
248 1770 278 1826 in
293 1755 522 1827 monasteriossUt
534 1776 630 1828 nutem
644 1772 775 1828 ostendat
786 1770 866 1827 vobis
877 1772 934 1828 Do·
945 1751 1140 1821 Bftssfisssssslei
1154 1764 1454 1838 Pfflfflifflbbmm
1465 1767 1655 1834 mimium,
1667 1772 1697 1824 ei
1710 1785 1773 1841 Dm·

131 1858 323 1932 minusquan
337 1859 471 1916 mensum
484 1859 675 1928 &nannet
688 1860 748 1935 ipse
762 1860 838 1917 idem
847 1860 935 1919 nater
974 1855 1149 1911 aautseiu
1162 1855 1774 1929 tammadpadeaaiaaatrraaabatarcum

132 1949 210 2022 apud
223 1949 324 2017 Deum,
339 1939 598 2023 praecipio'vobisut
607 1942 850 2008 deieranturmibi
864 1956 936 2008 mai·
976 1945 1046 2000 fletu
1062 1949 1091 2000 et
1104 1944 1237 2018 laerymia
1248 1944 1422 2017 poenilassdffi
1436 1950 1468 2000 ut
1482 1947 1668 2018 temperat
1689 1947 1773 2003 Gadi·

131 2036 202 2095 culo
215 2039 343 2094 omnium
356 2039 495 2094 rernm:
512 2056 582 2112 quas
596 2040 661 2096 cun
674 2036 937 2113 oetmuentuussu
976 2049 1037 2089 cam
1052 2050 1146 2101 suum,
1161 2032 1210 2089 aad
1220 2049 1278 2089 nan
1288 2032 1484 2107 acquiescebat
1497 2035 1524 2090 ai
1545 2034 1641 2102 abbae
1659 2036 1771 2093 diuus:

133 2128 469 2200 utnoenderenttgnen,
485 2133 514 2184 et
524 2128 603 2185 misit
613 2128 643 2185 in
657 2136 722 2185 eum
737 2130 935 2186 omoiomrra-
975 2120 1054 2178 vene
1068 2139 1133 2179 cura
1147 2138 1227 2196 raca,
1236 2123 1333 2179 frater:
1345 2125 1476 2195 acaciam
1486 2141 1551 2181 aum
1559 2126 1703 2182 voluntate
1711 2142 1777 2182 mea

132 2220 211 2272 trum
226 2219 370 2286 metentes,
387 2232 448 2292 qun
461 2218 556 2276 statim
572 2217 726 2275 combusto
737 2224 813 2287 sunt,
831 2223 936 2292 praetor
976 2210 1079 2269 habeto
1091 2213 1184 2286 ipsum
1197 2213 1338 2269 Codicem.
1352 2213 1402 2269 ltle
1414 2219 1509 2269 autem
1528 2214 1698 2287 persistebat
1709 2232 1775 2273 cum

132 2306 284 2362 iuraturum
298 2305 393 2364 nmmo
404 2306 513 2374 aaroni,
527 2316 589 2380 que
598 2308 893 2381 tungroreperuest,
906 2313 936 2365 et
974 2301 1107 2375 lacrymis
1121 2302 1242 2375 petendo
1253 2316 1317 2358 aum
1327 2302 1438 2358 dicans:
1453 2303 1527 2368 Quia
1540 2304 1565 2360 ai
1578 2320 1635 2360 non
1647 2321 1776 2378 sumpe-

133 2408 192 2448 non
205 2397 249 2448 est
257 2393 413 2449 combusta.
425 2394 553 2467 cumque
563 2393 756 2450 bocvidisse'ut
763 2394 867 2451 iratres
876 2411 935 2450 om·
974 2390 1014 2446 ris
1030 2392 1171 2460 codicem,
1187 2392 1301 2448 domine
1314 2390 1408 2459 Pater,
1424 2393 1502 2448 nullo
1521 2394 1604 2450 modo
1618 2395 1776 2467 requiescet

133 2497 195 2549 nes,
209 2482 368 2538 timuerunt
377 2482 469 2551 ‘valde
480 2485 725 2556 etprostrave'runt
736 2497 767 2539 sc
778 2483 932 2552 interram,
974 2480 1071 2537 anima
1086 2497 1159 2537 mea.
1178 2481 1248 2537 Post
1258 2482 1311 2537 boc
1324 2481 1372 2537 ille
1395 2483 1502 2561 recepit
1521 2483 1652 2541 codicem
1670 2502 1773 2555 suum3

134 2570 247 2626 venmm
261 2576 290 2627 et
299 2571 504 2644 indulgentiam
518 2570 935 2645 acnnnonominopostunn-
974 2586 1041 2627 nam
1055 2569 1143 2626 irater
1156 2570 1370 2643 ille-permansit
1388 2572 1463 2644 apud
1472 2571 1587 2629 beatum
1594 2574 1777 2632 Anastasium

132 2665 187 2723 tes.
203 2665 233 2716 et
246 2661 437 2718 ostendentes
451 2660 665 2718 admirabantur
674 2660 757 2717 nimis
766 2661 934 2734 patientiam
975 2661 1005 2716 in
1019 2660 1121 2716 cedula
1135 2661 1310 2735 elusaeque
1324 2659 1354 2717 in
1368 2661 1474 2717 exitum
1487 2662 1551 2718 vita
1564 2679 1632 2719 sue.

133 2749 364 2807 atbumilitatem
377 2751 473 2807 fratris
486 2747 598 2807 'Eulalii
615 2750 743 2824 Denique
752 2767 786 2807 ex
799 2765 831 2807 eo
845 2752 935 2809 nono·
1012 2747 1057 2807 31.
1073 2749 1140 2806 Fuit
1150 2748 1406 2823 quidbtli'eremita‚
1422 2751 1489 2807 Pior
1505 2753 1630 2821 nomine,
1644 2752 1680 2810 de
1701 2754 1776 2810 anti·

133 2838 238 2895 rabant
251 2846 279 2896 et
300 2836 519 2912 magnificabam
543 2848 619 2906 eum,
638 2843 778 2912 tanquam
790 2841 883 2897 uuum
900 2842 935 2897 de
976 2837 1039 2909 quis
1053 2829 1192 2906 Patribus,
1205 2855 1288 2911 quem
1301 2838 1401 2895 beatus
1420 2841 1559 2896 Antonius
1573 2841 1776 2900 adolescentem

133 2930 246 3002 magnis
259 2929 390 2985 Patribus
404 2949 411 2998 ;
424 2930 494 2985 istos
505 2936 599 2984 autem
609 2930 868 2986 honoresctlaudes
877 2944 934 2987 non
975 2927 1005 2981 in
1015 2932 1111 2983 sancto
1122 2928 1266 3000 proposito
1275 2929 1477 2984 monachornm
1486 2930 1620 2987 instruxit
1631 2950 1637 2987 :
1650 2933 1777 2989 demora-

133 3022 247 3091 poterat
260 3017 399 3073 sustinere
412 3016 500 3073 trater
516 3016 650 3085 Eulaliae,
667 3016 763 3074 dicens
778 3037 784 3073 ι
801 3016 849 3074 Vae
865 3019 935 3074 mihi
976 3021 1022 3072 tus
1036 3021 1078 3072 est
1087 3021 1183 3072 numm
1190 3017 1265 3090 apud
1277 3016 1391 3073 beatum
1400 3020 1554 3075 Antonium
1562 3034 1651 3077 annos
1660 3038 1774 3094 paucos.

133 3107 249 3176 infelici,
257 3104 637 3180 quiapcrdidibumilitatem
647 3108 932 3180 msam,quamtantis
942 3120 967 3183 ρ
976 3105 1104 3178 Cumque
1117 3105 1217 3178 viginti
1230 3111 1260 3161 et
1274 3106 1397 3180 quinque
1408 3113 1481 3164 esset
1493 3125 1643 3176 annorum,
1659 3110 1729 3166 abiit
1739 3112 1776 3168 ad

132 3196 310 3270 temporibus
324 3197 479 3269 acquirere,
495 3197 648 3253 auxiliante
668 3195 697 3253 et
714 3197 865 3269 adjuvante
888 3216 934 3255 me
975 3194 1062 3250 anum
1070 3196 1304 3251 secretumeremi
1314 3197 1416 3265 locum,
1427 3203 1461 3254 ut
1469 3198 1613 3254 subterius
1622 3198 1774 3268 babitaret,

133 3286 385 3353 cumrommino,
403 3284 933 3360 immortconsurgensnaquenocte,
974 3283 1028 3340 boc
1042 3284 1128 3340 mam
1142 3285 1253 3340 volente
1267 3290 1298 3341 et
1319 3286 1512 3343 consentiente
1534 3287 1620 3344 beato
1640 3289 1774 3346 Autome.

132 3390 265 3450 egnessm
279 3376 314 3432 de
329 3374 500 3432 monasterio
514 3375 622 3448 lngitin
635 3390 772 3445 eremum,
782 3371 934 3434 doinullm
974 3373 1106 3446 Dixitque
1115 3374 1260 3431 eisanctus
1270 3375 1428 3432 Antonius:
1446 3375 1531 3443 l'ade,
1543 3377 1619 3445 Dior,
1636 3382 1665 3433 et
1678 3378 1776 3436 habita

132 3480 201 3522 eum
215 3468 390 3539 ngnosceret,
407 3471 437 3522 et
449 3460 488 3521 ibi
498 3464 822 3539 inspeluncahabitavit.
836 3467 935 3524 Noluit
975 3462 1023 3518 ubi
1036 3463 1175 3531 uolueris3
1192 3469 1221 3519 et
1234 3480 1304 3520 curn
1314 3463 1364 3520 tibi
1376 3482 1427 3537 per
1435 3465 1560 3538 aliquam
1577 3467 1774 3525 rationabilem

132 3556 211 3613 euim
226 3554 395 3629 temporales
416 3556 564 3611 bominum
586 3555 694 3623 laudes,
720 3555 769 3611 sed
791 3556 933 3612 roelesmrn
974 3552 1474 3621 occasionemrevelareritDominus,
1484 3555 1578 3612 venies
1588 3557 1625 3612 ad
1638 3559 1775 3615 mecum

132 3645 455 3718 atemamquegloriam
468 3658 486 3700 a
500 3644 645 3701 salvatore
661 3650 758 3700 nostro
771 3644 882 3702 Christo
902 3645 933 3703 in
974 3646 1069 3698 autem
1083 3643 1256 3715 pervenisset
1271 3643 1316 3699 bic
1324 3642 1385 3716 ipse
1394 3645 1506 3702 Piorad
1523 3644 1616 3703 locum
1634 3648 1683 3720 qui
1702 3649 1773 3705 situs

130 3736 230 3794 tuturo
244 3737 345 3794 seculo
361 3736 513 3810 percipere.
973 3736 1017 3787 est
1029 3732 1104 3789 iuter
1115 3732 1237 3789 Nitriam
1245 3737 1274 3789 et
1280 3748 1405 3790 eremum
1416 3735 1522 3808 scythi,
1539 3735 1635 3793 eltodit
1644 3742 1772 3811 puteum,

171 3825 215 3885 30.
231 3826 310 3883 Beati
322 3824 431 3882 abbatis
444 3825 587 3882 Anastasii
607 3819 777 3882 laudabilem
790 3825 934 3883 lrumilita-
973 3821 1099 3894 cogitans
1110 3822 1186 3895 apud
1192 3823 1388 3897 semetipsum:
1400 3824 1539 3890 Quoniam
1548 3826 1774 3901 qualemcunque

131 3921 193 3974 Dm
205 3921 238 3972 et
248 3916 390 3989 patientie
405 3915 536 3972 virtutem
550 3919 661 3989 oportet
674 3920 707 3971 ut
720 3931 930 3986 cognoscamus,
973 3927 1075 3984 equam
1089 3912 1232 3981 inuenero,
1248 3918 1360 3986 oportet
1373 3929 1419 3970 me
1432 3914 1495 3988 ipsa
1512 3921 1676 3974 contentum
1691 3934 1772 3988 esse;

132 4004 934 4081 quatenusadmirabilemmaguanimitatemottranquilli·
974 4001 1048 4073 quod
1062 4006 1091 4057 ct
1107 4001 1212 4059 iactum
1222 4007 1274 4072 est,
1287 4003 1323 4059 ed
1333 4009 1517 4076 augmentum
1528 4005 1695 4063 meritorum
1709 4009 1771 4081 ejus

131 4101 222 4154 tatem
229 4094 619 4168 animaeejuscousidcrautes,
625 4095 933 4167 imitemurexemplum
973 4090 1038 4146 talis
1053 4092 1180 4160 occasi03
1196 4097 1308 4148 tantum
1323 4094 1398 4149 enim
1408 4095 1483 4150 salsa
1498 4100 1528 4150 ct
1541 4111 1640 4152 amara
1656 4097 1772 4155 inventa

128 4184 250 4259 (Peter,
260 4188 344 4241 titctt.
358 4199 416 4252 ru,
432 4200 460 4240 a.
476 4184 756 4257 immutationis).
773 4184 825 4240 llic
835 4184 932 4256 itaquo
974 4184 1110 4254 estoque,
1123 4185 1157 4237 ut
1168 4181 1193 4237 si
1208 4182 1270 4253 quis
1280 4182 1316 4237 ad
1331 4198 1396 4238 eum
1408 4182 1541 4240 rutundi
1552 4185 1770 4256 gmtiaveniret,

129 4276 300 4334 Anastasius
314 4274 435 4330 habebat
457 4274 587 4330 Codicem
603 4274 633 4330 in
651 4274 829 4347 pergamenis
851 4273 931 4329 valde
972 4269 1125 4343 inproprie
1135 4268 1771 4344 vasculosibiaqnamdeporteret.Remos-atus

129 4365 248 4440 optimis
257 4364 404 4437 scriptum,
420 4363 468 4436 qui
483 4363 579 4419 decem
588 4368 618 4419 et
630 4369 692 4419 octo
702 4362 813 4418 valebat
823 4361 929 4431 solidis,
972 4365 1016 4415 cst
1031 4359 1062 4416 in
1076 4360 1175 4416 eodem
1189 4360 1249 4415 loco
1263 4360 1346 4415 annis
1359 4359 1487 4431 triginta.
1507 4361 1645 4419 Dicebant
1657 4381 1725 4445 ergo
1744 4365 1771 4421 ei

128 4459 224 4511 totum
239 4453 314 4509 enim
323 4457 403 4509 setus
418 4458 447 4508 et
460 4469 563 4509 novum
572 4454 784 4509 Testamentum
794 4443 962 4523 scriptumD
972 4449 1074 4505 iratres
1082 4455 1114 4505 ut
1121 4448 1266 4505 recederet
1273 4449 1310 4504 de
1318 4448 1378 4505 loco
1385 4448 1449 4521 ipso
1465 4455 1581 4523 propter
1601 4453 1769 4510 amaritudi-

129 4540 264 4600 babebat.
280 4543 352 4600 Cum
366 4542 581 4614 antemquidam
587 4541 675 4598 nater
688 4540 810 4597 venisset
823 4541 930 4596 adeum
971 4554 1137 4611 ucmaqnn3
1154 4537 1214 4612 ipse
1224 4542 1320 4594 antem
1328 4537 1400 4594 dixit
1409 4538 1463 4595 eis:
1475 4539 1505 4596 Si
1516 4540 1734 4599 amaritudinem
1740 4548 1770 4599 et

128 4631 263 4689 vbimndi
273 4635 376 4706 gratia
391 4631 496 4688 siditin
503 4631 603 4687 cellula
611 4632 673 4703 ejus
688 4631 818 4688 codicem
825 4631 928 4703 ipsum,
971 4628 1097 4684 laborem
1115 4628 1238 4701 fugimus
1252 4627 1438 4697 abstinentiae,
1462 4632 1491 4684 et
1513 4629 1642 4688 volumus
1663 4631 1694 4688 in
1715 4633 1769 4689 boc

128 4722 336 4795 etconcupirit
347 4723 562 4794 iuratusqueest
571 4736 646 4786 eum,
657 4720 770 4778 etabiit.
781 4722 930 4794 Supremo·
971 4717 1076 4774 mundo
1090 4718 1216 4791 requiem
1225 4717 1338 4786 habere,
1354 4721 1418 4791 post
1427 4719 1602 4776 exitumvitoe
1612 4721 1697 4794 hujus
1710 4738 1768 4779 non

128 4817 259 4868 momtus
273 4816 368 4868 autem
381 4812 468 4868 abbas
488 4810 664 4878 Anastasius,
683 4827 748 4867 cum
767 4811 932 4884 requisisset
971 4807 1160 4880 percipiemus
1174 4807 1224 4864 illa
1236 4812 1342 4864 eterna
1356 4812 1386 4864 et
1405 4824 1472 4864 sere
1488 4808 1582 4865 dulcia
1608 4808 1692 4880 bona,
1715 4827 1769 4868 uec

127 4900 231 4958 adem
246 4901 292 4958 die
302 4904 337 4958 ad
348 4902 497 4974 legendum
505 4901 635 4958 codicem
646 4917 738 4967 suum,
751 4904 780 4956 et
794 4901 929 4958 noninse·
970 4897 1098 4952 truamur
1109 4897 1165 4952 illis
1179 4897 1323 4970 perpetuis
1336 4895 1411 4953 beati
1427 4897 1551 4970 paradisi
1563 4898 1680 4957 deliciis.

127 4990 230 5057 nisset,
245 4990 384 5048 intellexit
391 4991 457 5065 quia
471 4991 613 5047 iraterille
620 4990 729 5046 lirratus
739 4995 814 5046 esset
823 4994 931 5057 eum,et
1005 4985 1143 5042 Dicebant
1154 5002 1221 5058 ergo
1230 4987 1331 5043 fratres
1346 4987 1413 5060 qaia
1424 4984 1631 5046 tantumunum
1644 4991 1769 5064 paxima-

127 5080 224 5137 noluit
237 5080 350 5138 mittere
364 5087 427 5155 post
439 5081 545 5154 ipsum,
558 5094 610 5136 nec
628 5080 772 5153 requirere
797 5095 872 5147 eum,
894 5095 930 5135 ne
969 5075 1042 5132 tium
1054 5081 1081 5132 et
1098 5076 1223 5149 quinque
1240 5076 1326 5132 olivas
1340 5076 1371 5133 in
1392 5076 1455 5133 cibo
1477 5076 1641 5152 accipiebat,
1664 5087 1694 5138 et
1715 5084 1769 5142 hoo

128 5175 197 5245 post
210 5170 317 5228 tartum
331 5171 417 5227 etiam
431 5177 461 5227 et
474 5171 599 5244 perjuria
613 5169 793 5226 adderentur.
807 5170 929 5225 Descen-
969 5165 1176 5222 deambulando
1190 5163 1267 5221 soris.

102 5258 112 5267 ”
128 5259 203 5316 dens
218 5264 313 5315 sutem
325 5258 413 5316 trater
426 5260 474 5315 itte
485 5259 515 5315 in
530 5275 592 5316 earn
609 5275 671 5332 qnae
685 5258 715 5313 in
729 5257 855 5330 proximo
869 5261 931 5313 erat
1008 5256 1100 5312 Etiam
1115 5263 1144 5311 et
1157 5256 1210 5312 boc
1223 5254 1403 5312 affirmabant
1416 5256 1452 5313 de
1461 5273 1495 5314 eo
1507 5256 1590 5316 multi
1604 5266 1766 5320 sanctorum

128 5349 287 5418 civitatem
302 5349 389 5405 soluit
402 5348 559 5405 distrahere
573 5348 703 5404 eodieem
711 5347 801 5413 illum,
817 5346 931 5419 petebat
971 5347 1097 5412 Petrum,
1108 5344 1174 5417 quia
1183 5345 1301 5418 triginta
1310 5351 1340 5402 ct
1349 5345 1767 5426 ampliusfflanuisaxquo

129 5444 230 5496 autem
241 5439 271 5495 in
283 5439 373 5511 pretio
388 5440 449 5511 ejus
463 5439 567 5494 solidos
589 5437 721 5493 sedecim.
745 5436 818 5493 Dicit
839 5437 865 5492 ei
882 5435 930 5492 ille
970 5451 1099 5507 mosem
1114 5440 1158 5490 est
1171 5434 1302 5491 dedomo
1316 5439 1465 5508 parentum
1475 5452 1600 5506 suorum,
1621 5456 1768 5514 nunquam

129 5529 184 5603 qni
197 5544 263 5585 eum
275 5540 368 5584 emere
381 5526 509 5584 solebat:
524 5528 567 5583 Da
579 5527 649 5583 mibi
664 5526 805 5595 codicem,
818 5530 851 5582 ut
863 5540 929 5600 pos·
971 5526 997 5581 el
1010 5540 1126 5581 suasum
1136 5524 1231 5593 luisse,
1241 5524 1327 5581 etiam
1337 5540 1401 5582 cum
1410 5524 1557 5584 defunctos
1577 5528 1704 5585 audisset
1716 5543 1769 5601 pa·

129 5621 188 5681 eim
203 5617 354 5695 probasset
368 5618 439 5677 tani
449 5617 533 5693 pretii
546 5618 638 5688 valet,
652 5615 931 5690 deditcrgoeiOodi·
969 5619 1066 5674 renas
1083 5614 1766 5692 suos,utpergeretadreqairendumseuvisitaa·
