3818 6120
143 402 192 479 5⁶⁸1
339 420 425 476 vna
444 416 664 474 saumonua
683 392 856 472 nasama
875 397 1045 472 nasama
1064 416 1109 474 m
1128 418 1310 481 rossenac
1329 428 1444 487 murm
1464 435 1580 496 sams.
1725 446 1777 504 aaa

141 560 292 618 nequeam,
306 551 340 600 ut
353 544 400 616 qui
416 544 548 598 adversus
566 559 630 597 eum
646 541 815 608 rebellarim,
833 541 940 613 ipsique
951 542 1051 606 Aliare
1079 560 1190 615 queam.
1221 546 1359 612 Quoniam
1388 562 1417 611 tu
1435 559 1573 628 gloriosus
1588 582 1618 621 es
1637 567 1777 629 insaecula

140 633 246 691 bellum
261 634 419 691 indixerim.
440 633 513 700 Quid
538 633 624 703 igitur
650 633 719 704 spei,
746 631 939 686 osuavissime
980 634 1154 689 saeculorum.
1171 636 1271 692 Amen.

140 725 190 792 illi,
208 726 244 781 ad
258 726 318 782 haec
331 725 418 788 dicas,
430 725 474 780 iac
487 725 697 797 quamprimum
711 724 809 787 sciam,
826 741 858 778 ac
873 723 940 795 quid
1016 721 1086 776 Cum
1101 723 1137 777 ad
1153 723 1227 780 hunc
1241 730 1354 786 modum
1364 742 1478 802 orasset,
1492 747 1577 813 atque
1588 746 1639 801 boc
1653 747 1706 804 sibi
1717 768 1778 823 per·

140 814 211 870 mihi
224 815 361 886 patrituo
385 814 541 870 iaciendum
563 814 600 869 sit
623 815 700 878 doce,
718 819 802 884 atque
816 813 851 867 ad
867 814 937 883 ejus,
980 811 1123 879 suasisset,
1154 818 1252 871 sevoti
1272 820 1315 875 sui
1341 833 1496 898 compotem
1520 832 1656 905 futurum,
1673 841 1776 898 Christi

139 905 215 976 quod
234 905 264 959 in
280 922 340 960 rem
367 921 459 960 meam
482 905 609 959 futurum
624 904 669 969 sit,
686 903 874 974 cognitionem
894 919 939 957 mc
980 900 1170 958 misericordia
1180 904 1365 976 fretus,illinc
1379 931 1442 970 cum
1455 921 1531 990 regio
1542 926 1673 982 satellitio
1683 946 1776 985 eroes.

138 998 276 1065 tanquam
291 1001 422 1066 porrecta
430 1010 516 1049 manu
526 994 569 1049 iac
577 993 672 1048 ducas.
688 993 790 1047 Valeo
980 987 1025 1053 sit,
1041 995 1125 1062 atquc
1135 994 1170 1047 ad
1178 997 1266 1066 patris
1277 1000 1412 1069 palatium
1423 1022 1484 1062 sese
1494 1014 1621 1069 contulit.
1634 1017 1669 1071 Ul
1680 1026 1775 1075 autem

173 1084 256 1138 llario
271 1084 419 1156 epistolam
434 1101 498 1139 cum
519 1084 654 1155 iosaphat
679 1081 841 1153 accepisset,
865 1098 939 1153 quae-
980 1083 1060 1148 pater
1068 1080 1103 1134 de
1126 1082 1176 1138 alii
1199 1086 1320 1144 adventu
1334 1093 1437 1147 certior
1450 1095 1539 1153 factus
1554 1107 1606 1167 est,
1623 1107 1718 1163 statim
1728 1109 1775 1164 ob-

138 1189 193 1244 que
203 1173 234 1227 in
244 1190 277 1229 ea
289 1173 507 1229 continebantur
519 1172 637 1244 legendo
644 1177 738 1239 3⁰25
748 1176 935 1242 peragrasset,
979 1165 1052 1220 viam
1070 1169 1095 1223 ei
1109 1169 1211 1241 prodit,
1225 1179 1408 1250 atqueipsum
1418 1186 1613 1258 complectitur
1623 1198 1651 1247 et
1663 1212 1777 1253 exoscu-

136 1263 280 1335 voluptate
304 1264 390 1319 simul
413 1271 442 1319 et
460 1264 647 1319 admiratione
662 1262 774 1317 animus
784 1261 872 1331 ipsius
887 1261 938 1314 im-
978 1253 1062 1321 latur,
1075 1257 1165 1329 deque
1175 1261 1262 1332 ipsius
1270 1267 1390 1325 adventu
1401 1276 1523 1330 maxima
1535 1279 1678 1352 voluptate
1687 1286 1776 1342 allici·

135 1352 583 1425 pletusest.Atqueincubiculum
592 1349 938 1420 suumconlestimingrcs·
978 1349 1033 1411 tur,
1046 1345 1243 1421 publicumque
1259 1370 1291 1408 ac
1305 1357 1429 1416 solamne
1439 1362 1541 1420 festum
1555 1368 1686 1426 celebrat.
1704 1374 1776 1439 Quid

135 1457 195 1509 sus,
213 1447 314 1498 etanta
324 1443 499 1499 Dominicam
518 1442 639 1513 effigiem
650 1441 679 1496 in
695 1440 794 1495 taciem
808 1439 935 1510 abjectus
979 1438 1073 1489 autem
1089 1439 1204 1507 postea?
1228 1441 1354 1500 Remotis
1369 1449 1491 1519 arbitris
1508 1471 1564 1510 una
1576 1460 1729 1517 consident,
1742 1464 1776 1519 Et

135 1537 244 1586 terram
258 1532 391 1605 lacrymis
401 1531 595 1605 pertundebat,
612 1531 695 1585 simul
712 1529 865 1584 etDomino
874 1544 937 1598 gra-
980 1524 1041 1593 quis
1054 1528 1168 1582 tandem
1180 1546 1227 1584 ros
1236 1548 1387 1605 sermones,
1396 1557 1466 1611 quos
1474 1547 1535 1599 tum
1543 1546 1618 1603 lilius
1629 1551 1664 1604 ad
1679 1568 1774 1624 regem

134 1620 190 1675 tias
202 1637 298 1692 agens,
324 1627 352 1677 et
374 1622 409 1677 ad
430 1622 519 1693 ipsius
533 1620 722 1675 laudationem
743 1616 937 1673 exsultationis
978 1611 1086 1681 habuit,
1111 1623 1140 1670 et
1162 1626 1269 1689 quanta
1289 1641 1353 1680 cum
1380 1630 1517 1701 sapientia
1550 1636 1693 1707 disseruit,
1716 1643 1774 1698 ulla

132 1707 212 1764 labia
224 1727 348 1777 movens,
359 1711 459 1784 hisque
469 1710 559 1765 verbis
574 1718 673 1766 utens:
978 1703 1104 1764 oratione
1119 1709 1265 1780 complecti
1281 1717 1384 1782 queat?

170 1799 306 1856 Exaltabo
316 1807 353 1866 te,
371 1801 445 1855 Deus
457 1817 535 1856 meus
549 1800 616 1864 Rex,
630 1803 659 1853 et
670 1797 834 1853 benedicam
845 1796 937 1851 nomi·
1014 1791 1087 1856 Quid
1110 1797 1184 1852 enim
1209 1799 1285 1854 aliud
1313 1803 1490 1875 loquebatur,
1511 1829 1595 1884 quarn
1610 1832 1671 1886 quae
1685 1818 1738 1890 ipsi
1757 1837 1773 1874 a

133 1889 165 1945 ni
175 1894 226 1945 tuo
240 1891 269 1946 in
283 1891 426 1956 saeculum,
437 1897 465 1946 et
474 1891 502 1945 in
513 1891 644 1945 saeculum
655 1887 757 1943 saeculi.
768 1887 933 1956 Magnuses,
949 1879 1071 1969 B‘divino
1086 1884 1201 1956 Spiritu,
1217 1903 1356 1960 perquem
1363 1894 1514 1964 piscatores
1528 1901 1687 1959 universum
1694 1923 1774 1962 mun.

131 1977 263 2047 Domine,
287 1986 317 2034 et
340 1979 488 2035 laudabilis
501 1980 590 2045 valde,
611 1985 639 2033 et
658 1977 859 2048 magnitudinis
875 1980 929 2030 tuac
978 1968 1044 2024 dum
1060 1973 1171 2030 Christo
1185 1976 1357 2046 irretierunt,
1367 1987 1396 2036 et
1405 1983 1561 2043 litterarum
1573 1999 1701 2063 exportes
1708 2011 1774 2051 eru·

132 2076 245 2124 nonest
259 2070 324 2124 finis
338 2070 422 2139 (Ptol.
440 2071 538 2138 cxciv).
555 2069 589 2123 Et
609 2067 671 2139 quis
685 2068 816 2138 loquetur
834 2070 934 2136 poten·
976 2056 1042 2115 ditis
1057 2062 1465 2141 virisdoctrinapraestiterunt,
1481 2075 1708 2138 instillabantur?
1719 2085 1775 2139 Per

131 2157 188 2213 tias
202 2165 276 2223 tuas,
288 2161 400 2214 auditas
409 2158 597 2214 facietomnes
611 2157 710 2212 laudes
720 2154 931 2224 tuas(l'sol.cvli
974 2153 1035 2222 eius
1043 2157 1166 2227 gratiam
1176 2159 1235 2231 ipse
1243 2178 1354 2234 quoque
1364 2165 1491 2222 eruditus
1510 2175 1539 2225 et
1556 2171 1719 2242 instructus,
1737 2176 1772 2231 ad

131 2245 187 2312 Qui
215 2249 375 2304 convertisti
391 2254 501 2320 petram
515 2248 544 2303 in
569 2252 669 2318 stagna
683 2261 829 2318 aquarum,
846 2249 875 2299 et
888 2261 934 2298 ru·
975 2257 1070 2314 regern
1086 2247 1507 2317 verbaiaciebat,scientiaeluce
1517 2275 1581 2315 eum
1592 2263 1770 2322 collustrans.

130 2352 198 2410 pem
210 2338 239 2392 in
253 2337 344 2394 tontes
359 2341 589 2410 aquarumil'sal.
603 2341 691 2407 cx111).
703 2337 743 2392 En
757 2337 831 2391 enim
849 2335 934 2391 etiam
974 2334 1014 2389 Ac
1039 2336 1118 2407 prius
1141 2340 1264 2410 quidem,
1284 2360 1348 2398 cum
1363 2349 1396 2399 ut
1408 2352 1518 2418 patrem
1539 2367 1556 2405 a
1576 2355 1771 2425 superstitioso

130 2443 218 2499 rupes
227 2428 331 2493 haeaac
340 2446 410 2502 rupe
424 2430 521 2486 vlumus
537 2429 624 2502 patris
634 2427 690 2482 mei
705 2430 875 2499 pactuatus
890 2441 936 2479 vo·
976 2438 1070 2480 errore
1080 2425 1266 2496 abstraheret,
1283 2431 1331 2487 diu
1342 2435 1687 2511 multumquelaborasset,
1699 2445 1771 2501 nibil

130 2515 244 2572 luntate
258 2519 587 2575 ceraeinstaramollitum
598 2525 650 2574 est.
662 2518 745 2573 Potes
760 2517 834 2572 enim
848 2515 932 2571 etiam
975 2531 1031 2569 non
1046 2515 1140 2572 dicens
1153 2524 1202 2574 aut
1216 2520 1329 2587 faciens,
1355 2542 1410 2596 quo
1430 2527 1516 2599 ipsius
1542 2530 1666 2588 animum
1689 2535 1725 2590 ad
1740 2554 1769 2592 se

131 2621 165 2661 ex
191 2606 332 2679 lapidibus
361 2609 482 2665 excitare
506 2608 577 2664 lilios
599 2607 719 2664 Abrahae
748 2608 855 2674 (stlattlv.
878 2606 931 2675 ιιι).
974 2605 1109 2671 alliceret,
1121 2607 1224 2665 frustm
1235 2616 1331 2667 minen
1343 2631 1443 2670 canere
1461 2633 1494 2672 ac
1508 2619 1592 2674 surdo
1605 2621 1682 2694 loqui
1697 2624 1771 2681 vide-

130 2695 246 2753 Gratias
259 2699 311 2755 tibi
322 2717 383 2772 ago,
393 2700 513 2772 benigne
524 2700 641 2756 Domine
652 2700 764 2754 acDeus
775 2697 932 2752 misericor·
974 2692 1067 2751 batur.
1084 2699 1121 2752 At
1135 2715 1198 2754 cum
1226 2700 1362 2758 Dominus
1382 2704 1563 2763 afflictionem
1577 2710 1648 2764 servi
1665 2712 1708 2767 sui
1725 2715 1771 2769 Jo-

130 2783 194 2854 diae,
211 2789 344 2859 quoniam
363 2790 393 2845 in
414 2790 652 2862 peccatisnostris
680 2789 795 2844 lenitate
809 2804 876 2844 usus
891 2805 931 2851 es,
974 2785 1075 2856 saphat
1091 2785 1229 2859 inspexit,
1245 2794 1339 2862 atque,
1358 2792 1495 2850 exauditis
1519 2797 1608 2869 ipsius
1631 2801 1769 2872 precibus,

129 2882 218 2951 atque
231 2879 387 2935 etiamnum
401 2882 498 2948 uteris,
515 2885 543 2935 et
557 2881 591 2935 ad
607 2882 681 2935 hunc
693 2896 782 2952 usque
792 2879 867 2934 diem
883 2881 934 2935 im.
974 2872 1083 2928 clausas
1097 2876 1185 2945 patris
1207 2877 1295 2949 ipsius
1319 2880 1421 2950 januas
1440 2887 1572 2956 patefecit
1590 2890 1771 2946 (voluntatem

129 2968 246 3040 punitos
258 2985 309 3024 ηοξ
324 2970 461 3043 reliquisti
473 2973 585 3038 masii„
603 2972 650 3025 lib,
663 2970 753 3025 Consi,
770 2987 792 3023 c,
809 2968 841 3039 i)
858 2971 929 3024 Nam
974 2961 1058 3029 ellim,
1073 2963 1166 3035 inquit
1177 2965 1224 3020 iiie
1248 2967 1330 3038 [Psal.
1343 2973 1440 3043 cellvi,
1459 2975 1620 3032 timentium
1635 2995 1665 3033 se
1677 2979 1767 3047 faciei,

129 3057 309 3131 nosquidem
324 3061 508 3132 jampridem
524 3059 686 3114 atuasacie
704 3058 787 3130 abjici
803 3057 931 3114 mereba-
973 3056 1001 3106 ei
1019 3053 1244 3126 deprecationem
1263 3075 1361 3115 eorum
1387 3064 1537 3133 exaudiet),
1561 3073 1620 3123 ium
1648 3068 1769 3140 denique

128 3164 205 3213 mur,
216 3154 301 3222 nique
309 3149 401 3204 {abac
412 3149 712 3222 vitapublicajnfamia
721 3149 823 3214 notari,
833 3166 932 3221 quem-
973 3158 1020 3197 rex
1036 3160 1069 3198 ea
1083 3161 1144 3216 quae
1158 3145 1324 3204 dicebantur
1338 3149 1417 3206 facile
1432 3153 1615 3227 intelligebat,
1641 3158 1711 3212 adeo
1726 3163 1767 3225 ut,

128 3237 283 3293 admodum
292 3239 419 3294 scelerati
435 3239 475 3293 illi
491 3239 683 3310 Pentapolitae,
691 3239 737 3310 qui
750 3239 807 3310 igni
822 3256 854 3292 ac
869 3238 1157 3304 sul-copponunum
1167 3240 1279 3307 tempus
1288 3244 1388 3295 nactus
1397 3242 1471 3297 filius
1480 3261 1530 3314 per
1540 3245 1770 3317 Christigmtiam

127 3327 220 3400 phura
228 3328 522 3400 conflagraruntttlen
534 3341 600 3383 χιιι,
613 3328 929 3400 Aspatientiaetincom-
970 3321 1103 3378 adversus
1113 3323 1256 3397 improbos
1269 3326 1384 3399 spiritus
1397 3331 1444 3402 qui
1463 3334 1551 3404 patris
1570 3335 1663 3390 animo
1678 3336 1769 3392 domi-

127 3417 374 3490 pmbiljsleninfls
387 3423 437 3474 tua
450 3417 794 3490 benignenobiscnmegit,
817 3417 929 3473 Gratias
969 3410 1111 3468 nabantur
1124 3413 1268 3470 victoriam
1297 3418 1506 3489 adipisceretur,
1536 3422 1686 3496 ipsumque
1710 3425 1770 3481 illo-

125 3505 178 3563 tibi
187 3507 481 3579 agoindignusegoac
493 3506 678 3580 despicabilis,
688 3506 930 3577 etiamsibenigni·
970 3516 1034 3555 rum
1061 3517 1155 3556 errore
1169 3507 1253 3575 atque
1267 3503 1424 3576 impostura
1438 3509 1513 3565 omni
1528 3527 1562 3565 ex
1580 3516 1659 3582 parte
1669 3511 1770 3567 libera·

127 3596 930 3668 tntituaelaudnndaeaceelebmndaeimparsumactelio-
970 3595 1023 3656 ret,
1039 3590 1407 3665 salutaremquedoctrinam
1423 3599 1569 3670 perspicue
1579 3599 1631 3671 ipsi
1645 3599 1770 3654 traderet

128 3686 710 3752 mineJesuOhriste,invisibilisPatrisFili
718 3685 875 3742 acVerbum
882 3685 930 3757 qui
970 3695 1003 3734 ac
1016 3680 1122 3736 coelesti
1136 3686 1165 3736 et
1179 3683 1238 3738 vivo
1252 3684 1310 3740 Deo
1325 3686 1418 3757 ipsum
1429 3687 1600 3743 conciliaret.

130 3775 487 3848 omnisverboproduxisti,
504 3794 536 3832 ac
554 3777 697 3833 voluntate
711 3776 931 3832 tracontineset
1006 3769 1227 3843 Principioenim
1238 3775 1322 3831 altius
1331 3777 1510 3849 exorsusipsi
1524 3777 1769 3849 magnasetadmi-

130 3865 930 3938 tuensquiinlignoextensuses,acfortemvixistitMotth.
972 3860 1771 3935 randasresquaspriusnecintellexerat,neccordisauri·

131 3957 190 4021 ml,
199 3953 294 4027 iiaque
301 3955 348 4028 qui
356 3954 391 4009 ab
404 3955 528 4010 eovincti
536 3955 714 4021 tenebantur,
731 3954 932 4027 sempiternam
972 3946 1024 4004 bus
1039 3953 1399 4022 perceperatannuntiavit.
1410 3956 1521 4010 Etenim
1535 3956 1649 4028 longam
1659 3955 1768 4011 adeum

131 4041 294 4100 libertatem
301 4043 420 4100 attulisti
437 4044 601 4117 3teinquam
611 4045 933 4116 permiseratianestuas
973 4039 1008 4093 de
1021 4039 1079 4094 Deo
1090 4041 1244 4098 orationem
1272 4043 1380 4107 habuit,
1400 4045 1532 4117 piamque
1544 4046 1701 4102 doctrinam
1716 4045 1770 4118 ipsi

133 4130 270 4199 obtestor,
284 4138 317 4189 ut
329 4149 404 4190 nunc
417 4150 528 4207 quoque
539 4133 705 4190 invisibilem
722 4134 932 4189 etomniurnre·
974 4129 1097 4184 ostendit
1118 4131 1242 4204 (nempe,
1259 4133 1333 4204 quod
1346 4150 1403 4189 non
1417 4135 1453 4189 sit
1474 4135 1546 4190 alius
1560 4136 1631 4191 deus
1645 4151 1768 4199 sursum,

132 4237 195 4279 mm
208 4223 376 4280 effectricem
392 4239 508 4278 manum
522 4229 599 4279 tuam
613 4223 756 4286 extendas,
774 4240 806 4277 ac
821 4238 931 4278 servum
973 4217 1075 4290 praeter
1088 4237 1176 4275 uuum
1189 4220 1289 4289 Deum,
1307 4223 1355 4294 qui
1369 4222 1399 4278 in
1413 4223 1496 4278 Patre
1511 4230 1540 4278 et
1552 4224 1623 4279 Filio
1638 4241 1670 4279 ac
1684 4223 1770 4295 Spiri-

132 4314 214 4367 mum
223 4318 253 4369 et
260 4319 370 4384 patrem
380 4329 472 4369 meum
481 4330 513 4368 ex
520 4312 652 4384 graviilla
659 4311 762 4367 diaboli
770 4311 931 4383 captivitate
972 4312 1003 4362 tu
1017 4314 1114 4363 sancto
1130 4311 1311 4380 agnosciturl,
1330 4328 1362 4366 ac
1385 4312 1476 4366 multa
1487 4312 1555 4366 item
1564 4311 1713 4383 theologiae
1727 4328 1770 4367 ar-

132 4416 250 4473 prorsus
272 4401 383 4469 liberes,
407 4407 491 4474 teque
504 4401 676 4473 sempiterna
698 4400 755 4456 vita
770 4400 929 4472 praeditum,
972 4413 1041 4453 cana
1055 4397 1610 4472 ipsiaperuit.Posteaqueetiameaquae
1624 4399 1768 4455 adrerum

133 4498 271 4546 atrorum
281 4490 370 4547 Deum
385 4492 518 4546 aceolum
542 4491 729 4546 immortalem
753 4494 782 4545 et
796 4495 931 4546 aetemum
973 4486 1147 4542 conditarum
1162 4494 1221 4542 tam
1243 4488 1424 4545 invisibilium
1438 4506 1522 4562 quam
1536 4488 1687 4545 visibilium
1702 4504 1768 4561 pro·

133 4577 240 4652 Regem
255 4595 316 4636 esse
329 4579 564 4651 apertissimeipsi
575 4578 716 4635 ostendas.
730 4579 933 4634 Contritionem
943 4569 1142 4632 Dcreationem
1157 4576 1316 4633 attinebant
1330 4579 1475 4650 exposuit:
1503 4578 1637 4634 nimirum
1652 4594 1707 4651 quo
1722 4593 1770 4649 pa·

134 4684 230 4740 queso
246 4669 334 4725 animi
348 4669 404 4725 mei
418 4669 539 4741 propitio
565 4687 597 4725 ac
611 4668 720 4741 placido
735 4669 814 4724 oculo
828 4668 930 4740 aspice,
972 4672 1017 4722 cto
1029 4684 1156 4723 summus
1170 4667 1217 4722 ille
1240 4684 1341 4739 parens
1354 4673 1382 4724 et
1396 4673 1492 4736 8¹1ss
1503 4669 1595 4742 opiter
1610 4667 1694 4724 rebus
1707 4684 1768 4722 om-

133 4772 165 4812 ac
182 4774 237 4831 pro
258 4774 293 4814 ea
315 4763 366 4814 tua
384 4758 595 4831 pollicitatione,
611 4759 639 4813 in
655 4774 739 4831 quarn
755 4758 933 4813 mendacium
973 4755 1056 4812 nibus
1070 4774 1102 4812 ex
1115 4756 1203 4813 nihilo
1210 4756 1362 4830 productis,
1372 4758 1514 4813 hominem
1527 4758 1563 4812 ad
1577 4757 1730 4830 imaginem
1740 4762 1768 4811 ct

133 4861 190 4902 non
205 4846 290 4914 cadit,
311 4848 413 4903 ameis
432 4847 558 4913 partibus
578 4853 631 4914 sta,
660 4847 707 4918 qui
721 4854 750 4902 te
765 4863 932 4902 rerumom·
973 4845 1187 4904 similitudinem
1200 4863 1280 4902 suam
1295 4847 1442 4915 effinxerit,
1453 4847 1602 4919 ipsumque
1616 4845 1725 4902 arbitrii
1738 4845 1770 4901 li·

133 4934 214 4991 nium
230 4936 397 5002 effectorem,
412 4936 595 5003 conditorem,
608 4934 858 5006 etgubematorem
868 4951 933 4990 con·
972 4931 1081 5009 bertate
1096 4935 1241 5001 donatum,
1263 4951 1437 5007 eorumquae
1459 4935 1488 4990 in
1507 4934 1637 5008 paradiso
1652 4933 1769 5008 pulchra

135 5024 218 5081 liteor
242 5030 270 5081 et
296 5041 426 5097 agnosco.
456 5026 539 5082 Fluat
553 5025 584 5080 in
602 5041 647 5080 me
673 5024 775 5080 saliens
796 5041 870 5097 aqua
883 5031 934 5079 tua
974 5030 1055 5080 erant
1072 5025 1238 5097 participem
1248 5023 1442 5088 iecerit,unius
1450 5023 1675 5080 tantumarboris
1684 5028 1771 5095 gustu

136 5115 228 5183 (Ιωη.
242 5117 289 5183 ivl,
313 5115 450 5187 deturque
465 5114 534 5170 mibi
554 5131 647 5170 sermo
670 5113 700 5168 in
719 5114 864 5186 apertione
876 5114 933 5169 oris
974 5112 1027 5185 ipsi
1048 5113 1208 5178 interdicto,
1225 5113 1276 5168 hoc
1295 5118 1338 5168 est
1356 5112 1425 5185 ligni
1441 5113 1573 5170 scientiae.
1584 5113 1645 5180 Quo
1656 5112 1770 5186 quidem

136 5202 240 5274 (Epiust.
255 5206 302 5270 vl),
319 5219 352 5259 ac
367 5221 446 5259 mens
455 5203 521 5259 inte
531 5202 762 5276 angularilapide
777 5208 851 5258 recte
867 5203 934 5258 deli·
974 5204 1106 5259 mandato
1116 5203 1227 5269 violata,
1237 5218 1302 5257 eum
1316 5202 1470 5275 eparadiso
1483 5203 1770 5260 exterminavitllnde

134 5305 179 5360 xa,
193 5291 411 5364 utego,inutilis
421 5299 597 5350 servastuus.
606 5291 678 5365 patri
689 5308 753 5348 meo
763 5291 933 5348 incarnatio·
975 5298 1003 5348 et
1016 5292 1118 5364 ipse,et
1127 5307 1206 5358 uxor,
1227 5308 1260 5346 ea
1273 5308 1358 5365 quam
1371 5309 1434 5348 cum
1449 5309 1482 5348 eo
1495 5292 1638 5349 habebant
1652 5293 1770 5364 conjun·
1849 5300 1854 5308 '

134 5379 178 5436 nia
197 5388 254 5437 tute
268 5382 444 5454 mysterium,
460 5383 501 5438 uti
521 5398 572 5455 par
585 5387 637 5445 est.
654 5374 802 5454 exponere,
818 5387 932 5455 atquea
973 5381 1066 5437 ctione
1080 5381 1193 5453 lapsi,in
1204 5381 1373 5443 hos,multos
1382 5398 1491 5438 errores
1501 5382 1669 5449 inciderunt,
1676 5396 1772 5454 pecca·

134 5484 205 5526 rano
219 5471 419 5544 pestiferorum
434 5472 593 5528 damonum
609 5487 704 5528 errore
713 5488 764 5542 per
778 5470 932 5543 potentiam
973 5477 1003 5527 to
1017 5470 1146 5526 videlicet
1155 5469 1184 5525 in
1195 5468 1359 5526 servitutem
1373 5469 1486 5536 addicti,
1499 5472 1639 5544 mortique
1649 5485 1699 5542 per
1712 5468 1771 5523 dra·

133 5562 214 5617 mam
228 5559 322 5634 ipsum
336 5560 483 5629 abducere,
506 5560 613 5636 tibique
620 5561 678 5616 Deo
691 5573 724 5615 ac
737 5559 866 5629 Domino,
883 5559 932 5633 qui
972 5559 1030 5616 boli
1040 5559 1218 5632 tyrannidem
1232 5557 1344 5616 obnoxii
1363 5559 1463 5617 effecti.
1475 5559 1529 5626 Qui
1544 5559 1659 5634 quidem
1681 5556 1769 5613 homi-

134 5664 191 5708 noa
205 5649 248 5707 vis
261 5655 382 5709 mortem
392 5656 581 5726 peccatorum,
596 5649 645 5706 sed
658 5664 757 5706 eorum
768 5647 933 5723 resipiscen·
972 5647 1056 5706 nibus
1069 5646 1156 5706 semel
1168 5647 1199 5706 in
1211 5653 1379 5723 potestatam
1393 5665 1474 5708 suam
1488 5647 1618 5716 redactis,
1633 5647 1687 5703 boc
1699 5643 1766 5717 egit,

134 5739 204 5800 dam
214 5739 453 5814 acpoenitentiam
475 5744 618 5813 exspectas
626 5740 729 5811 (Erech.
743 5743 831 5810 xvru),
842 5736 932 5796 conci·
972 5745 1005 5796 ut
1017 5737 1069 5800 Dei
1093 5755 1125 5795 ac
1148 5737 1260 5796 Domini
1281 5735 1420 5796 oblivione
1444 5751 1559 5812 prorsus
1587 5736 1764 5808 caperentur,
