3818 6120
96 288 101 295 -
128 260 183 319 355
628 250 676 305 DE
693 249 788 305 vlits
807 248 955 304 Paruum
973 248 1080 303 LIBER
1100 245 1245 302 PRIMUS.
1284 242 1287 249 ‘
1711 236 1763 298 356

131 387 256 457 egestate
266 395 326 434 esse
336 381 462 432 sanctum
472 374 629 429 Modestum
647 374 836 445 patriarcham
849 374 927 427 lero·
934 380 959 439 Α
968 371 1134 426 rachanellae
1145 368 1198 443 (58)
1206 369 1447 424 numismatcuno.
1460 367 1523 422 Mox
1531 366 1764 437 ergotransrnisit

132 475 302 545 solymorum
312 464 379 537 (53),
393 464 427 517 ad
443 463 544 516 horum
559 464 756 518 relevationem
767 468 796 517 et
808 462 927 516 reaedifi-
968 459 1036 515 illud
1045 461 1074 514 in
1085 460 1248 523 crastinum,
1261 464 1293 512 ut
1301 457 1520 512 venundaretur.
1533 457 1567 511 Et
1577 456 1672 510 videns
1681 456 1705 509 is
1717 455 1764 525 qui

132 562 271 616 sationem
280 554 367 609 mittit
377 553 402 606 ei
414 551 585 605 numismata
601 552 685 617 mille,
703 558 731 605 et
743 552 819 605 mille
833 566 927 604 saccos
969 548 1118 615 obtulerat,
1136 549 1204 603 emit
1215 548 1285 602 illud
1299 547 1417 617 triginta
1429 563 1476 600 sex
1491 543 1720 608 numismatibus
1737 550 1766 598 et

133 639 838 720 plenoslrunrento,etmillclegumina,millelibras
849 636 926 700 ferri,
969 655 1067 692 rursus
1079 637 1181 692 obtulit
1204 636 1380 708 patriarchae.
1393 636 1462 690 Cum
1480 651 1544 689 vero
1568 634 1765 689 incrastinum

135 730 477 790 millercstessiccatorum
487 729 616 798 piscium,
632 729 859 799 quimcnomenee
870 725 928 794 (54)
968 728 1084 781 vidisset
1098 720 1263 793 illud,'emit
1282 727 1335 780 hoc
1357 726 1496 790 similiter,
1512 730 1540 779 et
1554 741 1653 779 rursus
1666 723 1767 778 obtulit

133 825 274 886 dicuntur,
285 819 360 873 mille
372 817 482 871 vascula
492 817 558 883 vini,
575 822 602 870 et
623 817 699 870 mille
709 817 853 888 AEgyptios
862 831 929 885 ope·
971 816 1341 887 patriarcbae,dcposcensut
1351 819 1493 885 tegeretur
1502 812 1537 867 ab
1545 813 1663 868 cocum
1673 818 1768 867 autern

133 911 231 975 rarius,
247 910 363 963 mittens
387 907 412 960 ei
432 923 482 976 per
496 905 604 959 litteras
621 924 626 958 :
645 906 712 959 «Da
725 905 793 958 mihi
809 903 928 969 veniam,
971 907 1055 959 tertio
1066 906 1118 959 hoc
1132 905 1250 970 fecisset,
1264 904 1332 959 dicit
1351 905 1376 957 ei
1403 902 1626 974 gratulabundus
1646 903 1694 956 ille
1708 918 1769 956 san·

133 1017 198 1054 vere
213 997 317 1054 Christi
332 1001 471 1067 operator,
487 993 556 1047 nihil
572 994 688 1064 dignum
703 993 815 1064 templis
826 990 931 1047 Christi
972 1001 1033 1050 ctus
1045 1013 1050 1047 :
1064 993 1226 1049 Videbimus
1237 994 1298 1065 quis
1308 993 1428 1058 desiciet,
1444 1009 1495 1063 ego
1510 1008 1546 1046 an
1559 996 1601 1045 tu.
1611 992 1679 1045 Erat
1693 991 1769 1044 eninr

136 1087 270 1143 mittenti.
289 1085 393 1139 uellem
406 1084 491 1147 enirn,
504 1083 585 1136 crede
603 1083 682 1146 mihi,
704 1082 727 1136 si
743 1087 816 1136 esset
830 1097 930 1135 conve·
972 1083 1122 1154 opulentus
1131 1084 1219 1149 valde,
1233 1088 1261 1136 ct
1272 1083 1395 1137 suaviter
1405 1081 1484 1152 quasi
1500 1080 1691 1135 vindemiabat
1705 1097 1769 1134 eum

134 1194 224 1241 niens,
238 1181 266 1229 et
280 1175 340 1244 ipsc
354 1189 386 1227 eo
396 1171 499 1235 venire,
510 1177 541 1225 at
551 1171 609 1242 ipso
619 1171 728 1242 operari
740 1171 766 1224 in
778 1170 860 1224 domo
871 1185 933 1224 san·
972 1173 1020 1227 ille
1035 1178 1157 1237 sanctus,
1167 1172 1303 1243 paulatim
1316 1169 1391 1225 abeo
1402 1170 1491 1224 multa
1501 1170 1644 1231 auferens:
1655 1175 1685 1223 et
1699 1169 1771 1223 dice-

136 1274 187 1322 ctae
203 1263 308 1320 Christi
325 1261 547 1316 resurrectionis.
565 1261 766 1314 Verumtamen
782 1259 849 1312 illud
864 1274 943 1328 rogo>
974 1260 1022 1317 bat
1031 1278 1142 1332 semper
1153 1261 1226 1330 quod
1238 1265 1331 1331 posset
1339 1259 1440 1330 aliquis
1448 1259 1605 1313 intentione
1613 1257 1772 1328 dandipau·

137 1352 332 1409 honorandum
343 1355 427 1420 caput
437 1355 528 1406 tuum.
541 1353 569 1402 et
578 1349 738 1402 nullatenus
749 1349 801 1401 hoc
814 1348 934 1417 imputes
974 1350 1088 1421 peribus
1111 1350 1265 1421 exspoliare
1279 1349 1388 1411 divites,
1405 1355 1433 1402 et
1446 1348 1537 1418 ipsum
1552 1347 1637 1401 etiam
1652 1347 1774 1417 hypoca-

138 1443 254 1498 minimo
269 1438 376 1495 nomini
391 1438 550 1508 exiguitatis
565 1454 642 1504 rheae,
659 1438 708 1492 sed
720 1437 771 1491 hoc
782 1437 874 1507 potius
889 1452 936 1505 pe·
975 1439 1077 1492 misum
1090 1438 1143 1503 (59)
1161 1436 1195 1492 ab
1206 1438 1246 1492 eis
1259 1437 1392 1492 benevole
1410 1437 1629 1501 auferre,ctnon
1644 1451 1770 1506 peccare,

140 1539 183 1586 tas
199 1529 344 1594 aChristo,
355 1533 382 1581 et
393 1526 431 1581 ibi
451 1544 496 1580 me
506 1526 664 1581 conscribat
677 1525 724 1580 ubi
730 1525 866 1580 veraciter
873 1540 936 1578 con·
976 1533 1005 1581 et
1019 1527 1140 1581 maxime
1161 1526 1185 1580 si
1208 1531 1274 1580 sunt
1288 1526 1375 1596 aliqui
1389 1524 1624 1579 immisericordes
1636 1531 1666 1578 et
1686 1524 1772 1580 avari.

139 1619 253 1692 scriptio
267 1617 350 1671 beata
364 1615 500 1670 consistit.
518 1636 528 1665 r
977 1616 1038 1670 Duo
1046 1615 1121 1669 enim
1131 1615 1342 1669 lucraturtalis:
1358 1630 1446 1669 unum
1456 1613 1579 1685 quidem,
1591 1613 1774 1683 quiaanimas

180 1707 243 1761 liar.
260 1707 320 1760 1111.
339 1735 367 1744 -
383 1704 491 1774 Arripit
504 1704 551 1758 ille
569 1710 682 1758 sanctus
697 1709 726 1757 et
748 1703 810 1767 hoc,
831 1683 966 1755 bonumB
976 1704 1089 1773 illorum
1100 1710 1207 1770 servat;
1222 1705 1343 1757 alterum
1351 1708 1455 1769 autem,
1476 1702 1607 1773 quoniam
1619 1707 1648 1756 et
1662 1702 1723 1772 ipse
1742 1718 1775 1755 ex

141 1798 213 1863 dico,
226 1794 355 1849 videlicet
366 1793 439 1864 quod
449 1792 547 1846 intimo
560 1797 650 1846 stratu
661 1790 845 1857 recumberet,
858 1796 887 1844 ct
896 1790 936 1843 ri·
978 1792 1194 1848 hocmercedem
1204 1809 1261 1847 non
1269 1792 1408 1847 modicam
1415 1791 1507 1846 habet.
1525 1790 1627 1845 Attulit
1636 1790 1776 1845 autemad

140 1886 214 1940 libus
225 1881 406 1955 operimentis
418 1881 445 1933 in
460 1879 559 1933 cellula
571 1895 622 1933 sua
636 1884 771 1933 uteretur.
784 1879 862 1942 Quod
873 1894 936 1932 cum
978 1883 1172 1937 credulitatem
1183 1880 1260 1935 rerbi
1271 1887 1300 1935 et
1309 1881 1501 1935 testimonium
1513 1896 1606 1945 verax,
1618 1878 1776 1950 quodcirca

142 1973 266 2028 audisset
276 1968 391 2041 quidam
401 1967 727 2039 possessorumcivitatis,
740 1966 938 2022 ascendensad
979 1976 1106 2026 sanctum
1125 1970 1311 2041 Epiphaniam
1341 1975 1370 2023 et
1392 1970 1528 2024 ioannem
1546 1968 1598 2034 (60)
1614 1969 1775 2039 episcopum

143 2075 217 2124 eum,
227 2055 438 2126 etridensquod
450 2055 591 2125 opertorio
600 2055 684 2110 scisso
696 2061 724 2108 ct
734 2056 814 2111 laneo
826 2061 938 2125 tegere·
979 2060 1217 2131 ierosolymorum
1231 2058 1337 2113 factum
1360 2063 1411 2123 est,
1428 2057 1567 2128 quomodo
1582 2062 1696 2112 sauctus
1711 2056 1777 2127 Epi-

142 2144 356 2215 tu1·,transmisit
364 2144 389 2197 ei
400 2143 604 2215 coopertorium
616 2143 941 2214 numismatumtriginta
980 2149 1101 2221 phanius
1116 2165 1166 2219 per
1187 2153 1275 2202 artem
1294 2147 1360 2201 tulit
1384 2152 1532 2217 argentum
1547 2145 1724 2217 patriarchae,
1740 2144 1779 2198 vi·

143 2254 200 2300 sex,
213 2251 315 2305 rogans
330 2232 451 2286 multum
462 2248 525 2285 eum
540 2238 614 2286 uteo
628 2232 820 2303 cooperiretur
833 2232 869 2286 ad
880 2248 939 2286 me·
981 2236 1082 2292 delicet
1095 2237 1211 2291 loannis
1225 2236 1361 2306 ejusdem,
1379 2241 1407 2289 et
1422 2235 1499 2289 dedit
1508 2234 1665 2306 egentibus.

143 2324 273 2389 moriam,
286 2321 387 2392 inquit,
401 2320 547 2374 mittentis.
558 2321 608 2374 Ille
624 2337 689 2375 vero
708 2321 761 2375 hoc
775 2320 938 2393 suscipiens,
1017 2327 1082 2381 cip.
1093 2326 1166 2381 XXI.
1175 2354 1207 2365 -
1217 2325 1340 2395 Dignum
1355 2329 1383 2379 et
1394 2341 1548 2394 congruum
1564 2323 1697 2395 predicto
1707 2322 1780 2394 capi-

142 2420 257 2484 propter
269 2411 388 2465 multam
397 2408 448 2475 viri
458 2408 674 2481 postulationem
687 2416 834 2481 coopertus
841 2410 941 2464 esthoc
981 2415 1040 2469 tulo
1050 2413 1189 2468 referebat
1197 2414 1283 2468 semel
1291 2430 1385 2467 coram
1395 2411 1525 2467 omnibus
1533 2413 1587 2466 iste
1595 2418 1720 2478 sanctus,
1736 2411 1779 2465 di-

143 2518 201 2557 una
214 2506 305 2566 nocte,
315 2517 365 2570 per
378 2503 466 2552 totam
478 2514 548 2568 pene
563 2503 672 2552 noctem
687 2499 797 2553 dicebat
807 2499 842 2553 ad
852 2514 940 2553 seme·
982 2519 1047 2558 cens
1060 2523 1065 2556 ι
1080 2502 1343 2572 Habebam,inquit,
1355 2502 1504 2572 quemdam
1515 2501 1781 2573 ministruminapo-

144 2591 259 2661 tipsum,
276 2594 308 2642 ut
320 2586 476 2641 recitabant
493 2585 656 2640 cubicularii
671 2588 732 2656 ejus
749 2605 754 2639 :
773 2586 841 2650 Quis
855 2586 941 2656 diuet,
981 2591 1065 2646 theca
1074 2608 1136 2646 mea
1144 2591 1173 2646 in
1184 2591 1400 2662 Cyprosrdelem
1410 2591 1500 2653 valde,
1511 2596 1540 2645 et
1548 2591 1780 2661 virgincmusque

147 2678 221 2750 quod
230 2676 346 2731 humilis
355 2677 477 2730 loannes
488 2673 697 2742 (habebatenim
704 2692 815 2746 semper
825 2674 945 2730 verbum.
982 2681 1017 2734 ad
1034 2680 1139 2734 obitum
1161 2696 1255 2735 suum.
1272 2679 1324 2733 Hic
1345 2696 1412 2750 ergo
1438 2679 1571 2733 narrabat
1586 2678 1657 2732 mihi
1668 2678 1735 2749 quia
1751 2679 1781 2732 in

147 2767 222 2821 istud
228 2767 257 2821 in
265 2769 323 2825 orel
333 2763 541 2837 palliotriginta
549 2779 595 2817 sex
606 2763 806 2818 numismatum
818 2769 939 2834 tegatur,
982 2768 1076 2823 Africa
1090 2769 1228 2823 existente
1242 2784 1288 2821 me
1303 2767 1376 2822 facte
1397 2772 1440 2822 est
1454 2784 1499 2822 res
1513 2766 1677 2838 hujusmodi
1694 2785 1700 2820 :
1718 2767 1782 2821 Pen-

149 2864 178 2911 et
184 2856 284 2910 tratres
295 2853 507 2923 Christifrigore
513 2858 649 2907 necentur
658 2851 670 2905 t
679 2851 782 2916 Quanti
788 2857 854 2906 sunt
860 2849 942 2905 modo
983 2856 1131 2911 manebam
1146 2857 1230 2922 enim,
1248 2857 1297 2922 eit,
1311 2873 1374 2910 cum
1389 2855 1509 2927 quodem
1521 2855 1684 2919 teloneario,
1697 2854 1781 2910 divite

145 2945 193 3017 qui
209 2942 339 3000 dentibus
354 2943 474 2997 strident
489 2957 545 3011 prae
556 2940 644 3010 glacie
654 2940 666 2992 1
677 2939 774 3010 quanti
780 2944 846 2993 suni
860 2939 943 2993 modo
983 2946 1165 3000 vehementer
1177 2950 1206 2999 et
1219 2944 1442 2999 immisericordi,
1459 2945 1551 2999 Semel
1570 2961 1637 3015 eigo
1648 2943 1780 3016 pauperi-

146 3034 194 3106 qui
200 3031 395 3105 psiathumt55t
401 3030 535 3084 habentes
544 3028 641 3082 subtus
652 3028 810 3093 dimidium,
819 3033 847 3082 et
856 3044 942 3098 supra
984 3033 1036 3088 bus
1047 3035 1075 3088 in
1091 3033 1182 3088 hieme
1189 3032 1350 3088 sedentibus
1364 3033 1399 3086 ad
1412 3033 1509 3097 solem,
1525 3049 1610 3104 seque
1621 3032 1782 3087 calefacien-

146 3122 303 3186 dimidium,
320 3128 412 3175 etnon
424 3122 542 3190 possunt
551 3117 700 3172 extendere
710 3117 794 3187 pedes
805 3133 879 3183 suos,
894 3115 942 3170 sed
985 3121 1221 3193 tibus‚coeperunt
1230 3121 1333 3191 singuli
1345 3121 1442 3175 domos
1448 3121 1722 3192 eleemosynatorum
1730 3120 1782 3175 col·

146 3209 605 3279 110νωί1111111εὶοῐῐὶῦδῐΐθῐῃθηὶθδ
621 3202 687 3273 sap
697 3205 801 3268 Quanti
811 3204 840 3258 in
848 3210 944 3259 monte
985 3210 1110 3276 laudare,
1122 3217 1151 3265 et
1163 3227 1213 3282 pro
1226 3210 1267 3264 eis
1282 3225 1362 3263 orare
1377 3226 1428 3281 per
1437 3209 1562 3279 singulos
1571 3208 1783 3275 eorum,simili··

148 3298 326 3354 dormierunt
339 3295 483 3353 incoenati.
501 3299 529 3349 et
538 3294 598 3349 sine
613 3294 736 3359 lucerna,
747 3294 883 3348 habentes
896 3293 946 3348 du·
985 3297 1782 3369 teretdomoseleemosynamnonlacie'ntiumvituperare.

146 3388 246 3458 plicem
260 3386 415 3442 cruciatum
432 3390 488 3438 tam
505 3382 651 3453 exsrigore
666 3399 750 3453 quam
765 3398 800 3436 ex
813 3381 946 3453 jejunio?
987 3388 1064 3443 lnter
1074 3404 1135 3458 quae
1145 3387 1256 3441 venitin
1269 3387 1393 3440 medium
1404 3402 1500 3441 eorum
1517 3385 1784 3441 etnomensenioris

149 3476 253 3541 Quanti
263 3471 553 3529 desiderantsaturari
562 3471 597 3525 de
607 3471 803 3534 toliisolerum,
813 3486 946 3541 quaepro·
987 3476 1042 3529 mei
1065 3475 1221 3542 telonearii,
1251 3480 1280 3529 et
1307 3481 1452 3546 coeperunt
1481 3474 1582 3544 singuli
1608 3474 1786 3543 interrogare

147 3565 286 3636 jiciuntur
311 3563 346 3617 de
368 3560 488 3632 coquina
503 3559 584 3613 meat
604 3559 708 3623 Quanti
721 3558 824 3612 vellent
837 3559 946 3628 tingere
987 3564 1145 3634 proximum
1161 3562 1252 3617 :Vere
1265 3568 1306 3626 tu,
1329 3562 1425 3625 irater,
1441 3561 1572 3633 accepisti
1585 3561 1740 3633 aliquando
1752 3561 1786 3615 da

55 3654 59 3663 '
149 3668 250 3725 panem
266 3668 348 3706 suum
362 3650 392 3703 in
406 3654 513 3702 zemate
529 3651 538 3713 (
542 3645 589 3716 51)
600 3646 673 3717 quod
689 3646 841 3717 projiciunt
864 3646 947 3717 coqui
988 3648 1070 3703 domo
1080 3649 1128 3704 illa
1141 3647 1383 3703 benedictionem?
1396 3649 1431 3703 Et
1444 3647 1573 3703 omnibus
1586 3648 1790 3720 interroganti·

150 3740 228 3796 mei?
242 3738 345 3804 Quanti
360 3737 477 3808 cupiunt
491 3735 533 3789 rel
548 3735 666 3789 odorare
681 3733 785 3799 vinum,
798 3735 872 3805 quod
882 3734 947 3789 fun·
988 3735 1177 3805 businricem,
1196 3737 1289 3792 nullus
1299 3737 1429 3791 inventus
1435 3743 1478 3792 est
1486 3737 1624 3808 accepisse
1634 3736 1787 3809 aliquando

151 3827 229 3883 ditur
237 3827 267 3881 in
276 3826 388 3880 cellario
399 3840 461 3878 meo
471 3824 483 3876 1
494 3823 598 3887 Quanti
608 3828 674 3876 sunt
685 3821 715 3876 in
730 3821 842 3876 civitate
855 3822 948 3877 istain
989 3824 1024 3878 de
1039 3825 1121 3879 domo
1135 3827 1195 3895 ejus
1211 3824 1327 3896 aliquid.
1341 3825 1414 3879 Dicit
1428 3842 1494 3897 ergo
1509 3842 1582 3880 unus
1595 3825 1697 3880 exeis:
1715 3824 1788 3890 Quid

153 3914 282 3968 hachora
291 3911 441 3984 peregrini,
453 3909 650 3964 nonhabentes
660 3908 708 3963 ubi
718 3910 904 3982 hospitentur,
921 3913 949 3965 et
990 3911 1091 3967 dabitis
1106 3913 1185 3980 mihi,
1200 3919 1229 3967 et
1243 3930 1294 3984 ego
1307 3912 1441 3984 accipiam
1464 3913 1547 3968 hodie
1571 3930 1605 3968 ex
1623 3930 1657 3968 eo
1671 3912 1788 3971 benedi·

153 4003 183 4056 in
194 4001 253 4056 t'oro
261 4003 365 4071 jacent,
378 3999 495 4054 sortasse
506 4005 534 4053 et
544 3997 637 4068 pluvia
651 3998 819 4052 madefacti?
833 3999 948 4066 Quanti,
991 4000 1132 4055 ctionem?
1156 4002 1192 4057 Et
1207 4000 1373 4056 facientibus
1401 4017 1465 4056 cum
1485 4018 1518 4056 eo
1532 4007 1655 4073 pactum,
1671 4000 1789 4057 renitet

153 4095 245 4162 putas,
259 4089 365 4143 habent
377 4092 466 4142 totum
483 4102 617 4151 mensem,
634 4087 677 4140 vel
700 4086 784 4140 etiam
800 4087 879 4151 duos,
894 4103 950 4141 non
991 4094 1046 4144 stat
1059 4089 1126 4143 soris
1138 4090 1366 4160 portamdomus,
1383 4096 1546 4161 exspectans
1560 4088 1674 4161 quando
1689 4090 1726 4145 ad
1740 4090 1789 4144 do·

153 4184 301 4249 gustantes
313 4177 417 4231 oleum.
429 4175 532 4239 Quanti
548 4180 614 4229 sunt
628 4175 677 4245 qui
692 4191 748 4229 non
766 4173 871 4229 habent
883 4175 951 4229 alte·
991 4193 1068 4232 mum
1081 4194 1162 4232 suam
1176 4183 1373 4233 reverteretur.
1389 4178 1427 4232 Ex
1442 4178 1652 4249 dispensatione
1667 4177 1721 4233 Dei
1730 4193 1790 4250 per·

156 4284 219 4322 rum
231 4265 429 4322 vestimentum
440 4264 469 4318 in
479 4268 586 4328 aestate,
598 4269 626 4318 et
635 4263 755 4318 alterurn
765 4263 795 4317 in
805 4263 907 4330 hieme,
922 4267 951 4319 et
959 4305 983 4365 D
991 4273 1128 4320 venerunt
1139 4265 1233 4328 simul,
1247 4264 1305 4335 ipse
1328 4265 1490 4336 ingrediens
1504 4271 1624 4337 portam,
1641 4271 1672 4319 et
1684 4263 1790 4320 animal

154 4356 195 4411 ita
214 4355 335 4411 miseriis
353 4352 539 4423 atlligunturl
553 4353 594 4407 Tu
610 4369 673 4406 vero
688 4358 850 4423 exspectans
866 4353 951 4407 etiam
992 4360 1106 4425 portans
1120 4353 1246 4424 siligines
1260 4370 1278 4408 a
1294 4353 1434 4426 mancipio
1450 4351 1505 4423 (61)
1526 4370 1611 4408 causa
1626 4353 1740 4425 prandii
1751 4353 1791 4425 ip·

155 4450 290 4500 aeternam
308 4441 514 4513 jucunditatem
530 4440 651 4511 assequi,
668 4446 697 4496 et
716 4442 812 4496 vinum
826 4440 906 4508 bibis,
924 4445 953 4496 et
992 4442 1050 4497 sius
1071 4442 1175 4497 Videris
1185 4441 1271 4513 igitur
1286 4459 1414 4513 egenum,
1432 4459 1489 4498 non
1503 4442 1788 4514 inveniemlapidem,

156 4534 245 4604 pisces
260 4533 400 4588 immanes
414 4530 539 4593 devoras,
552 4536 581 4583 et
594 4529 623 4583 in
633 4528 768 4584 cubiculis
785 4530 950 4598 demoraris,
993 4548 1044 4602 per
1055 4531 1177 4585 furorem
1193 4530 1293 4602 arripit
1306 4531 1446 4601 siliginem
1460 4531 1495 4585 de
1507 4530 1620 4595 clitella,
1637 4537 1668 4586 et
1676 4528 1793 4602 jactavit

158 4622 242 4677 modo
256 4626 351 4675 autem
367 4635 430 4674 cum
447 4617 578 4673 omnibus
590 4617 671 4671 malis
685 4624 714 4672 et
727 4618 756 4672 in
779 4619 952 4690 coopertorio
993 4620 1023 4674 in
1038 4619 1215 4690 saciemejus.
1232 4618 1282 4675 ille
1295 4636 1359 4674 vero
1372 4618 1493 4691 suscepit
1501 4636 1573 4685 eam,
1589 4624 1619 4674 ct
1628 4617 1700 4674 abiit
1710 4626 1792 4674 utae-

156 4710 275 4781 triginta
286 4726 334 4764 sex
349 4706 551 4763 numismatum
560 4704 724 4760 tacalesacis
735 4706 747 4760 l
759 4707 903 4762 Veraciter
913 4707 954 4762 ita
993 4707 1325 4763 tisfaceretconsratribus
1331 4708 1398 4773 suis,
1417 4708 1490 4779 qued
1504 4724 1536 4762 ex
1543 4707 1648 4763 eisdem
1664 4705 1793 4762 manibus

156 4797 251 4851 virens
260 4803 288 4851 et
297 4797 326 4850 in
338 4796 389 4850 tali
399 4795 539 4849 laxatione
557 4810 733 4862 conversans,
748 4811 804 4849 non
815 4802 955 4866 exspecta·
995 4797 1147 4869 accepisset
1161 4813 1233 4852 earn.
1250 4797 1348 4867 ltaque
1362 4802 1426 4867 post
1439 4796 1509 4851 duos
1523 4796 1583 4850 dies
1592 4794 1741 4867 aegrotavit
1753 4794 1794 4849 in·

157 4882 201 4938 bis
219 4883 276 4939 illie
288 4883 452 4954 preparatis
465 4881 577 4953 gaudiis
591 4881 656 4944 frui,
671 4882 719 4936 sed
742 4882 839 4938 audies
857 4881 955 4955 utique
996 4885 1129 4940 firmitate
1136 4885 1171 4939 ad
1180 4884 1380 4940 mortemidem
1390 4883 1794 4949 teloneariusetviditinsom·

159 4970 234 5042 quod
263 4976 292 5025 et
313 4970 389 5025 dives
413 4971 460 5025 ille
488 4970 595 5026 audivit
620 4972 709 5035 (Luca
721 4976 799 5041 xv1):
816 4972 955 5043 Recepisti
996 4973 1040 5028 nis
1054 4974 1177 5045 scipsum
1201 4973 1338 5029 rationem
1355 4979 1515 5045 ponentem,
1539 4978 1568 5027 et
1595 4987 1695 5027 omnes
1714 4977 1795 5027 actus

167 5063 258 5123 luo
271 5057 343 5112 bona
357 5057 386 5112 in
400 5057 458 5112 vita
471 5064 530 5125 tua,
546 5074 683 5130 pauperes
699 5075 761 5114 vero
776 5060 851 5114 mala
862 5079 868 5125 ;
881 5077 956 5117 nunc
995 5078 1061 5116 suos
1079 5078 1163 5134 super
1181 5068 1315 5117 stateram
1335 5061 1494 5132 appendere
1521 5079 1527 5115 :
1553 5060 1582 5114 in
1603 5076 1663 5115 una
1681 5059 1796 5132 quidem

160 5162 213 5218 ego
227 5145 417 5210 consolantur,
429 5150 460 5198 tu
471 5146 686 5201 verocruciaris.
696 5147 953 5217 BenedictusDeus‚
996 5150 1055 5204 acie
1068 5147 1124 5219 (til)
1139 5150 1383 5221 congregabantur
1404 5149 1495 5204 Mauri
1514 5148 1627 5222 quidam
1643 5148 1794 5215 deformes,

160 5230 276 5288 humilis
285 5231 406 5286 loannes
421 5230 477 5284 ulia
490 5237 571 5286 nocta
583 5248 639 5287 non
651 5234 826 5304 cooperietur
839 5234 897 5290 illo.
909 5237 923 5290 J
927 5253 956 5291 u·
996 5238 1085 5293 altera
1101 5244 1196 5294 autem
1210 5239 1410 5293 aciesaliorum
1425 5237 1611 5308 quorumdam
1625 5243 1689 5292 erat
1698 5235 1797 5292 mndi-

161 5325 236 5375 stum
250 5324 294 5373 est
307 5319 392 5386 enim,
406 5324 435 5372 et
447 5317 518 5374 bene
541 5326 686 5392 acceptum
700 5322 766 5387 Deo,
780 5328 812 5377 ut
824 5328 957 5394 tegantur
998 5325 1128 5382 datorum
1138 5333 1163 5382 et
1175 5327 1343 5383 terribilium
1353 5325 1453 5397 specie.
1466 5325 1520 5390 Qui
1538 5325 1608 5380 nihil
1621 5325 1800 5380 invenientes

161 5413 274 5464 centum
281 5407 375 5480 potius
383 5405 696 5478 quadragintaquatuor
703 5409 804 5464 fratres
813 5416 842 5465 et
851 5411 958 5468 domini
997 5413 1073 5483 boni,
1089 5422 1122 5471 ut
1136 5421 1165 5470 et
1173 5416 1227 5488 ipsi
1242 5415 1435 5486 appenderent
1447 5420 1559 5469 econtra
1567 5415 1717 5469 adversum
1725 5412 1801 5468 mala

161 5495 214 5565 tui,
230 5509 315 5569 quam
328 5500 361 5552 tu
376 5491 483 5550 intettr.
494 5492 734 5552 Venundabentur
748 5497 824 5552 enim
838 5506 960 5570 quatuor
1000 5518 1086 5575 opere
1100 5519 1161 5576 qua
1175 5503 1290 5560 collecta
1304 5507 1386 5559 erant
1400 5503 1533 5558 aMauris
1543 5502 1573 5557 in
1586 5501 1646 5557 acie
1661 5501 1814 5574 ipsorum,
