3818 6120
198 247 251 306 stt
705 249 754 307 DE
770 247 866 306 vltis
883 243 1033 306 Patauii
1049 242 1158 304 LIBER
1175 247 1321 306 PRIMUS.
1778 250 1831 314 348

199 394 292 450 neque
301 393 352 450 per
369 376 474 435 stellas.
484 389 634 448 nequeper
647 373 718 439 loca,
734 377 849 446 excepto
859 372 933 444 quod
943 376 1064 445 gar-Aet
1075 372 1145 428 dixit
1157 372 1214 429 eis:
1227 374 1302 439 Quot
1311 371 1399 431 libras
1419 372 1535 430 dedistis
1549 373 1591 430 illi
1610 373 1659 448 qui
1670 373 1706 431 ad
1720 389 1766 432 mc
1779 391 1828 434 aa·

200 467 334 523 bernator
342 466 453 521 videbat
463 464 542 519 illurn
551 465 738 535 patriarcham
748 479 842 519 secum
852 469 996 520 tenentem
1036 462 1137 519 cessit?
1154 463 1208 527 Qui
1220 463 1365 519 dixerunt:
1377 464 1833 536 Dominautjusvitsacratissima

200 562 350 622 temonem,
372 560 401 610 et
410 555 548 609 dicentem
560 552 632 608 sibi:
652 555 695 609 Ne
708 554 816 619 timeas,
833 552 904 607 benc
917 552 996 608 navi·
1036 553 1171 608 sanctitas
1185 560 1286 616 vestra,
1303 554 1462 626 quindecim
1476 553 1571 609 libras.
1595 554 1667 610 Cum
1679 560 1831 612 summoc-

201 663 261 717 gas.
273 646 363 717 Igitur
377 649 440 716 post
455 643 617 714 vigesimam
632 643 706 698 diem
720 643 904 717 apparuimus
917 641 946 696 in
955 643 997 696 in·
1036 642 1177 713 gnovisset
1190 659 1240 716 per
1251 642 1455 698 inhabitantem
1466 643 1496 699 in
1508 660 1538 698 se
1551 644 1684 716 gratiam.
1694 643 1757 699 illos
1771 660 1832 701 ease

200 735 268 789 culis
284 733 451 801 Britannioe3
465 737 494 788 et
503 732 735 788 descendentibus
745 732 824 788 nobis
837 732 867 787 in
879 737 994 797 terram,
1037 731 1297 797 mentitos,adducit
1306 748 1371 786 eum
1381 733 1429 804 qui
1438 736 1592 805 acceperat,
1609 737 1638 788 et
1649 732 1833 805 interrogavit

199 822 527 878 invenimusilliclamem
535 822 997 893 magnamcumorgodixissemus
1038 835 1103 875 eum
1122 819 1187 891 quid
1212 819 1376 892 accepisset?
1393 821 1445 876 Illo
1456 836 1522 876 vcro
1535 820 1645 876 dicente
1658 820 1785 893 quinque
1794 820 1832 877 li·

199 910 683 983 primocivitatis,quodsrumentum
693 912 723 967 ia
736 911 800 967 navi
808 917 994 984 portaremus,
1038 906 1112 976 bras,
1127 909 1271 980 proferens
1281 908 1317 966 de
1330 909 1496 964 honoranda
1505 925 1592 964 manu
1605 909 1832 967 suaillesaactus

199 999 285 1054 dixit:
301 1001 377 1055 Bene
390 1001 466 1056 Deus
480 1000 597 1056 adduxit
609 1017 667 1055 vos.
680 1000 821 1072 Quidquid
834 1000 928 1068 vultis,
949 1001 997 1056 eli·
1037 997 1183 1069 pittacium
1195 996 1260 1068 (37),
1278 999 1351 1070 quod
1361 997 1414 1053 sibi
1428 998 1565 1054 traditum
1578 998 1680 1066 suerat,
1697 997 1769 1054 dixit
1782 999 1830 1055 eis:

198 1088 256 1161 gite
269 1108 275 1156 ;
287 1094 338 1145 aut
351 1105 402 1162 per
415 1090 541 1161 singulos
555 1091 664 1146 modios
679 1090 819 1146 numisma
832 1106 931 1156 unum,
948 1096 997 1146 ant
1037 1086 1284 1158 Avobisexquirat
1294 1088 1370 1143 Ileus
1384 1092 1413 1143 et
1425 1087 1474 1142 illa
1486 1086 1647 1143 aliadecsm
1658 1088 1830 1157 centenaria,

199 1178 325 1249 ejusdam
335 1179 467 1250 ponderis
479 1179 596 1250 accipite
607 1179 996 1251 stannumlllegimusitaque
1037 1175 1171 1247 quoniam
1185 1176 1209 1231 si
1223 1175 1371 1230 dedissetis
1380 1176 1538 1248 quindecim
1548 1176 1643 1243 libras,
1655 1176 1768 1233 utdixit
1777 1177 1831 1234 bu·

199 1267 346 1322 dimidium
357 1268 405 1335 sic,
423 1274 450 1323 et
462 1268 665 1323 dimidiumsic.
679 1269 852 1323 Rementem
867 1269 945 1323 vadit
952 1268 996 1324 di·
1036 1265 1142 1320 militas
1159 1281 1231 1331 mea,
1240 1265 1289 1336 qui
1300 1264 1396 1321 attulit
1406 1265 1707 1337 quinquecentenaria,
1717 1266 1836 1339 quinde-

199 1373 262 1411 cere
277 1374 378 1422 sermo,
403 1357 555 1429 inexpertis
571 1374 717 1413 munerum
734 1357 783 1413 Dei
803 1358 995 1413 incredibilem
1036 1354 1090 1408 cim
1101 1355 1183 1409 daret
1203 1355 1277 1410 Etut
1285 1358 1377 1409 certos
1389 1371 1437 1410 vos
1446 1353 1556 1422 faciam,
1567 1355 1683 1411 mittens
1694 1354 1833 1411 adducam

200 1445 313 1517 quidem
322 1450 350 1501 et
364 1445 424 1501 sine
440 1447 503 1513 side,
516 1447 632 1501 hisvero
643 1447 690 1518 qui
700 1447 900 1518 experientiam
909 1447 995 1501 mira-
1037 1460 1098 1515 quae
1113 1444 1165 1499 has
1178 1443 1282 1499 attulit.
1299 1444 1334 1499 Et
1344 1443 1461 1499 mittens
1476 1444 1546 1499 duos
1560 1442 1733 1500 venerabiles
1747 1444 1832 1513 rhos,

199 1534 253 1590 culi
270 1535 331 1604 ejus
341 1533 454 1601 habent,
467 1535 628 1590 credibilem
648 1540 735 1606 atque
749 1540 903 1606 acceptam.
924 1535 996 1590 Navi
1036 1539 1069 1587 ut
1082 1532 1252 1587 accersirent
1264 1533 1445 1587 reverendam
1459 1532 1603 1601 feminam,
1619 1549 1681 1606 quae
1695 1533 1725 1588 in
1738 1532 1834 1606 bapti·

197 1629 334 1693 praeterea
347 1623 544 1678 Alexandriam
567 1641 628 1680 cum
645 1623 748 1695 gaudio
767 1640 877 1679 reversa
893 1623 996 1696 quievi·
1036 1621 1122 1676 sterio
1141 1621 1286 1694 pittacium
1303 1622 1328 1676 ei
1347 1626 1519 1693 porrexerat,
1540 1623 1585 1677 cui
1605 1628 1634 1678 et
1655 1622 1769 1685 indicat,
1786 1622 1833 1679 di·

197 1727 260 1764 mus
274 1711 303 1764 in
318 1712 464 1783 Pentapoli
485 1712 556 1782 t3l);
573 1718 602 1767 et
615 1713 768 1784 asportavit
789 1714 937 1769 nauclerus
959 1695 1101 1769 deBcens
1117 1728 1122 1764 :
1139 1711 1375 1775 Benedictionem,
1390 1727 1476 1782 quarn
1490 1711 1565 1766 Deus
1588 1710 1642 1766 sibi
1660 1711 1833 1766 offerendam

196 1797 245 1853 illo
260 1805 372 1866 stanno,
388 1806 420 1855 ut
435 1802 618 1856 venumdaret
627 1802 705 1857 illud.
719 1801 846 1857 Habebat
856 1803 993 1877 enimilljc
1034 1799 1112 1855 misit
1126 1800 1155 1854 in
1169 1816 1216 1855 cor
1229 1805 1320 1866 tuum,
1336 1798 1427 1855 ferens
1440 1803 1544 1867 tecum,
1555 1801 1619 1855 veni
1634 1799 1669 1855 ad
1684 1800 1832 1856 humilita-

197 1889 344 1959 antiquum
364 1890 470 1945 socium
491 1891 519 1945 in
540 1891 660 1963 negotiis
683 1898 825 1964 petentem
841 1906 874 1947 ex
895 1892 993 1947 eodem
1034 1892 1091 1943 tem
1104 1904 1206 1943 meam.
1222 1887 1289 1951 Qua
1302 1888 1405 1942 cursim
1414 1904 1540 1959 surgens,
1550 1889 1737 1961 apprehendit
1749 1887 1834 1945 vesti·

196 1980 307 2030 emano.
317 1977 371 2033 Dat
381 1978 407 2032 ei
418 1981 447 2033 in
456 1996 535 2034 sacco
546 1980 625 2051 quasi
637 1981 841 2052 qninquaginta
849 1979 947 2035 libras.
958 1983 996 2037 ht
1033 1977 1081 2048 gia
1095 1977 1248 2032 sanctiviri
1263 1993 1396 2032 unacum
1412 1978 1571 2049 quantitate
1586 1977 1657 2032 auri.
1675 1978 1746 2034 Cum
1762 1993 1832 2051 ergo

196 2060 244 2115 ille
260 2061 354 2117 volens
369 2063 487 2134 probare
501 2064 622 2135 speciem
638 2065 661 2118 si
672 2065 744 2119 bona
759 2072 855 2129 essset,
868 2066 950 2120 solvit
964 2066 995 2120 il·
1035 2068 1204 2139 suscepisset
1223 2067 1271 2122 ille
1285 2068 1446 2139 patriarcha
1471 2066 1649 2135 oblationem,
1669 2072 1699 2124 et
1723 2073 1835 2125 orasset

197 2149 245 2204 lud
260 2150 290 2205 in
303 2151 377 2222 igne,
387 2157 415 2207 et
424 2152 530 2207 invenit
544 2160 692 2224 argentum
706 2155 994 2226 purum.Putavitque
1035 2172 1120 2228 super
1135 2172 1210 2224 eum,
1226 2160 1255 2211 et
1269 2173 1353 2228 super
1368 2156 1456 2211 tilium
1472 2157 1533 2227 ejus
1547 2156 1728 2222 sufficienter,
1742 2157 1831 2212 dixit:

195 2254 226 2292 se
240 2255 301 2293 esse
316 2244 466 2307 tentatum,
482 2248 511 2296 et
524 2242 621 2297 retulit
635 2243 776 2297 cisaccum
788 2243 902 2298 dicens:
919 2244 994 2299 Deus
1035 2244 1155 2299 Obsecro
1170 2249 1208 2310 te,
1227 2261 1322 2298 nonna
1338 2241 1403 2311 (36),
1428 2244 1605 2300 baectantum
1627 2244 1740 2300 voluisti
1760 2245 1832 2299 dare

195 2326 342 2399 indulgeat
362 2328 422 2383 tibi.
443 2331 577 2401 Nunquid
599 2331 729 2386 invenisti
749 2348 794 2386 me
809 2333 992 2403 impostorem
1034 2333 1154 2388 Christo,
1167 2349 1204 2387 an
1216 2333 1292 2388 aliud
1307 2332 1427 2404 aliquid?
1441 2350 1504 2388 cum
1519 2339 1615 2388 autem
1628 2332 1763 2387 sensisset
1772 2331 1833 2389 dei·

196 2432 263 2486 erga
275 2422 312 2481 te,
324 2417 390 2488 quia
404 2420 539 2474 tentando
553 2426 701 2490 argentum
718 2438 767 2492 pro
777 2425 878 2476 stanno
889 2422 992 2476 dedisti
1033 2421 1134 2488 ferum,
1149 2421 1220 2477 illud
1232 2422 1306 2493 quod
1320 2422 1424 2478 lecerat
1433 2423 1603 2494 cognovisse,
1614 2427 1737 2477 ramore
1751 2438 1832 2477 com·

195 2505 280 2559 mihi?
291 2508 480 2577 Expavesccns
494 2525 559 2563 vero
579 2509 615 2563 de
627 2526 756 2564 sermone
768 2510 816 2565 illo
831 2511 989 2577 nauclerus,
1032 2527 1137 2582 pressa,
1150 2510 1237 2565 dixit:
1254 2511 1308 2565 Per
1321 2516 1432 2566 sanctas
1446 2510 1553 2566 domini
1573 2510 1628 2566 mei
1640 2510 1834 2576 orationes,at

109 2624 117 2639 ·
195 2593 278 2649 dicit:
300 2596 398 2663 Crede,
421 2613 473 2668 ego
492 2614 544 2668 pro
559 2602 659 2652 stanno
674 2598 743 2653 illud
767 2598 866 2654 habeo.
884 2600 991 2655 Sivero
1032 2605 1159 2655 sanctum
1170 2615 1264 2653 meum
1279 2598 1485 2668 Mennamt3l),
1498 2598 1656 2671 quindecim
1666 2599 1833 2656 centenaria

193 2681 240 2737 illa
256 2684 303 2754 qui
315 2683 379 2740 fecit
388 2685 423 2740 de
438 2702 511 2757 aqua
533 2686 627 2741 vinum
638 2690 727 2754 (lacn.
741 2688 785 2758 11),
796 2687 857 2758 ipse
871 2704 992 2759 perora-
1032 2689 1198 2760 scripseram
1218 2688 1247 2742 in
1265 2688 1398 2760 pittaci0;
1413 2693 1522 2744 etanta
1538 2705 1624 2744 unam
1646 2689 1746 2744 horam
1763 2705 1832 2744 cum

193 2771 284 2827 tiones
294 2774 460 2845 patriarcha
475 2773 579 2830 fecitet
594 2781 725 2830 stannum
741 2781 902 2847 argentum,
921 2777 991 2831 nibil
1031 2782 1134 2831 starem
1151 2775 1181 2830 in
1195 2777 1303 2848 synaxi,
1319 2782 1350 2831 ut
1372 2777 1468 2832 darem
1483 2778 1536 2834 hoc
1545 2777 1597 2833 tibi
1615 2778 1735 2833 Domino
1750 2793 1831 2845 meo,

195 2860 309 2917 mirum.
327 2864 360 2917 Et
374 2869 406 2918 ut
425 2863 557 2932 satisfias,
580 2864 642 2918 veni
657 2864 693 2918 ad
708 2864 810 2930 navim,
837 2870 866 2920 et
886 2864 991 2921 videbis
1031 2866 1185 2921 dissolvens
1203 2865 1283 2934 illud,
1298 2867 1459 2938 importune
1468 2867 1534 2939 legi.
1549 2868 1606 2939 Ego
1617 2867 1693 2922 enim
1708 2866 1830 2939 indigna

194 2955 295 3005 cetera
314 2951 396 3007 istius
414 2953 521 3007 metalli
535 2952 619 3020 socia,
640 2954 713 3024 quod
728 2953 869 3025 accepisti.
885 2955 990 3010 Ascen·
1032 2955 1133 3010 ancilla
1146 2960 1197 3009 tua
1211 2955 1311 3026 scripsi
1329 2956 1505 3029 hocpropria
1516 2972 1613 3021 manu,
1629 2961 1659 3011 et
1670 2955 1766 3010 inveni
1778 2957 1830 3012 de-

187 3037 291 3109 dentes
303 3038 408 3111 itaque,
428 3040 597 3097 invenerunt
610 3048 742 3097 smnnum
756 3048 905 3114 argentum
920 3044 991 3115 opti·
1001 3015 1090 3099 Ccem
1106 3045 1198 3099 deleta
1215 3061 1233 3099 a
1246 3045 1347 3116 seipso,
1359 3045 1437 3100 Tunc
1451 3045 1607 3116 stupefacta
1621 3044 1697 3099 intra
1710 3051 1832 3103 memet

192 3142 270 3182 mum
283 3128 396 3185 sactum.
411 3131 446 3185 Et
459 3146 516 3185 non
530 3136 573 3186 est
587 3131 766 3203 peregrinum
779 3133 957 3198 miraculum,
973 3149 990 3186 o
1030 3132 1129 3205 ipsam,
1145 3133 1201 3188 dixi
1218 3150 1224 3186 :
1249 3133 1352 3204 Utique
1370 3150 1427 3189 non
1441 3137 1485 3189 est
1502 3133 1630 3188 voluntas
1643 3132 1695 3188 Dei
1711 3139 1745 3188 ut
1761 3134 1828 3190 dem

192 3218 375 3288 philochristi.
392 3219 445 3286 Qui
459 3221 532 3275 enirn
552 3221 676 3293 quinque
690 3238 778 3293 panes
793 3221 991 3293 multiplicavit
1029 3221 1082 3276 nisi
1098 3221 1231 3293 quinque.
1245 3222 1515 3277 Dimittenteautem
1526 3222 1686 3294 patriarcha
1699 3239 1830 3281 reveren-

193 3308 282 3372 (Joan.
299 3311 347 3379 vr),
364 3315 392 3364 et
406 3326 504 3366 rursus
516 3327 620 3382 aquam
630 3311 987 3384 AEgyptitransmutavitin
1029 3310 1094 3364 dam
1109 3310 1186 3365 illam
1208 3310 1353 3377 seminam,
1366 3310 1528 3365 ceciderunt
1545 3311 1582 3366 ad
1595 3311 1680 3383 pedes
1703 3313 1767 3383 ejus
1784 3311 1830 3368 di·

191 3396 462 3468 sanguinemtliaeodi
472 3398 529 3470 vn),
544 3405 572 3455 et
580 3401 989 3473 virgaminserpentemtrans-
1028 3405 1215 3470 spensatores,
1237 3399 1285 3471 qui
1305 3399 1461 3470 trangressi
1479 3404 1547 3454 sunt
1559 3399 1731 3456 voluntatem
1752 3401 1827 3473 ejus,

190 3487 318 3551 mumvit,
332 3493 361 3542 et
372 3490 517 3544 transtulit
531 3489 674 3544 hammam
689 3489 717 3544 in
732 3506 825 3544 rcrcm
842 3491 922 3559 (Dan.
934 3489 985 3559 111),
1027 3492 1155 3560 petentes
1168 3487 1383 3560 indulgentiam,
1398 3493 1427 3543 et
1440 3487 1615 3545 affirmantes
1635 3488 1706 3545 nihil
1720 3489 1780 3545 tale
1796 3506 1827 3547 se

190 3574 299 3631 facilius
318 3582 347 3631 et
360 3577 414 3633 hoc
427 3582 486 3631 tam
504 3577 656 3649 gloriosum
677 3578 843 3633 miraculum
855 3583 987 3649 operatus
1026 3577 1146 3632 ulterius
1156 3582 1269 3633 acturos
1287 3576 1356 3632 iore.

190 3669 389 3736 est‚quatenus
399 3670 428 3721 et
435 3665 571 3721 famulum
578 3682 659 3722 suum
672 3672 759 3732 194
767 3667 987 3734 ditaret,etaau·
1063 3667 1128 3722 car.
1141 3668 1190 3723 lll.
1209 3698 1237 3709 -
1254 3668 1370 3722 lntuens
1391 3667 1491 3723 Niceta
1510 3667 1645 3740 patricius
1670 3665 1724 3738 (38)
1738 3669 1830 3742 hujus

189 3752 263 3807 clero
278 3754 499 3809 misericordiam
513 3772 592 3810 suam
606 3760 762 3827 praestaret.
1025 3757 1079 3811 viri
1093 3755 1243 3813 virtutibus
1251 3757 1327 3828 pleni
1341 3748 1615 3829 magnanimitatem,
1626 3756 1726 3813 etsine
1737 3758 1830 3830 patai-

226 3841 291 3896 Oar.
308 3843 343 3897 X.
360 3873 392 3882 -
408 3844 599 3900 Descendente
609 3842 785 3899 sanctissimo
794 3842 849 3899 isto
859 3844 918 3899 viro
932 3845 985 3900 ali·
1025 3850 1085 3900 tate
1100 3862 1215 3901 manum
1230 3861 1392 3917 expansam,
1403 3853 1433 3902 et
1441 3852 1577 3919 tanquam
1587 3863 1621 3902 cx
1633 3845 1830 3918 iontejugiter

189 3930 301 4001 quando
310 3930 339 3985 in
353 3931 497 3987 ecclesiam
512 3932 657 3988 Dominicc
671 3933 726 3999 die,
739 3933 857 3989 accessit
868 3935 904 3990 ad
919 3950 984 3990 eum
1025 3934 1155 3990 omnibus
1160 3939 1338 4007 praestantem
1346 3934 1829 4007 instinctuquorumdamdiabolum

187 4018 282 4087 horno,
298 4020 346 4092 qui
361 4021 465 4076 multas
473 4021 635 4093 possederat
642 4023 803 4077 facultates:
819 4027 849 4077 et
860 4021 985 4078 turesin·
1026 4023 1206 4091 imitantium,
1221 4024 1297 4079 subit
1311 4024 1346 4079 ad
1360 4030 1498 4092 sanctum,
1515 4030 1543 4080 ct
1556 4024 1626 4080 dicit
1636 4023 1677 4079 ei:
1694 4024 1827 4097 Regnum

186 4109 276 4180 gressi
293 4110 409 4165 domrrm
423 4110 494 4182 ejus,
511 4111 737 4182 despoliaverunt
751 4127 815 4167 eum
839 4129 928 4184 usque
949 4112 985 4166 ad
1026 4117 1161 4180 arctatur,
1177 4117 1206 4167 et
1215 4112 1334 4184 pecunia
1348 4118 1421 4184 eget.
1437 4114 1510 4180 Jam,
1527 4113 1594 4186 quia
1607 4113 1668 4169 sine
1687 4114 1827 4186 parcitate

188 4202 376 4255 stramentum
389 4218 396 4267 ς
409 4205 508 4254 etcum
527 4200 618 4256 multa
630 4201 748 4271 quaestio
768 4206 841 4257 esset
859 4201 941 4269 sacta,
957 4203 986 4256 et
1027 4206 1188 4273 erogantur.
1201 4218 1264 4273 quae
1275 4202 1441 4257 deteruntur
1451 4201 1502 4258 tibi
1512 4202 1646 4274 pecuniae,
1663 4202 1700 4258 da
1713 4219 1764 4258 eas
1773 4203 1826 4259 im·

186 4303 243 4342 non
258 4287 411 4344 invenisset
426 4289 475 4360 qui
489 4290 548 4345 haec
569 4295 807 4362 perpetraverant,
824 4291 986 4362 compulsus
1025 4290 1113 4362 perio,
1125 4289 1162 4344 da
1177 4306 1224 4345 eas
1234 4289 1262 4345 in
1272 4290 1415 4363 publicum
1430 4291 1720 4347 saccellumlllevero
1730 4292 1826 4348 dehoc

186 4381 230 4432 est
243 4379 333 4433 multa
347 4378 433 4433 nimis
446 4384 621 4451 paupertate,
637 4379 781 4452 deprecari
801 4396 865 4435 cum
881 4370 1097 4451 magnaunod
1110 4379 1217 4434 dictum
1222 4378 1323 4446 iuerat,
1335 4379 1556 4451 imperturbatus
1565 4396 1694 4445 manens,
1706 4379 1779 4437 dicit
1787 4379 1825 4438 ad

185 4467 344 4522 reverentia
356 4467 565 4522 sanchsslmum
580 4468 659 4523 illum
672 4468 871 4540 patriarcham,
888 4469 984 4526 dicens
1024 4484 1088 4523 eum
1099 4485 1105 4521 :
1116 4468 1292 4539 Nonjustum
1304 4473 1349 4523 cst
1358 4473 1391 4525 ut
1400 4468 1531 4535 arbitror,
1541 4469 1655 4524 domine
1665 4469 1776 4541 patrici,
1790 4485 1825 4525 ea

185 4554 212 4609 ei
226 4561 253 4610 et
263 4556 453 4611 calamitatem
465 4572 556 4610 suam.
568 4556 694 4612 llisertus
704 4573 770 4628 ergo
779 4557 983 4614 illiusmultum
1024 4573 1085 4628 quae
1099 4557 1303 4628 supercoelesti
1317 4557 1387 4629 Regi
1401 4557 1495 4613 oblata
1509 4563 1585 4623 sunt,
1600 4558 1731 4614 terrestri
1744 4558 1821 4614 dara.

186 4645 290 4711 (tuerat
303 4646 378 4701 enirn
397 4663 430 4701 ex
448 4645 611 4701 clarissimis
631 4651 660 4701 et
670 4647 778 4718 magnis
800 4646 980 4721 principibus)
1024 4645 1054 4702 Si
1065 4661 1132 4700 vero
1146 4650 1175 4701 et
1189 4646 1302 4701 omnino
1316 4647 1373 4702 tale
1384 4646 1490 4718 aliquid
1500 4646 1645 4717 judicasti,
1661 4647 1823 4714 credaba-

186 4731 255 4788 dicit
269 4735 304 4789 ad
320 4751 418 4791 aurern
436 4734 512 4790 illius
526 4735 572 4790 cui
589 4751 691 4790 aurum
708 4736 845 4790 creditum
864 4741 933 4803 erat,
949 4742 983 4792 ut
1022 4734 1097 4789 milis
1111 4736 1233 4790 loannes
1249 4752 1282 4790 ex
1297 4735 1338 4791 eia
1351 4751 1499 4791 nummum
1514 4751 1572 4791 non
1585 4735 1665 4792 dabit
1676 4735 1731 4792 tibi
1748 4755 1756 4806 ;
1772 4736 1823 4793 ssd
1896 4794 1900 4799 ,

185 4818 266 4877 daret
279 4823 305 4877 ei
319 4823 478 4894 quindecim
489 4823 573 4880 libras
586 4825 659 4880 auri.
674 4826 744 4881 Cum
759 4830 853 4881 autem
865 4825 917 4880 has
931 4825 981 4881 da·
998 4895 1000 4901 Ι
1022 4839 1085 4879 acce
1099 4823 1151 4879 sub
1173 4823 1273 4879 humili
1296 4824 1398 4879 lectulo
1417 4841 1480 4880 meo
1494 4829 1538 4879 est
1555 4824 1694 4896 apotheca
1705 4824 1821 4892 christi,

184 4912 265 4964 turus
280 4909 380 4977 abiret,
391 4915 577 4986 apprehendit
590 4915 738 4970 consilium
759 4915 909 4986 logotheta
924 4913 977 4985 (3²l
1021 4917 1055 4967 ut
1070 4912 1191 4968 volueris
1202 4911 1254 4968 fac.
1264 4912 1390 4984 Surgens
1403 4913 1601 4984 itaquestatim
1615 4913 1763 4984 patricius,
1772 4929 1824 4969 vo·

183 5001 213 5051 et
227 4998 363 5053 oeconomi
379 5018 385 5066 3
401 5006 429 5055 et
444 5018 477 5056 ex
488 5002 625 5058 diabolica
638 5002 800 5075 operatione
812 5002 978 5069 invidentes,
1019 5007 1065 5057 cat
1081 5002 1116 5058 dc
1128 5003 1186 5058 suis
1199 5000 1360 5057 hominibus
1375 5001 1423 5073 qni
1438 5008 1551 5074 portare
1566 5002 1712 5070 deberent,
1725 5005 1755 5057 et
1765 5002 1819 5057 im·

183 5100 240 5140 non
255 5085 395 5143 dederunt
404 5089 430 5143 ei
444 5089 500 5145 nisi
514 5092 638 5164 quinque
651 5091 747 5147 libras.
772 5092 844 5148 Cum
859 5108 925 5163 ergo
939 5107 982 5146 re·
1020 5091 1100 5163 ponit
1118 5107 1203 5162 super
1216 5106 1264 5146 eos
1278 5090 1411 5162 pecunias
1422 5096 1508 5158 totas,
1526 5108 1583 5148 non
1602 5090 1766 5164 relinquens
1788 5106 1823 5146 ex

182 5179 339 5230 verteretur
363 5176 398 5231 de
420 5177 536 5234 collecta
547 5179 605 5250 (33)
624 5181 699 5236 idem
718 5180 979 5236 honorabilissimus
1020 5179 1061 5234 eis
1071 5179 1126 5234 nisi
1136 5196 1224 5235 unum
1235 5181 1438 5248 centenarium,
1447 5180 1551 5236 Etcum
1560 5179 1823 5252 descenderentqui

183 5263 979 5340 archiepiscopus,dateiinscriptlsmnlierviduahabcns
1019 5267 1822 5342 portabanthujuemodipecuniam.ascendebantquidam

183 5353 297 5409 unicum
311 5354 411 5423 tilium,
428 5355 559 5411 notitiam
577 5358 651 5413 xenii
666 5358 722 5436 [34)
739 5359 864 5431 quinque
882 5363 977 5413 cente·
1019 5357 1068 5414 alii
1078 5357 1529 5431 portantcspusillaslagunculss,
1542 5357 1822 5429 habentespecunias

182 5441 327 5509 nariorum
338 5442 409 5499 auri.
424 5443 493 5499 Cum
509 5449 603 5500 autem
621 5446 798 5518 suscepisset,
814 5452 842 5503 et
855 5447 978 5503 honora·
1018 5447 1119 5504 missas
1129 5447 1295 5520 patriarcha
1305 5447 1340 5501 de
1352 5446 1455 5515 amca,
1466 5445 1670 5520 superscriptas
1677 5445 1749 5502 alias
1758 5446 1823 5519 qui·

181 5529 236 5584 bile
251 5537 390 5590 secretum
400 5532 576 5602 dimississet,
589 5536 751 5592 convocarit
758 5536 976 5609 dispensatores.
1018 5537 1083 5592 dem
1097 5551 1153 5592 uer.
1166 5551 1298 5604 arriana,
1315 5536 1386 5593 alias
1395 5542 1491 5594 autem
1505 5552 1560 5596 asc
1574 5552 1633 5593 suas
1646 5550 1733 5593 runo.
1748 5536 1825 5592 cum
