3832 6120
110 247 117 259 “
142 256 198 319 aaa
864 269 1064 329 ramosis.
1728 253 1781 313 ⁷³⁴

143 389 195 448 hb.
206 406 237 448 n.
252 392 370 449 «Etiam
383 406 435 448 nec
448 392 517 449 illud
531 395 592 465 ejus
606 392 773 449 admirabile
787 394 892 449 iactum
906 394 1051 458 siAeoss.
1065 397 1169 453 liberos
1182 402 1246 452 tuos
1261 397 1346 451 domo
1358 396 1473 468 provebi
1488 395 1541 449 sub
1551 393 1707 464 frequentia
1723 392 1778 447 Pa·

143 461 263 520 lendum
286 471 339 528 est,
354 481 390 521 ne
408 465 545 537 pudorem
567 465 737 521 incutiamus
751 465 939 534 audientibus,
982 473 1067 534 trum,
1083 468 1134 524 sub
1150 467 1237 540 plebis
1250 468 1394 523 alacritate
1412 467 1505 521 vidisti
1520 467 1657 533 (Boct.,dc
1671 466 1777 520 Consul.

143 536 223 607 quod
245 536 398 592 Marcellini
417 536 539 591 consulis
565 542 688 609 neptem.
709 553 793 608 quam
808 537 941 592 Romanae
983 541 1030 595 lib.
1042 554 1072 605 ii,
1089 543 1165 595 Pros.
1182 539 1243 600 dt.»
1267 540 1372 594 Pueros
1386 538 1558 601 tunesuisse,
1574 537 1663 607 liquet
1683 552 1716 589 ex
1737 551 1779 589 se·

142 605 303 662 nobilitatis
325 607 456 679 primam,
472 608 588 679 parvulo
603 608 661 663 silio
680 607 777 663 Romae
797 607 939 673 derelicto,
983 610 1150 680 quentibus:
1181 630 1193 662 <i
1206 610 1279 675 Quid
1293 610 1384 664 dicam
1397 609 1500 663 liberos
1522 609 1692 671 consulares,
1710 622 1779 676 quo·

141 678 352 751 lerosolymam
379 678 503 750 petiisse,
529 684 558 734 et
580 678 619 733 ibi
633 678 669 734 ob
685 679 794 750 insigne
808 679 941 734 meritum
982 683 1112 753 rumjam
1127 683 1199 737 utin
1216 682 1243 735 id
1254 683 1345 735 atatis
1359 681 1464 752 pueris,
1480 681 1522 733 rel
1532 679 1643 750 paterni
1653 678 1695 731 vel
1711 677 1776 730 aviti

140 748 257 804 dauns
279 750 412 806 Theclam
442 750 625 817 nominatam,
646 750 675 804 in
708 751 775 822 ipsis
797 751 941 805 chronicis
982 753 1123 823 specimen
1139 755 1230 808 elucet
1242 753 1346 823 ingenii
1366 754 1460 824 (Idem,
1473 767 1546 819 pros.
1563 749 1599 818 ii.
1617 770 1629 801 u
1655 749 1778 818 Fugerat

140 821 203 875 suis
213 821 374 893 scripserat,
391 829 454 892 post
467 821 495 875 id
505 822 539 875 de
554 821 759 892 exemplaribus
773 823 830 876 suis
843 823 938 887 erasit,
981 823 1133 878 Baronium
1153 841 1254 895 pueros
1278 824 1446 894 quandoque
1468 822 1595 876 consules
1608 821 1696 874 fuisse
1712 821 1775 886 (llo-

140 908 209 946 cum
224 899 304 947 actus
318 909 382 947 suos
391 892 506 946 vidisset
515 892 692 948 districtioris
700 892 853 964 disciplinae
862 894 939 947 lemi-
981 911 1055 957 ron..
1072 901 1090 949 l.
1113 897 1181 961 llll,
1194 912 1241 950 cii.
1259 893 1435 961 christanis)
1449 911 1454 959 ;
1472 893 1544 947 uude
1560 896 1716 946 consideres
1732 890 1777 942 hic

139 978 185 1018 nae
197 963 381 1034 displicere.»
407 963 552 1030 Paulinus,
568 965 650 1035 epist.
667 963 700 1020 10
726 964 761 1017 ad
781 965 915 1019 Severum
931 983 936 1018 :
979 966 1218 1038 interpretabatur
1231 967 1353 1021 consulis
1367 966 1448 1019 filios,
1466 964 1520 1017 Sed
1535 979 1631 1017 revera
1644 963 1714 1016 duos
1725 961 1776 1014 hos

141 1052 155 1085 ι
168 1034 216 1089 Ita
228 1035 317 1090 crevit
325 1035 467 1100 arumnis,
486 1039 519 1089 ut
532 1035 679 1089 duoslllios
686 1040 715 1089 et
723 1035 856 1089 maritum
866 1036 940 1089 intra
980 1054 1049 1092 coss.
1071 1038 1271 1109 Symmachum
1286 1045 1313 1092 et
1329 1037 1457 1093 Boetium
1472 1035 1562 1089 Boetii
1577 1033 1694 1088 senioris
1704 1032 1775 1085 illios

137 1105 210 1159 anni
226 1109 339 1178 teinpus
349 1105 500 1173 amitteret,
512 1107 594 1161 unico
602 1106 772 1160 tantumsibi
782 1106 939 1177 parruload
980 1108 1135 1163 rectissime
1154 1109 1244 1163 Fastis
1261 1108 1384 1163 restituit
1404 1106 1570 1162 Sirmondus
1591 1109 1687 1158 noster
1704 1103 1775 1165 idir-

138 1177 312 1231 memoriam
327 1175 380 1230 sibi
392 1177 485 1248 potius
496 1177 623 1248 quemad
638 1177 941 1248 compensationemal-
981 1182 1108 1245 utendus,
1127 1182 1163 1233 acl
1177 1184 1252 1249 epist.
1278 1181 1355 1235 llil).
1375 1194 1422 1232 riu
1447 1179 1586 1238 Eiiiioiliit,
1606 1175 1654 1247 qui
1675 1174 1775 1227 horum

136 1245 248 1301 fectum
263 1247 428 1303 derelicto.»
444 1247 478 1302 Et
497 1247 584 1301 inira:
602 1270 613 1294 ι·
629 1248 726 1318 ltaque
742 1248 869 1303 luctuosa
883 1264 941 1301 am·
983 1265 1050 1304 avus
1061 1255 1196 1333 paterque
1211 1251 1345 1305 hactenus
1359 1248 1457 1304 crediti
1467 1253 1541 1303 sunt.
1559 1245 1661 1302 Incidit
1674 1244 1775 1299 borum
1859 1277 1863 1284 -

136 1316 202 1371 bitu
216 1319 305 1372 trium
320 1318 450 1373 funerum
465 1319 661 1382 remeandos
675 1319 780 1389 pariter
793 1319 937 1381 etorbate,
981 1322 1142 1376 consulatus
1154 1338 1184 1375 m
1199 1338 1305 1376 annum
1318 1321 1422 1376 Christi
1432 1319 1493 1376 522.

137 1388 357 1454 Romaniano,
368 1390 520 1443 cumuiiico
531 1389 843 1459 suo,incentorepotius
853 1404 938 1461 quain
1016 1392 1088 1462 Ergo
1103 1397 1135 1446 ut
1149 1393 1276 1446 consules
1300 1392 1355 1445 illis
1373 1391 1546 1462 temporibus
1562 1406 1675 1460 pueros,
1691 1394 1776 1459 atque

137 1458 266 1515 solatore
286 1460 493 1533 lacrymarum
518 1461 575 1514 sire
588 1460 680 1514 inians
695 1467 760 1514 ante
771 1461 815 1515 sui
825 1478 939 1515 sensum
979 1462 1049 1517 adeo
1063 1463 1092 1517 in
1104 1463 1235 1527 infantes
1247 1463 1446 1517 creaiosiuisse
1460 1461 1628 1521 constituito
1642 1466 1776 1530 praetores

136 1530 217 1584 mala
230 1529 364 1592 sentiens,
374 1531 433 1601 jam
443 1537 554 1602 saperet
568 1531 688 1585 alienam
700 1532 796 1601 lugere
807 1537 936 1597 mortem,
979 1534 1077 1588 eadem
1097 1539 1179 1589 aetate
1204 1535 1379 1589 renuntiator
1396 1532 1548 1657 aliprando
1567 1531 1652 1586 fuisse
1672 1532 1774 1584 mirum

137 1601 395 1672 quiadhuevitam
413 1618 494 1655 suam
516 1617 598 1655 nosse
617 1602 751 1665 nesciret,
768 1603 824 1656 sire
839 1602 938 1673 ignara
979 1620 1035 1657 non
1057 1610 1108 1658 est.
1132 1607 1229 1675 Neque
1257 1606 1332 1658 enim
1360 1604 1432 1675 juris
1453 1603 1572 1666 ictionis,
1599 1608 1649 1655 aut
1668 1618 1776 1671 magnae

132 1672 212 1727 male
225 1689 340 1727 securus
360 1672 488 1738 infantia,
505 1673 657 1727 miserabili
672 1673 737 1727 ludo
754 1672 827 1726 inter
838 1674 936 1728 matris
978 1676 1133 1746 cuiuspiam
1145 1675 1395 1730 administrationis
1405 1691 1489 1728 ciiusa
1503 1674 1532 1727 hi
1542 1672 1716 1742 legebantur,
1725 1672 1773 1726 sed

133 1743 263 1799 lamenta
275 1743 406 1798 rideret.»
424 1744 474 1798 llis
487 1744 585 1798 edocta
599 1743 774 1798 documentis
787 1760 842 1799 non
860 1744 967 1809 finiriB
977 1748 1209 1816 spectaculorum,
1226 1747 1278 1800 hoc
1291 1752 1334 1800 est
1348 1747 1549 1816 impensarum,
1566 1760 1635 1815 quas
1650 1744 1693 1796 rol
1708 1742 1771 1813 ipsi,

132 1813 238 1868 mculo
253 1812 356 1885 fragili,
372 1821 401 1869 et
414 1831 492 1895 spem
503 1819 613 1869 tantum
627 1815 721 1869 irilJeo
735 1831 935 1887 ponere,quem
976 1816 1018 1869 rel
1035 1833 1131 1871 eorum
1157 1817 1271 1872 nomine
1295 1823 1390 1888 patres
1414 1823 1558 1871 senatores
1584 1813 1770 1871 sustinebant.

132 1884 229 1938 solum
239 1884 370 1940 amittere
382 1885 462 1938 inriti
474 1901 529 1938 non
543 1901 700 1956 possumus
717 1887 869 1940 salutarem
882 1887 934 1940 sibi
976 1886 1151 1942 Creabantur
1165 1889 1241 1942 enim
1265 1895 1399 1960 pretores
1413 1904 1445 1941 ex
1460 1886 1556 1941 ordine
1571 1885 1720 1945 senatorio,
1741 1890 1773 1938 ut

131 1955 250 2081 flliopue
272 1955 420 2011 scientiam
436 1955 537 2019 induit,
554 1957 934 2038 utparvulumsuumnegli·
975 1957 1018 2011 lex
1053 1957 1065 2015 l
1093 1958 1161 2014 Cod.
1198 1959 1315 2025 Theod.,
1345 1957 1379 2012 de
1424 1959 1538 2012 Praetor.
1572 1963 1600 2012 et
1633 1956 1768 2020 Quaestor.

129 2041 234 2153 m
249 2027 299 2082 dil'
321 2032 389 2088 eret.
414 2032 443 2081 et
467 2026 634 2081 dimittendo
660 2028 804 2092 retineret,
825 2029 934 2083 firmius
975 2029 1107 2083 declarat.
1122 2030 1246 2096 Boetius,
1263 2030 1310 2083 lib.
1329 2044 1359 2084 ιιι
1380 2029 1503 2094 Consol.,
1515 2028 1624 2100 prosal
1640 2046 1669 2079 :r
1687 2027 1772 2096 Atqui

191 2097 197 2108 '
236 2114 270 2153 ra
359 2103 446 2166 ntem,
462 2115 546 2169 quem
561 2097 679 2153 Domino
698 2097 931 2167 commendasset,
974 2100 1222 2172 praetura,inquit,
1246 2102 1313 2155 olim
1332 2117 1435 2172 magna
1448 2105 1582 2171 potestas
1599 2114 1673 2153 nunc
1688 2098 1772 2153 inane

132 2183 221 2239 quam
240 2168 419 2242 complexum
444 2174 622 2241 praesentem,
657 2169 681 2223 si
714 2169 766 2223 sibi
798 2169 933 2225 credidis·
958 2184 1086 2239 'nomem
1103 2179 1132 2226 et
1143 2173 1277 2228 senatorii
1289 2171 1489 2242 censusgravis
1497 2167 1704 2225 sarcinaiUbi
1715 2184 1772 2223 non

131 2244 186 2294 set.
201 2258 213 2290 r
974 2242 1028 2296 rite
1034 2243 1186 2298 Bernarius
1199 2242 1447 2313 praefecturalegit.
1456 2240 1676 2314 Symmachusin
1688 2238 1771 2294 ador-

167 2311 243 2376 Quia
255 2327 325 2382 ergo
339 2312 431 2366 adhuc
441 2313 572 2382 parvulus
587 2312 744 2372 erat,etiam
753 2327 865 2366 necesse
879 2312 934 2367 suit
973 2314 1067 2367 nanda
1081 2315 1132 2368 lilii
1145 2319 1276 2384 praetura,
1286 2314 1472 2384 ludorumque
1480 2330 1516 2385 ap
1537 2318 1627 2378 aratu,
1640 2315 1731 2366 totum
1742 2326 1772 2365 se

136 2382 160 2436 ei
184 2388 413 2438 rocuratoremei
424 2388 547 2437 tutorem
563 2381 932 2438 constitui.Heraclidesseu
973 2383 1068 2450 fuisse,
1083 2385 1179 2440 multis
1190 2385 1315 2457 epistolis
1329 2390 1460 2447 testatur,
1476 2391 1508 2439 ut
1518 2330 1568 2438 hb.
1580 2401 1615 2446 iv,
1630 2400 1646 2437 e
1666 2382 1712 2436 ist.
1724 2381 1769 2448 59,

182 2453 279 2508 ladius
299 2453 446 2525 Lipomani
461 2459 489 2507 et
512 2454 633 2517 Baronii,
654 2470 714 2524 cap.
735 2450 778 2514 33,
795 2470 883 2523 agens
898 2455 932 2508 de
973 2455 1009 2509 ad
1024 2456 1206 2510 Eufrasium:
1226 2457 1420 2511 «Eienatao
1441 2462 1592 2538 pertunum
1607 2454 1634 2508 vi
1655 2452 1772 2508 eturdi-

135 2524 307 2597 pml'eetioue
320 2524 382 2596 ejus
401 2541 464 2579 cum
488 2525 576 2578 Roma
590 2524 692 2580 solvit:
727 2524 932 2579 uProcuratore
973 2525 993 2578 li
1014 2526 1119 2581 entiam
1130 2534 1210 2581 tuam
1222 2527 1353 2598 precibus
1375 2473 1491 2593 amhire,
1509 2532 1541 2582 ut
1560 2526 1590 2580 in
1612 2523 1774 2596 praetoriam

136 2600 200 2650 aute
211 2596 270 2650 lilio
285 2611 338 2651 suo
352 2596 531 2650 constituto.»
545 2597 578 2650 Et
586 2612 648 2667 cap.
661 2594 770 2659 licum
778 2595 837 2665 jam
852 2595 932 2650 Jcro-
973 2543 1023 2651 nih
1038 2597 1092 2650 mei
1106 2597 1289 2664 functionem,
1306 2598 1368 2652 risu
1383 2604 1410 2652 et
1421 2613 1504 2652 cursu
1515 2596 1622 2652 nobiles
1634 2594 1697 2667 equi
1706 2611 1775 2665 prte-

136 2665 253 2738 solymis
279 2671 448 2730 remoretur,
466 2672 495 2720 et
508 2667 601 2736 largas
628 2666 820 2736 eleemosynas
835 2666 931 2721 distri·
973 2674 1143 2737 parentur.»
1160 2669 1237 2723 Idem
1251 2669 1341 2723 eidem
1352 2666 1774 2736 commendatduabussequen-

138 2735 235 2791 bueret
251 2755 258 2790 :
274 2756 286 2788 ι
299 2736 351 2792 Cui
366 2745 497 2808 parentes
511 2754 621 2808 quoque
632 2738 703 2808 ejus
718 2754 750 2790 aa
763 2736 814 2791 filii
828 2754 930 2809 procu·
971 2738 1045 2793 tibus
1055 2739 1166 2794 litteris.
1179 2740 1307 2794 Meminit
1322 2740 1395 2794 idem
1411 2741 1547 2810 praeterire
1559 2737 1706 2810 dignitatis
1720 2737 1772 2792 lilii

139 2813 242 2863 ratores
256 2807 356 2879 ipsius,
366 2824 399 2863 ex
409 2808 588 2863 facultatibus
599 2807 718 2879 propriis
730 2809 818 2862 multa
829 2809 931 2878 praebe·
971 2809 1019 2863 lib.
1029 2824 1087 2872 viii,
1099 2811 1180 2881 epist.
1195 2811 1239 2877 al,
1256 2809 1299 2877 70,
1310 2808 1354 2867 71.
1371 2810 1513 2874 Quantum
1525 2810 1710 2882 Symmachus
1719 2808 1771 2862 im·

140 2876 231 2933 tint.»
246 2878 400 2943 Palladius
415 2879 527 2933 Herveti
543 2896 603 2949 cap.
619 2880 685 2933 lli:
704 2879 795 2932 «Cum
806 2887 932 2936 curasset
972 2880 1101 2952 penderit
1112 2881 1141 2936 in
1162 2881 1243 2935 ludos
1256 2881 1402 2964 praetorios
1412 2882 1472 2946 silli,
1483 2881 1615 2952 exprimit
1629 2879 1772 2952 Olympio·

143 2954 168 3004 ut
184 2948 237 3006 lilii
255 2949 300 3004 sui
319 2949 512 3005 nominaretur
529 2955 616 3004 tutor.
634 2968 648 3000 i
665 2949 759 3003 Graece
775 2967 781 3002 :
798 2949 933 3018 lloidaaoa
972 2952 1057 3006 dorus
1074 2952 1209 3008 Triobaeus
1232 2953 1421 3006 Historiarum
1446 2953 1507 3023 ejus
1527 2951 1620 3006 saeculi
1642 2951 1771 3020 scriptor,

145 3016 268 3091 irlipoaor
279 3025 332 3073 τῶν
345 3021 398 3073 υἱοῦ
412 3017 486 3089 αὐτῆς
500 3022 674 3092 dispartiunt.
691 3020 763 3075 Item
778 3037 838 3103 cap.
856 3019 906 3078 118
924 3041 929 3076 :
974 3023 1048 3094 apud
1069 3023 1212 3087 Photium,
1241 3023 1302 3077 cod.
1318 3019 1362 3084 80,
1377 3022 1426 3076 ubi
1441 3024 1501 3093 agit
1514 3024 1549 3077 de
1564 3021 1662 3093 opibus
1672 3029 1772 3076 etcen·

148 3091 219 3162 «Sap
275 3090 932 3164 itautibuseiconsauguineis,etipsoliho,etcu·
974 3094 1122 3149 sucirium
1131 3094 1770 3165 Romanorum,etdeimpensisludorumprai-

148 3162 223 3218 rttori
286 3163 437 3234 quotannis
446 3163 587 3234 pecunias.
599 3185 611 3215 i
625 3163 719 3218 Graece
732 3181 737 3216 :
749 3161 931 3234 Χορηγούντων
942 3143 964 3202 G
975 3164 1120 3218 toriorum.
1136 3165 1184 3220 hit
1198 3165 1285 3247 igitur
1301 3165 1501 3236 Symmachum
1513 3164 1542 3219 in
1555 3169 1708 3235 praeturam
1718 3161 1769 3215 lilii

151 3229 255 3355 {iterari
274 3240 326 3376 pedm
346 3232 407 3321 npdy
424 3237 503 3373 ripae
525 3235 566 3288 asi
586 3231 722 3288 αὐτοῦτοῦ
740 3233 802 3300 υἱοῦ,
824 3236 931 3290 καὶτῶν
973 3236 1148 3359 centenaplios
1164 3253 1234 3360 aurit
1246 3236 1554 3360 i'ipenostimpppndisse,
1568 3234 1598 3316 id
1612 3241 1769 3358 esfitlampm-

152 3322 273 3358 iuuarint
304 3324 360 3358 πων
374 3324 425 3359 τα·
490 3325 545 3358 sta.
972 3321 1037 3359 rum
1051 3322 1088 3359 mi
1114 3323 1140 3360 ia
1155 3324 1221 3361 circi
1236 3324 1266 3360 er
1294 3323 1412 3372 ucona,
1453 3321 1620 3360 arimumin
1666 3319 1770 3358 niem

176 3371 264 3438 Quare
279 3373 310 3430 in
337 3325 572 3445 pnmdaeeditione
595 3392 658 3431 mea
672 3376 773 3431 harum
790 3376 929 3445 vitarum,
972 3382 1095 3447 praetura
1105 3378 1299 3448 quadragenos
1309 3378 1371 3431 auri
1386 3377 1571 3444 centenarios,
1586 3375 1640 3430 hoc
1649 3380 1701 3443 est,
1718 3391 1769 3428 au-

154 3445 292 3501 existimari
302 3462 428 3501 errorem
436 3447 582 3519 irrepsisse
595 3447 625 3502 in
639 3447 804 3519 Hieronymi
816 3448 932 3503 Chroni-
972 3463 1085 3503 reorum
1098 3449 1395 3519 milliaquadraginta.
1413 3478 1418 3485 ’

155 3530 202 3583 aaa,
216 3522 244 3572 et
266 3517 354 3572 etiam
365 3523 464 3574 eontra
477 3518 603 3574 omnium
618 3519 685 3574 Mss.
698 3518 783 3573 iidem
799 3520 930 3591 (quorum
1008 3519 1058 3572 llis
1076 3520 1221 3591 perpensis
1241 3520 1344 3574 mirum
1363 3536 1438 3574 nunc
1458 3519 1546 3574 rideri
1568 3535 1625 3573 non
1640 3517 1732 3581 debet,
1749 3517 1772 3570 si

156 3590 354 3665 huenmmma
365 3589 440 3661 apud
450 3605 494 3646 me
509 3590 581 3646 solet
595 3605 657 3645 esse
670 3589 834 3660 auctoritas)
847 3591 930 3647 unica
972 3588 1162 3645 nobilissimus
1177 3591 1388 3662 ditissimusque
1396 3591 1524 3645 Melania
1536 3590 1669 3644 Romanae
1686 3589 1769 3650 tilius.

157 3653 261 3714 litterula
274 3663 387 3714 mutata
400 3660 475 3733 apud
489 3659 692 3733 Hieronymum
705 3659 841 3730 legebam,
856 3675 930 3729 prte-
971 3659 1000 3715 in
1033 3667 1161 3716 raetorem
1175 3663 1330 3716 etiamnum
1364 3678 1415 3716 uer
1427 3660 1635 3716 electussuerit.

160 3728 198 3808 bri
213 3733 239 3784 et
251 3745 309 3785 non
322 3736 453 3798 pratere3
469 3737 502 3786 ut
519 3731 641 3787 Melania
659 3731 748 3787 Roma
757 3732 880 3803 profecta
894 3735 931 3789 sit
1006 3677 1114 3803 hapsus
1128 3738 1171 3787 est
1185 3750 1220 3787 ex
1230 3733 1328 3787 eodem
1337 3678 1501 3815 iheronymi
1517 3733 1576 3786 loco
1588 3731 1616 3785 in
1629 3729 1767 3810 Chronico

160 3795 201 3853 ibo
211 3800 291 3857 unico
311 3801 407 3857 Romae
431 3802 562 3858 derelicto
576 3806 691 3872 pratum·
707 3805 824 3869 urbano,
836 3804 930 3860 rideli·
971 3802 1123 3873 Gregorius
1136 3804 1317 3868 Turonensis,
1325 3802 1372 3860 lib.
1388 3819 1397 3857 i
1412 3804 1484 3858 llist.
1501 3804 1612 3869 Fraus„
1624 3820 1648 3858 e.
1658 3800 1701 3867 40,
1719 3816 1767 3871 qui

161 3874 330 3955 uunquam
347 3873 444 3943 tutori,
459 3889 516 3930 non
530 3889 596 3930 vero
615 3873 677 3946 ipso
685 3880 801 3944 pretore
821 3877 929 3931 urbano
971 3874 1141 3929 existimarit
1162 3875 1289 3930 Melania
1307 3874 1364 3929 silio
1387 3891 1492 3930 nomen
1512 3874 1598 3929 fuisse
1614 3875 1768 3935 Urbanam,

162 3942 210 3997 laur
221 3948 390 4001 existente.»
971 3960 1036 3999 eum
1052 3945 1156 4001 Hieron
1178 3962 1239 3999 mus
1263 3946 1427 4013 depretiare
1447 3946 1555 4000 urbano
1570 3936 1769 4015 intelligendus

184 4010 330 4071 amavero
344 4031 376 4070 re
389 4015 512 4088 penitius
523 4022 679 4090 perspecta,
695 4022 751 4072 stet
764 4034 816 4072 sua
828 4018 931 4073 veteri·
971 4015 1017 4070 sit.
1034 4016 1139 4071 Locum
1155 3963 1319 4088 hieronymi
1335 4032 1368 4069 ex
1381 4016 1566 4072 Chronicoita
1575 4016 1621 4070 ille
1633 4014 1771 4085 expressit

160 4075 276 4162 balbria
288 4085 369 4155 fides,
380 4086 612 4160 retineamusquc
622 4093 745 4158 pretore,
764 4093 793 4142 et
804 4089 930 4144 Melaniae
972 4094 999 4142 et
1013 4087 1231 4158 circumscripsit
1248 4107 1253 4140 :
1276 4087 1423 4141 «Melania
1438 4103 1503 4141 vero
1518 4091 1648 4141 matrona
1668 4084 1770 4139 nobilis

161 4149 259 4233 Mauri
271 4173 360 4240 puero
381 4163 533 4230 praeturam
544 4159 666 4215 delatam
687 4159 821 4214 dicamus.
844 4160 930 4216 Plane
971 4163 1000 4213 et
1013 4159 1101 4213 incola
1118 4157 1196 4212 urbis
1208 4157 1578 4227 liomanm,lerosolymaob
1594 4156 1769 4211 devotionem

161 4237 235 4303 pune
253 4229 404 4299 dignitates
419 4230 482 4298 (etsi
496 4231 596 4298 rarius)
629 4231 778 4302 nandoque
793 4233 930 4303 posterio-
971 4229 1049 4294 abiit,
1068 4228 1181 4286 Urbano
1198 4229 1256 4284 lilio
1278 4230 1373 4284 Romae
1392 4229 1505 4285 relicto.
1533 4228 1622 4292 Quem
1641 4227 1682 4280 ita
1695 4242 1724 4279 se
1740 4226 1769 4278 iii

160 4293 218 4379 hilm
229 4299 400 4372 temporibus
410 4301 488 4357 tuere
502 4303 597 4375 pueris
606 4250 706 4357 delatae
720 4302 879 4373 ingratiam
892 4305 931 4358 ia·
972 4305 1073 4356 cuncta
1097 4300 1224 4356 bonitate
1241 4317 1273 4354 ac
1288 4299 1437 4354 sanctitate
1452 4297 1582 4352 omnibus
1598 4296 1727 4379 prebuit,
1740 4300 1774 4350 ut

161 4366 223 4446 ulie
234 4372 277 4427 vel
298 4377 448 4444 parentum
462 4371 533 4429 bene
548 4373 583 4429 de
597 4372 740 4444 republica
753 4374 929 4428 meritorum.
971 4372 1075 4428 Thecla
1092 4377 1238 4426 vocaretur
1252 4369 1289 4427 ab
1303 4370 1410 4425 incolis.
1425 4389 1437 4425 r
1451 4369 1552 4426 Omisit
1562 4374 1593 4423 ut
1606 4367 1691 4433 rides
1703 4383 1773 4437 pre-

161 4432 336 4499 Sullonorius
344 4443 668 4515 Theodosiiaiuimp.
684 4443 932 4500 filiusinl'anscon·
973 4448 1040 4497 tore.

159 4506 313 4573 ”luemus
324 4514 505 4584 Claudianus,
521 4516 691 4589 panegyrico
701 4515 736 4571 de
762 4520 862 4588 quarto
876 4517 932 4572 llo·
1013 4516 1049 4584 (a)
1064 4513 1211 4570 Summam
1240 4518 1435 4570 constentiam.
1470 4513 1596 4578 Hieron„
1614 4511 1694 4582 epist.
1714 4508 1771 4567 25:

111 4599 116 4608 ·
157 4580 379 4642 marsuan:
943 4580 990 4641 D«
1006 4585 1109 4641 Sancta
1126 4585 1244 4642 Melania
1259 4586 1417 4642 nostritem
1455 4585 1493 4639 ris
1507 4584 1582 4639 inter
1600 4581 1774 4637 Christianos

420 4694 488 4744 hm
499 4695 575 4743 cumb
595 4695 601 4743 Ι
691 4695 716 4743 ul
977 4671 1042 4711 vera
1052 4655 1193 4723 nobilitas,
1211 4673 1274 4712 cuni
1286 4673 1341 4728 qua
1354 4656 1406 4712 tibi
1418 4603 1556 4711 hhminus
1567 4653 1636 4707 milii
1657 4669 1692 4707 ue
1705 4669 1773 4707 coii-

214 4728 361 4818 malon,
374 4728 396 4806 si
413 4768 473 4805 unns
484 4708 749 4829 positodchdhhhus
761 4756 846 4820 testor,
976 4728 1058 4810 heim
1067 4729 1096 4783 in
1111 4728 1156 4784 die
1168 4745 1219 4784 ³¹¹³
1231 4727 1333 4783 habere
1348 4733 1467 4801 Pammr
1483 4726 1591 4781 camme
1611 4724 1648 4806 ⁸5¹
1669 4741 1703 4779 ¹¹⁰
1717 4738 1775 4777 ma*

215 4813 369 4882 llomturque
381 4768 436 4881 tihi,
448 4830 490 4884 qui
501 4821 524 4868 te
537 4820 677 4883 produxerat
690 4833 778 4868 nunus.
976 4801 1210 4927 fflicefipilgssfflggci
1225 4805 1254 4854 0ss
1268 4800 1388 4855 nedum
1402 4800 1529 4863 humma
1542 4796 1704 4851 du⁰⁸³¹m¹¹¹
1714 4811 1775 4867 pes·

1141 4912 1148 4936 ,
1213 4910 1220 4925 .

150 4929 358 4990 Undeinedicto
373 4934 521 4990 Theodosii
536 4935 578 5005 (L.
593 4936 651 4993 lde
662 4936 762 5006 hirqui
776 4939 857 5005 reliq.
873 4952 937 4991 con·
1013 4941 1054 5012 (p)
1075 4945 1177 5012 l'i'pirili
1183 4948 1278 5013 septem
1284 4943 1357 5069 gito
1365 4940 1477 5014 quidem
1485 4939 1636 4995 Palladius.
1645 4939 1699 4994 Sed
1706 4939 1777 4993 Pau-

147 5004 889 5079 tead.,Cod.Tlieod.l,quohereticoscoercuitseiibens
903 5008 939 5063 ad
978 5011 1062 5075 linus,
1089 5014 1171 5096 epist.
1189 5012 1215 5078 9,
1233 5013 1269 5068 ad
1305 5028 1427 5067 ererum.
1442 5010 1510 5065 dicit
1529 5027 1579 5092 per
1590 5011 1714 5083 quinque
1731 5010 1776 5064 lu-

144 5070 476 5161 busiguiumpraet'ectum
501 5079 612 5161 raetorio
622 5096 628 5131 ι
638 5077 846 5133 ‹Honorisnob
869 5095 938 5161 uero
979 5087 1038 5138 stra
1054 5085 1167 5139 haesisse
1179 5083 1369 5156 ierosolymis,
1382 5083 1411 5138 id
1423 5088 1467 5137 est
1475 5098 1556 5137 annis
1566 5097 1627 5136 xxv.

141 5149 170 5200 α
179 5144 281 5202 Evodio
293 5163 379 5214 coss,
392 5167 404 5199 i
422 5095 538 5233 anthus
550 5154 707 5232 assignantu
717 5165 823 5232 annum
833 5095 938 5205 Christi
1012 5157 1050 5225 (a)
1065 5155 1250 5226 priapeium]
1262 5155 1409 5220 Baronius,
1420 5152 1777 5224 posuitsiiilipmiamsm

139 5211 199 5300 ibb-
223 5217 268 5299 lta
290 5217 466 5302 Theodosius
476 5237 574 5292 Jumor
594 5221 709 5303 hrcadii
720 5221 795 5276 iilius
810 5221 937 5303 nondum
978 5232 1087 5282 rectum
1103 5228 1258 5294 Pitbpmur,
1274 5243 1325 5281 seu
1347 5228 1505 5294 Pisstmius,
1522 5232 1554 5281 ut
1567 5228 1778 5296 patetexteatu

140 5289 938 5419 menmscoplpstpliftpppuffRbrpupridaquibusconslignaiit
978 5297 1075 5353 Graeeo
1091 5297 1220 5383 Palladii.

137 5374 451 5559 affi.3,:i.i.3t
464 5365 938 5561 aniapyprnplx
978 5367 1778 5560 ..sterneremuslulliirupp

134 5516 938 5661 a.astartentalitaliattitulatae}
978 5512 1185 5640 tlnlttll·
1208 5512 1266 5566 ²⁴⁰⁰
1292 5513 1481 5584 ΜΝ
1496 5511 1549 5567 ¹¹⁰⁶
1564 5513 1698 5566 ¹⁰⁸¹¹¹¹¹³‘'
1733 5521 1778 5559 ¹³

130 5644 275 5719 (Buram,
283 5649 363 5727 eptat-
375 5646 392 5705 8
404 5664 437 5709 a
448 5647 573 5731 hostius,
584 5649 655 5706 duos
663 5648 766 5708 liberos
774 5654 861 5706 etiam
870 5666 937 5723 pue-
1016 5656 1066 5724 (bb)
1083 5654 1208 5711 Palladii·
1219 5659 1301 5726 atque
1314 5655 1455 5738 Paulini]
1469 5654 1579 5735 Neuter
1589 5648 1686 5716 habeb
1700 5647 1774 5732 qued

132 5728 269 5773 meam.
279 5712 360 5773 vidit.
398 5715 556 5804 hssosophia
566 5737 635 5803 eum
653 5720 756 5790 solans,
774 5721 936 5805 copulatum
977 5723 1106 5784 Ruffiuus
1119 5741 1176 5782 nna
1193 5741 1257 5809 cum
1274 5725 1397 5810 Melania
1410 5724 1593 5806 ierosolymis
1603 5710 1724 5780 Romam
1738 5723 1776 5774 sit

136 5786 217 5847 buno
233 5785 414 5851 consulatum
436 5807 463 5851 ei
482 5797 603 5867 ingerit:
634 5793 728 5854 «Cum
741 5794 812 5854 dues
829 5797 936 5869 pariter
976 5797 1236 5873 proheressius
1256 5814 1410 5860 meminere
1429 5794 1557 5857 Melania
1571 5811 1602 5854 in
1613 5793 1666 5852 hac
1679 5791 1773 5867 proie-
