3818 6120
137 256 190 317 979
711 257 759 312 DE
775 257 871 313 Vlrls
889 254 1038 313 PATRUM
1055 256 1163 314 LIBER
1174 259 1215 346 .v'
1723 257 1777 319 9811

137 383 167 435 et
180 380 293 436 errabat
305 396 357 453 pro
371 395 404 434 eo
426 378 501 449 quod
513 383 575 434 erat
587 379 684 447 idiota,
701 387 730 437 et
741 381 860 449 dicebat,
874 380 1063 454 aonAperire
1081 382 1191 439 labores
1205 385 1277 456 eius,
1290 389 1320 441 et
1334 387 1439 442 reversi
1455 392 1523 443 suut
1537 402 1605 443 cum
1619 384 1727 459 gaudio
1740 388 1775 443 ad

139 496 200 535 esse
214 478 381 534 naturaliter
392 493 493 548 corpus
507 478 610 533 Christi
626 495 728 550 panem
745 497 827 552 quem
844 480 932 535 sumi·
974 473 1059 527 celles
1073 490 1148 528 suas.

138 585 211 635 mus,
226 569 273 623 sed
288 569 408 638 figuram
423 568 483 636 ejus
507 585 577 622 esso.
600 569 658 623 Hoc
672 576 767 625 autem
787 570 933 625 audientes
1007 561 1034 616 4·
1046 564 1153 618 lterum
1168 564 1227 636 ipse
1237 564 1323 620 abbas
1338 566 1437 621 Daniel
1451 567 1579 622 narravit
1588 567 1625 621 de
1639 566 1697 622 alio
1714 582 1777 623 seue

136 658 191 712 duo
201 673 281 712 senes
296 655 369 727 quod
384 656 490 710 diceret
501 657 575 711 hrinc
590 674 758 724 sermonem,
772 664 800 713 et
813 659 934 714 scientes
974 668 1086 722 magno,
1103 654 1151 725 qui
1165 653 1311 712 habitabat
1324 655 1353 711 in
1376 656 1526 712 inferiores
1539 662 1637 728 panes
1651 657 1776 729 AEgypti,

138 747 204 819 quia
216 762 320 816 magna
335 745 470 799 essetvita
485 751 514 799 et
520 747 695 801 conversatio
709 749 781 818 ejus,
793 748 933 818 cogitave-
974 741 1040 811 quio
1055 741 1161 797 diceret
1175 760 1227 814 per
1239 744 1448 815 simplicitatem
1473 746 1549 817 quod
1572 745 1778 801 Melchisedech

135 835 280 906 1·untquia
290 834 777 906 innocenteretsimpliciterdieerct
788 838 847 901 hoc,
857 842 934 891 etve·
974 830 1034 901 ipse
1049 832 1176 886 aethlius
1191 832 1250 887 Dei·
1266 834 1325 888 Hoc
1339 840 1434 889 autem
1447 835 1605 889 indicatum
1623 840 1779 892 estsauctre

136 928 240 979 nerunt
251 924 288 978 ad
301 941 375 990 euni,
390 929 419 978 et
429 923 527 978 dicuat
539 925 565 978 ei
581 942 587 977 ε
600 924 688 991 abba,
701 925 859 980 audivimus
873 942 933 979 ser·
974 921 1116 974 memoriae
1127 922 1231 993 Cyrillo
1242 923 1450 995 archiepiscopo
1461 924 1780 989 alexandrinaetmisit

135 1028 246 1068 monem
257 1013 404 1083 cujusdam
412 1012 543 1079 infidelis,
551 1015 599 1084 qui
609 1014 677 1068 dicit
686 1014 839 1086 quiapanis
850 1031 934 1085 quem
974 1008 1011 1063 ad
1023 1025 1097 1063 eum.
1109 1010 1205 1065 Sciens
1220 1017 1315 1066 autem
1326 1012 1393 1083 quia
1401 1012 1518 1084 signifer
1530 1019 1608 1069 esset
1616 1014 1667 1069 ille
1682 1031 1776 1083 senex,

134 1103 282 1169 sumimus,
293 1119 349 1158 nou
362 1108 464 1156 natura
478 1118 580 1173 corpus
592 1103 706 1170 Christi,
722 1103 771 1158 sed
787 1105 935 1173 figuraest
975 1102 1003 1152 et
1017 1098 1152 1171 quidquid
1168 1106 1276 1171 peteret
1298 1117 1316 1156 a
1334 1102 1392 1156 Deo
1413 1102 1592 1158 revelabatur
1606 1104 1642 1168 ei,
1669 1109 1701 1159 et
1714 1104 1780 1177 quia

134 1193 205 1263 ejus.
222 1194 312 1247 Senex
325 1198 421 1246 autom
440 1192 479 1246 ait
498 1191 538 1245 eis
560 1211 565 1245 :
583 1193 640 1262 ligo
655 1209 718 1247 sum
732 1193 779 1264 qui
799 1193 851 1246 hoc
865 1192 931 1247 dixi.
974 1187 1253 1259 simpliciterdiceret
1271 1191 1323 1246 hoc
1335 1190 1462 1259 verbum,
1474 1208 1542 1247 usus
1555 1198 1601 1248 est
1612 1194 1778 1264 hujusmodi

133 1282 177 1337 Illi
188 1287 283 1336 autem
298 1281 436 1352 rogabant
448 1298 522 1344 eum,
533 1282 658 1336 dicentes
676 1301 682 1336 :
697 1284 761 1337 Noa
776 1282 931 1343 sieteneas,
975 1277 1094 1343 ratione,
1111 1278 1207 1333 diceus
1223 1297 1228 1331 :
1242 1278 1331 1345 Abba,
1349 1296 1417 1352 rogo
1434 1286 1463 1336 te
1482 1282 1548 1353 quia
1561 1282 1592 1336 in
1606 1283 1779 1354 cogitatione

133 1370 215 1438 abba,
226 1371 274 1425 sed
287 1370 490 1426 sicutEcclesia
504 1371 642 1425 catholica
656 1371 774 1426 tradidit
793 1389 798 1425 :
820 1388 872 1425 nos
882 1388 933 1425 au·
975 1373 1105 1432 111θῦ681,
1122 1368 1197 1438 quod
1210 1368 1414 1425 Melchisedech
1433 1370 1493 1442 ipse
1505 1371 1544 1426 Sit
1567 1371 1645 1426 silius
1669 1373 1735 1440 Dei}
1751 1379 1779 1429 et

132 1460 340 1515 temcrcdimus
354 1459 421 1530 quia
434 1461 515 1530 panis
530 1461 589 1531 ipse
603 1477 705 1531 corpus
719 1460 824 1515 Christi
839 1465 890 1525 cst,
906 1467 934 1514 ot
975 1472 1073 1510 rursus
1092 1457 1149 1511 alia
1173 1457 1306 1527 cogitatio
1333 1475 1398 1513 mea
1410 1459 1479 1514 dicit
1503 1460 1571 1531 quia
1586 1476 1645 1516 aon
1660 1461 1708 1527 sit,
1731 1462 1779 1516 scd

133 1550 204 1605 calix
217 1551 277 1622 ipse
291 1555 335 1604 est
347 1549 462 1620 sanguis
481 1550 590 1604 Christi
605 1550 760 1605 secundum
775 1550 930 1616 veritatem,
975 1545 1059 1599 homo
1074 1546 1119 1610 sit,
1136 1552 1165 1600 et
1180 1547 1309 1602 sacerdos
1324 1564 1451 1603 summus
1462 1548 1548 1604 fuerit
1560 1550 1622 1605 Dei.
1637 1550 1779 1615 Quoniam

132 1644 162 1695 et
175 1656 233 1694 non
256 1640 409 1695 secundum
423 1639 544 1710 figuram
573 1657 579 1692 :
596 1641 644 1693 sed
660 1640 732 1694 sicut
746 1639 774 1694 in
796 1639 932 1711 principio
974 1650 1041 1703 ergo
1056 1635 1154 1690 heesite
1169 1635 1280 1699 dehoc,
1295 1636 1398 1692 idcirco
1408 1638 1473 1693 misi
1482 1638 1520 1697 ad
1533 1643 1563 1693 te
1574 1644 1605 1694 ut
1613 1622 1778 1711 depreceris

131 1728 274 1800 pulverem
288 1728 409 1783 deterre
423 1728 562 1799 accipiens
577 1729 725 1799 plasmavit
740 1728 882 1783 hominem
896 1728 931 1782 ad
941 1702 965 1762 Β
975 1723 1073 1789 Deuru,
1091 1730 1230 1796 quatenus
1245 1726 1369 1781 revelare
1381 1727 1432 1781 tibi
1448 1727 1582 1798 dignetur
1595 1728 1632 1783 de
1642 1729 1698 1784 hoc
1712 1729 1778 1801 quid

129 1818 283 1888 imaginem
310 1834 400 1885 suam,
427 1824 456 1872 et
470 1834 552 1871 raamo
568 1822 661 1889 potest
684 1818 778 1871 dicero
794 1818 931 1889 quianon
973 1813 1076 1868 veritas
1091 1813 1201 1869 habeat.
1219 1815 1309 1870 Senex
1330 1821 1427 1870 autem
1453 1816 1488 1872 de
1500 1818 1717 1873 conversatione
1729 1835 1781 1874 sua

131 1912 193 1962 erat
207 1907 299 1977 inrogo
313 1906 510 1977 Dei,quamvis
523 1906 834 1978 incomprehensibilis‚·
851 1907 890 1960 ita
904 1912 933 1961 ct
974 1919 1154 1974 praesumens,
1176 1920 1240 1958 cum
1258 1904 1361 1959 fiducia
1380 1905 1472 1960 dixit:
1489 1906 1531 1960 Da
1549 1907 1620 1961 mihi
1650 1924 1703 1980 per
1721 1913 1780 1963 tres

130 2013 221 2068 panis,
238 2013 321 2068 quem
344 1996 414 2050 dixit
430 2015 436 2049 :
453 1996 525 2060 Quia
539 2013 640 2067 corpus
655 2013 749 2051 meum
774 2002 825 2062 est,
840 1995 931 2050 credi·
974 1993 1032 2047 dies
1045 1992 1180 2058 inducias,
1205 1998 1234 2047 et
1247 2011 1300 2064 ego
1314 1995 1449 2066 deprecor
1461 1995 1551 2052 Deum
1566 1997 1602 2050 de
1620 1997 1677 2051 hac
1691 2014 1732 2061 re,
1752 2003 1781 2052 et

129 2085 275 2157 unusquis
305 2085 459 2140 secundum
483 2084 628 2141 veritatem
643 2102 744 2157 corpus
759 2085 864 2140 Christi
878 2090 930 2139 est.
973 2082 1104 2136 renuntio
1115 2082 1164 2136 tibi
1180 2083 1255 2153 quod
1269 2083 1339 2138 mihi
1349 2083 1598 2141 sueritrerelatum
1610 2085 1649 2141 de
1659 2087 1723 2141 hoc.
1736 2088 1780 2143 ln·

131 2175 222 2230 Senex
235 2180 330 2229 autern
350 2175 392 2229 ait
414 2175 455 2228 eis
478 2193 483 2228 :
504 2175 566 2229 Nisi
581 2176 673 2246 reipsa
696 2191 860 2245 cognovero,
876 2191 931 2228 non
973 2177 1052 2226 trans
1067 2187 1133 2242 ergo
1155 2172 1185 2226 ia
1201 2172 1301 2227 cellam
1316 2189 1405 2241 suam,
1421 2174 1627 2246 deprecabatur
1640 2176 1780 2231 Deum'de

131 2264 201 2319 mihi
216 2263 352 2318 satisfacit
361 2263 505 2336 responsio
521 2270 623 2318 vestra.
634 2264 678 2318 llli
693 2269 789 2318 autem
803 2263 935 2318 dixerunt
973 2260 1057 2316 verbo
1072 2261 1141 2329 hoc;
1162 2269 1191 2316 et
1204 2262 1318 2318 veniens
1337 2270 1401 2334 post
1420 2269 1480 2318 tres
1497 2263 1557 2318 dies
1579 2264 1654 2320 dixit
1676 2271 1780 2320 sancta

129 2354 165 2409 ad
188 2370 254 2408 eum
268 2371 276 2408 ε
301 2354 489 2424 Depreoemur
514 2355 603 2408 Deum
629 2352 804 2407 hebdomoda
825 2353 877 2406 hac
898 2352 933 2406 de
975 2351 1118 2406 memoriae
1132 2352 1254 2423 Cyrillo:
1269 2353 1360 2407 Homo
1374 2358 1418 2407 est
1431 2352 1647 2408 Melchisedech:
1663 2354 1781 2410 Archia·

130 2443 267 2515 mysterio
279 2442 341 2508 hoc,
353 2442 528 2496 etcredimus
536 2442 602 2512 quia
612 2442 687 2496 Deus
697 2440 832 2495 revelabit
841 2439 932 2495 nobis.
974 2439 1104 2512 piscopus
1112 2447 1206 2495 autem
1219 2441 1363 2512 respondit
1372 2442 1410 2496 ei:
1425 2442 1571 2507 Quomodo
1583 2448 1698 2498 constat
1705 2445 1780 2516 apud

129 2533 220 2587 Senex
234 2547 299 2585 vero
314 2547 379 2584 cum
393 2530 498 2601 gaudio
516 2530 639 2601 suscepit
654 2546 812 2584 sermonem
832 2530 928 2597 istum,
973 2535 1012 2596 te,
1027 2529 1117 2584 abba?
1135 2530 1170 2584 Et
1183 2530 1310 2585 illedixit
1325 2530 1350 2585 ei
1367 2549 1373 2584 ε
1395 2532 1470 2586 Deus
1484 2533 1611 2588 ostendit
1626 2534 1699 2588 mihi
1718 2551 1779 2588 om-

129 2624 158 2675 et
171 2619 375 2690 deprecabatur
388 2620 487 2684 Deunr,
506 2619 602 2673 dicens
619 2638 625 2672 :
642 2619 770 2684 Domine,
786 2619 810 2672 si
834 2624 867 2672 tu
882 2635 930 2673 co·
971 2619 1210 2691 nespatriarchas,
1220 2620 1301 2674 itaut
1310 2620 1623 2691 singulieorumcoram
1635 2629 1780 2678 matrane-

128 2708 239 2780 gnoscis
253 2707 388 2779 quoniam
402 2724 458 2762 non
473 2724 523 2778 pec
538 2708 675 2762 malitiam
690 2707 852 2762 incredulus
865 2725 929 2762 sum
971 2709 1045 2764 irent
1059 2708 1094 2763 ab
1108 2709 1198 2763 Adam
1213 2725 1303 2780 usque
1325 2709 1361 2765 ad
1376 2710 1589 2776 Melchisedech,
1616 2717 1647 2766 et
1662 2714 1780 2784 angelus

131 2797 172 2851 rei
189 2797 283 2866 hujus,
299 2794 349 2849 sed
368 2813 419 2867 per
432 2796 621 2867 ignorantiam
637 2813 738 2862 errem,
756 2797 849 2850 revela
860 2812 929 2866 ergo
971 2799 1106 2853 assistens
1118 2798 1187 2852 milii
1200 2798 1287 2853 divit:
1304 2799 1373 2854 Eece
1388 2800 1441 2854 iste
1455 2805 1499 2854 est
1509 2801 1720 2857 Melchisedech
1733 2822 1740 2856 :
1752 2808 1781 2858 et

130 2886 210 2952 milri,
224 2884 342 2940 Domine
353 2886 434 2940 lesus
444 2885 566 2951 Christe,
575 2885 650 2956 quod
661 2900 758 2940 verum
770 2891 825 2941 est.
839 2885 931 2940 Sedet
972 2887 1045 2955 ideo,
1060 2887 1276 2959 archiepiscope,
1290 2893 1383 2942 certus
1393 2892 1453 2943 esto
1469 2889 1537 2960 quia
1551 2889 1591 2944 sic
1606 2896 1661 2944 est.
1673 2889 1780 2946 Abieus

129 2976 170 3032 illi
184 2991 266 3031 senes
281 2974 417 3029 abeuntes
430 2974 460 3028 in
488 2975 559 3029 cella
583 2966 643 3040 sua,
669 2974 809 3045 rogabant
822 2978 851 3029 et
864 2974 928 3046 ipsi,
973 2983 1067 3031 autem
1078 2994 1172 3043 senex,
1182 2978 1421 3049 persemetipsum
1431 2977 1602 3049 praedicabat
1614 2979 1685 3051 qaia
1695 2980 1779 3036 borno

129 3065 254 3121 dicentes
267 3081 274 3120 ε
289 3064 407 3119 Domine
419 3065 485 3119 lesu
501 3063 623 3130 Christe,
640 3064 733 3118 revela
744 3064 805 3118 seni
822 3069 929 3135 myste·
939 3059 961 3121 C
972 3071 1046 3120 esset
1056 3066 1269 3121 Melchisedech.
1283 3067 1318 3121 Et
1326 3066 1439 3137 gavisus
1453 3073 1497 3121 est
1512 3069 1665 3139 magnifice
1674 3076 1780 3126 sancta

128 3156 204 3210 rium
218 3155 279 3217 hoc,
297 3158 331 3208 ut
343 3154 440 3209 credat
453 3159 482 3208 et
496 3169 553 3207 noa
574 3153 674 3225 perdat
687 3153 814 3208 laborem
835 3169 928 3207 suum.
973 3154 1117 3210 memoriae
1132 3156 1265 3226 cyrillus.

130 3242 930 3313 ExaudivitautemDeusutrosque:ethebdomadacom
1009 3249 1035 3303 5.
1051 3248 1127 3302 Puer
1140 3252 1202 3302 erat
1222 3248 1315 3302 adhuc
1338 3252 1441 3303 sancta
1465 3250 1611 3304 memoria·
1635 3251 1776 3322 Ephrem,

129 3335 206 3406 pieta
226 3337 364 3388 venerunt
388 3331 533 3387 Dominico
547 3331 593 3385 die
608 3331 638 3385 in
657 3331 783 3391 ecclesia,
807 3336 835 3385 ct
849 3332 931 3385 sade-
973 3343 1002 3392 ct
1014 3337 1085 3391 vidit
1108 3339 1249 3394 somnium
1264 3338 1321 3392 sive
1343 3339 1555 3405 revelationem,
1573 3339 1643 3410 quia
1659 3348 1730 3396 nata
1742 3341 1780 3397 sit

130 3428 198 3477 ruat
220 3422 273 3494 ipsi
295 3428 354 3476 tres
374 3421 425 3475 soli
445 3436 530 3491 super
543 3420 630 3474 sedile
646 3420 680 3474 de
697 3420 796 3491 scirpo,
813 3419 888 3492 quod
902 3419 931 3475 in
974 3419 1038 3473 vitis
1049 3419 1078 3473 in
1093 3419 1189 3491 lingua
1199 3422 1270 3490 ejus,
1288 3425 1317 3474 et
1326 3420 1454 3487 creverit,
1468 3423 1498 3475 et
1510 3420 1675 3492 impleverit
1687 3426 1777 3477 totam

131 3513 246 3567 modum
259 3511 343 3566 lascis
357 3517 421 3565 erat
434 3510 562 3581 ligatum,
577 3510 686 3564 medius
701 3514 796 3564 autern
817 3509 933 3564 sedebat
971 3514 1077 3564 terram
1091 3509 1234 3564 fructifera
1262 3509 1366 3571 nimis3
1384 3514 1412 3564 et
1440 3510 1507 3580 quia
1531 3509 1664 3565 venirent
1682 3513 1779 3567 omnia

131 3618 216 3657 senex
229 3601 286 3656 ille.
302 3600 400 3672 Aperti
413 3605 480 3654 sunt
502 3604 596 3654 autem
611 3598 684 3653 oculi
699 3614 796 3652 eorum
820 3598 932 3653 intelle·
971 3599 1176 3664 volatiliacoeli,
1194 3604 1223 3654 et
1235 3598 1420 3654 comedebant
1437 3599 1472 3653 de
1490 3599 1583 3655 fructu
1596 3601 1663 3656 vitis
1681 3600 1775 3669 illius3

131 3691 256 3757 ctualos3
272 3694 300 3745 et
315 3688 427 3761 quando
441 3688 524 3760 positi
547 3694 614 3742 suat
634 3687 763 3759 parrocia
779 3688 872 3749 altari,
889 3686 931 3741 ri·
973 3694 1210 3759 quantumautem
1218 3688 1778 3762 manducabant,eomnpliusimplebatur

131 3778 252 3833 debatur
264 3778 319 3832 illis
330 3777 525 3832 tantummodo
536 3776 627 3830 tribus
643 3782 779 3846 tanquam
798 3777 932 3847 puerulus
974 3777 1065 3832 tructu
1078 3778 1195 3847 (Supra
1213 3782 1245 3833 in
1263 3780 1321 3832 Vita
1334 3779 1470 3847 Ephrem,
1488 3795 1546 3848 cop.
1563 3776 1601 3849 1).

51 3879 55 3886 ·
130 3867 228 3936 jacens
248 3883 332 3937 super
357 3866 456 3920 altaro.
474 3866 588 3919 Etcum
603 3864 933 3936 extendissetpresbyter
1009 3864 1036 3923 6.
1050 3869 1155 3922 lterum
1165 3868 1234 3922 vidit
1248 3868 1362 3939 quidam
1378 3873 1540 3922 sanctorum
1554 3868 1689 3934 ino„
1703 3885 1775 3924 som·

132 3971 243 4021 manus,
261 3959 293 4009 ut
306 3955 451 4024 frangeret
464 3970 575 4025 panem,
590 3953 736 4007 deseendit
751 3954 868 4024 angelus
880 3955 933 4009 Do·
975 3956 1018 4011 nis
1031 3957 1156 4011 ordinem
1167 3956 1590 4026 angelicumdesoondeutemde
1603 3958 1778 4028 coelotSapra

133 4044 204 4100 mini
218 4045 252 4099 de
266 4045 335 4098 coelo
349 4043 456 4098 habens
476 4043 598 4098 cultrum
623 4043 652 4096 in
671 4059 767 4109 rnanu,
785 4049 813 4097 et
828 4044 933 4099 secavit
975 4048 1007 4100 e'a
1028 4048 1085 4100 l'r‘tc
1100 4048 1235 4115 Ephrem,
1253 4063 1275 4099 e.
1290 4046 1329 4115 3),
1347 4045 1501 4100 secundam
1517 4054 1691 4117 preceptum
1715 4047 1776 4115 Dei,

132 4134 284 4206 puerulum
305 4133 395 4199 illum,
416 4132 584 4203 sauguinem
595 4149 660 4187 vero
672 4132 828 4204 excipiebat
842 4132 870 4186 in
885 4151 932 4187 ca·
975 4134 1125 4190 habeatem
1138 4135 1168 4189 in
1181 4152 1267 4190 marm
1276 4135 1389 4203 librum,
1401 4136 1454 4189 hoe
1467 4141 1509 4190 est
1518 4140 1630 4190 minum
1640 4137 1776 4208 seriphrm

132 4223 197 4279 lice.
211 4225 282 4280 Cum
297 4229 391 4283 autern
420 4221 566 4294 presbyter
593 4222 735 4291 frangeret
751 4222 779 4275 iu
807 4222 933 4293 partibus
974 4224 1051 4279 intus
1066 4224 1168 4279 ettonis
1185 4243 1191 4278 :
1207 4224 1488 4280 dicebantautemad
1502 4224 1623 4279 invicem
1639 4242 1647 4278 t
1664 4227 1777 4281 Cuide·

132 4313 226 4386 parvis
243 4329 354 4385 panem,
379 4312 465 4367 etiam
489 4318 517 4366 ct
548 4311 664 4382 angelus
689 4310 831 4365 incidebat
852 4311 934 4384 pueri
974 4312 1022 4368 bet
1037 4314 1173 4369 committi
1186 4314 1259 4368 hoc?
1274 4314 1392 4378 Quidam
1404 4319 1499 4369 autem
1517 4313 1655 4369 dicebant
1667 4315 1704 4370 de
1719 4315 1776 4381 illo,

133 4403 260 4458 membra
270 4402 299 4456 in
308 4401 424 4456 modicis
433 4401 570 4472 partibus.
580 4400 651 4454 Cum
662 4406 758 4454 autem
770 4401 934 4455 accessisset
944 4390 1024 4456 Dalii
1038 4402 1072 4456 de
1087 4403 1158 4457 alio:
1172 4403 1378 4474 responderunt
1391 4408 1487 4458 autem
1501 4408 1530 4458 et
1539 4403 1674 4459 dixerunt
1688 4423 1695 4457 :
1707 4405 1778 4459 Vere

134 4509 227 4558 senex,
239 4497 272 4547 ut
284 4491 424 4562 acciperet
431 4495 558 4544 sanctam
570 4489 806 4551 communionem,
816 4491 882 4544 data
892 4497 935 4545 est
976 4491 1089 4564 qaudam
1106 4492 1219 4564 utrique
1243 4493 1333 4547 sancti
1351 4498 1418 4547 sunt
1431 4497 1461 4547 et
1471 4492 1552 4563 justi,
1573 4509 1645 4564 quos
1659 4493 1753 4549 dicitis
1768 4512 1775 4559 ;

134 4581 188 4653 ipsi
210 4582 261 4636 soli
276 4597 340 4636 caro
351 4579 489 4650 sanguine
503 4582 659 4632 cruentata.
672 4578 752 4642 Quod
769 4596 834 4633 cum
849 4579 934 4634 vidis·
976 4588 1169 4637 verumtamen
1190 4582 1243 4637 hoc
1260 4582 1300 4636 eis
1320 4581 1458 4636 committi
1481 4598 1537 4637 non
1562 4587 1668 4652 potest.
1690 4583 1778 4639 Multa

135 4675 187 4737 set,
204 4670 359 4742 pertimuit,
372 4668 549 4731 ctclamavit,
561 4668 657 4722 diceas
670 4687 676 4721 :
689 4668 788 4733 Credo,
805 4668 932 4736 herniae,
976 4671 1128 4725 etiamalio
1142 4672 1257 4726 nomina
1266 4677 1427 4726 sanctorum
1441 4671 1575 4739 dicentes,
1587 4679 1689 4743 postea
1704 4673 1778 4729 dixe

136 4759 203 4830 quia
211 4760 292 4831 panis
302 4759 350 4830 qui
363 4759 391 4813 in
403 4757 486 4813 altaci
498 4757 620 4828 ponitur,
632 4773 732 4827 corpus
746 4763 826 4811 tuum
842 4763 894 4823 est,
906 4765 935 4813 et
976 4766 1061 4815 rant:
1078 4760 1150 4824 Quia
1164 4761 1271 4815 nemini
1285 4765 1379 4832 potest
1396 4761 1477 4816 alteri
1492 4761 1544 4815 hoc
1563 4762 1708 4818 committi
1725 4763 1777 4818 nisi

136 4847 206 4901 calix
215 4853 332 4903 tuusest
343 4848 466 4919 sanguis.
479 4847 513 4901 Et
525 4847 620 4901 statim
633 4846 706 4900 sacta
716 4851 759 4900 est
771 4862 836 4916 pars
846 4846 933 4902 illaia
975 4850 1104 4921 Ephrem
1118 4867 1124 4903 :
1142 4856 1170 4904 et
1178 4849 1246 4904 vidit
1259 4866 1343 4904 seaex
1357 4850 1414 4915 ille,
1430 4850 1474 4904 cui
1488 4850 1541 4905 hoc
1555 4851 1586 4905 in
1600 4852 1710 4907 somnis
1728 4868 1778 4924 ap-

136 4952 222 4991 maau
235 4937 295 5006 ejus
310 4937 398 5007 panis,
415 4937 569 4991 secundum
584 4935 757 5006 mysterium,
771 4940 799 4989 ct
813 4936 934 5007 sumpsit
974 4939 1078 5009 paruit,
1095 4939 1162 5009 quia
1177 4940 1304 5009 Ephrem
1315 4939 1454 4994 dederunt
1464 4945 1574 4994 tomum
1588 4939 1682 4997 illum.
1696 4942 1776 4996 Mane

136 5023 205 5078 illud
219 5023 248 5078 in
262 5040 318 5089 ore,
341 5025 447 5095 gratias
460 5042 546 5096 agens
565 5026 631 5080 Deo⁴
648 5025 787 5079 aixerunt
801 5031 895 5080 autem
908 5025 934 5080 ei
975 5034 1069 5082 autem
1089 5016 1207 5098 surgens
1225 5028 1332 5083 audivit
1351 5029 1478 5100 Ephrem
1493 5029 1644 5084 docentem
1659 5036 1690 5085 et
1704 5032 1778 5086 velut

136 5129 235 5169 senes:
248 5115 322 5168 Deus
337 5116 390 5170 scit
404 5115 557 5169 humanam
570 5120 700 5170 naturam
711 5133 717 5183 ;
730 5114 796 5186 quia
811 5131 867 5170 non
882 5133 933 5186 po·
975 5118 1082 5172 sontem
1101 5117 1280 5172 ebullientem
1295 5118 1329 5172 de
1342 5134 1391 5172 ore
1402 5118 1511 5189 ipsius:
1530 5123 1559 5172 et
1577 5119 1714 5190 cognovit
1734 5136 1777 5175 se-

136 5210 194 5261 test
207 5203 278 5257 vesci
288 5203 418 5258 carnibus
430 5205 532 5270 crudis,
550 5211 578 5259 et
590 5210 736 5277 propterea
750 5204 934 5260 transformat
973 5223 1036 5270 nox,
1062 5208 1110 5278 qui
1132 5207 1273 5262 somnium
1298 5207 1415 5274 viderat,
1445 5208 1512 5278 quia
1537 5208 1662 5280 Spiritus
1688 5209 1776 5266 macti

137 5310 238 5366 corpus
251 5309 332 5347 suurn
349 5292 378 5345 in
394 5309 504 5361 perucia,
520 5300 549 5348 ct
568 5294 734 5364 sanguinem
753 5311 835 5348 suum
852 5294 880 5348 in
892 5295 933 5348 vi·
975 5296 1100 5367 operatio
1114 5302 1166 5362 est,
1181 5298 1255 5368 quod
1270 5297 1467 5367 egrediebatur
1481 5298 1516 5352 de
1530 5295 1613 5353 labiis
1633 5299 1774 5370 Ephrem.

137 5402 216 5450 rrum,
232 5382 276 5436 his
295 5382 343 5454 qui
357 5370 426 5435 illud
439 5397 503 5436 cunr
515 5383 570 5436 side
581 5383 747 5454 suscipiunt.
766 5384 801 5439 Et
814 5388 934 5454 egerunt
1010 5385 1036 5440 7.
1054 5386 1190 5440 Dicebant
1203 5387 1238 5440 do
1251 5385 1351 5441 abbate
1367 5388 1486 5452 Zenone,
1494 5386 1561 5458 quia
1571 5403 1638 5442 cum
1654 5404 1776 5444 mamre·

137 5473 244 5546 gratias
261 5472 318 5529 Deo
339 5471 374 5526 ele
389 5485 456 5524 sene
478 5471 525 5524 illo
538 5490 544 5537 ;
557 5472 623 5542 quia
644 5489 699 5528 noa
716 5474 844 5546 permisit
859 5474 933 5528 lieris
974 5476 1063 5530 turin
1079 5475 1184 5547 Scythi,
1201 5475 1358 5531 eaiituocte
1373 5476 1408 5531 de
1422 5477 1555 5532 cellasua
1569 5478 1693 5534 velutad
1701 5479 1776 5551 palu-
