3818 6120
131 269 184 330 en
508 270 594 326 vira
612 267 762 325 saucia
781 267 906 335 naara
925 268 1156 328 marmilon
1168 272 1400 346 ,mammas
1717 284 1770 344 sea

130 405 199 453 rant
219 396 513 469 Impudenterautem,
526 395 633 450 utmihi
643 395 814 450 consuetudo
825 401 896 459 erat,
906 395 1107 467 inAprogredi
1122 398 1216 453 valens
1232 398 1343 467 lfactum
1352 400 1456 472 quippe
1464 401 1557 457 fuerat
1568 421 1771 477 corpusmeum

131 488 227 543 medio
240 503 336 542 eorum
352 503 397 541 me
417 486 559 540 irruenter
577 485 652 551 dcdi,
675 485 791 538 dicens:
808 484 931 556 Accipite
973 485 1030 538 avi
1051 487 1299 557 cnmprimentium
1322 489 1402 542 valde
1423 490 1615 560 confractuml,
1637 497 1770 553 recedens

129 582 222 633 etms
244 575 384 630 vobiscum
400 592 454 646 quo
472 574 598 646 pergitis,
623 590 680 628 non
701 575 777 628 enirn
791 589 839 628 ero
855 573 931 627 vobis
972 573 1097 641 discessi,
1114 583 1142 630 et
1155 576 1221 630 steti
1234 577 1263 629 in
1277 577 1398 648 quodam
1413 581 1516 649 angulo
1531 583 1595 636 atrii
1609 586 1706 656 templi
1719 606 1725 654 ;
1743 593 1773 642 et

130 664 328 736 implacabilis.
345 664 399 719 Sed
414 671 442 718 et
457 664 527 719 alios
541 662 709 717 sordidiores
723 663 933 733 proferensser·
973 662 1017 717 vix
1031 663 1192 735 aliquando,
1205 664 1240 719 ob
1263 682 1347 736 quam
1365 684 1479 722 causam
1493 670 1662 741 prohibebar
1677 675 1770 731 videre

131 770 243 818 mones,
264 769 364 808 omnes
383 752 420 806 ad
442 752 590 806 ridendum
606 752 751 807 commovi.
774 751 817 806 llli
838 757 932 805 autem
973 751 1113 806 vivificum
1134 753 1242 824 lignum
1268 755 1297 808 in
1323 756 1521 825 cogitationem
1541 761 1649 817 reduxi.
1667 764 1772 836 Tetigit

130 841 374 898 inerubescentem
388 847 495 895 motum
511 857 605 895 meum
617 841 752 905 videnter,
764 840 932 911 accipientes
973 841 1048 895 enim
1060 847 1184 896 mentem
1199 848 1227 897 ct
1236 844 1328 898 cordis
1342 845 1398 898 mci
1414 847 1508 902 oculos
1521 848 1679 906 intellectus
1694 854 1770 909 salu·

133 935 228 999 882
242 948 295 996 me,
312 931 340 985 in
348 930 505 984 naviculam
520 935 709 1001 portaverunt.
723 929 828 983 Exinde
838 934 933 982 autom
973 930 1020 995 tis,
1030 931 1187 1001 recogitans
1197 931 1400 1003 quiasqualida
1410 941 1524 990 actuum
1532 954 1658 994 meorum
1668 943 1774 998 scelera

132 1021 342 1091 navigationem
357 1020 499 1092 coepimus.
523 1019 590 1083 Quae
604 1024 699 1073 autem
716 1025 779 1089 post
799 1018 934 1073 baccata
976 1019 1045 1072 mihi
1068 1019 1229 1074 introeundi
1252 1020 1360 1076 aditum
1381 1022 1558 1080 obserabant.
1581 1028 1657 1100 Coepi
1677 1030 1773 1102 itaque

132 1116 211 1173 sunt,
233 1109 372 1180 quomodo
386 1108 438 1162 tibi
458 1124 590 1163 enarrare
611 1114 718 1179 potero,
736 1123 752 1160 o
768 1107 851 1161 horno
865 1106 935 1161 Dei?
978 1108 1047 1161 flens
1067 1108 1188 1163 nimium
1202 1109 1364 1165 conturbari
1380 1116 1409 1165 ct
1432 1117 1529 1183 pectus
1544 1115 1673 1183 tundere,
1690 1124 1774 1190 atque

133 1198 203 1263 Qus
217 1199 315 1268 lingua
326 1198 418 1252 dicere
435 1203 536 1269 potest,
560 1198 600 1251 vel
616 1199 693 1251 auris
706 1197 778 1250 valet
790 1195 888 1250 audire
902 1212 936 1249 ea
978 1197 1100 1268 suspiria
1119 1197 1153 1252 de
1176 1199 1314 1271 profundo
1329 1199 1421 1254 cordis
1444 1204 1598 1273 profereus,
1615 1211 1644 1260 et
1660 1224 1776 1278 gemens

133 1303 198 1359 quae
210 1288 241 1341 ia
254 1286 430 1342 naviculavel
446 1286 547 1340 itinere
560 1286 634 1340 sacta
649 1286 732 1340 sunt?
748 1285 887 1356 quomodo
901 1284 936 1338 ad
979 1285 1143 1358 ejulansque
1158 1288 1285 1360 prospexi
1298 1289 1326 1342 in
1339 1289 1399 1343 loco
1409 1290 1439 1344 in
1458 1308 1512 1362 quo
1527 1292 1647 1361 stabam,
1664 1312 1776 1352 sursum

132 1375 309 1448 peccandum
322 1381 351 1431 et
364 1376 459 1430 volens
473 1375 591 1429 miseros
606 1391 657 1444 ego
670 1372 869 1446 compellebam
886 1390 937 1427 no·
977 1371 1128 1444 imaginem
1141 1383 1243 1430 sanctae
1258 1377 1308 1431 Dei
1321 1379 1466 1447 genitricis
1479 1386 1612 1449 stantem,
1628 1390 1657 1438 et
1671 1385 1725 1451 aio,
1743 1386 1779 1441 ad

134 1465 236 1520 lentes.
254 1466 317 1519 Nou
332 1463 539 1522 estnarrabilis.
556 1463 604 1517 sed
620 1462 816 1517 inenarrabilis
828 1462 938 1533 nequis·
980 1479 1042 1517 eam
1055 1464 1204 1518 intendens
1219 1471 1248 1519 et
1264 1465 1467 1522 indeclinanter
1480 1471 1642 1527 attendens:
1659 1473 1780 1529 Domina

133 1554 211 1610 sima
230 1555 346 1626 species,
369 1555 450 1622 quus
468 1559 536 1607 tune
556 1568 619 1607 sum
634 1551 791 1618 infelicibus
805 1551 940 1621 magistra
981 1551 1067 1622 virge,
1082 1570 1143 1624 quse
1159 1553 1248 1607 Deum
1269 1555 1392 1624 genuisti
1409 1559 1564 1614 secundum
1583 1577 1705 1630 carnem,
1722 1564 1779 1618 scio

134 1642 289 1699 sceleribus
304 1643 411 1698 effecta.
433 1643 505 1712 Ergo
522 1658 597 1696 nunc
612 1640 771 1696 satisfactus
788 1647 857 1705 esto,
874 1641 941 1711 quia
981 1641 1046 1710 quia
1059 1657 1111 1695 nec
1120 1642 1273 1697 condecens
1286 1659 1337 1697 nec
1358 1649 1548 1716 opportunum
1561 1649 1598 1705 sit
1611 1667 1657 1706 me
1670 1652 1782 1708 sichon

134 1737 278 1803 stupesco,
294 1730 434 1803 quomodo
449 1747 526 1786 meas
546 1748 624 1785 marc
641 1730 710 1785 illud
727 1729 861 1784 sustinuit
884 1710 971 1784 ini-B
982 1729 1073 1784 ridam
1082 1731 1201 1785 adorare
1211 1731 1365 1802 imaginem
1374 1738 1453 1789 tuam
1466 1737 1509 1791 vel
1523 1740 1707 1812 contemplari
1718 1758 1783 1797 ocu·

136 1821 279 1893 quitatum
304 1820 438 1886 luxurias,
461 1820 601 1890 quomodo
616 1826 693 1874 terra
711 1834 767 1872 non
783 1817 894 1888 aperuit
909 1835 940 1872 os
982 1817 1016 1871 lis
1026 1818 1113 1872 tantis
1124 1819 1253 1875 sordibus
1268 1820 1465 1894 pollutisque
1477 1840 1537 1881 asse
1552 1827 1628 1899 virgo
1637 1829 1783 1900 dignosce·

136 1923 232 1975 suurn,
249 1913 278 1962 et
298 1908 327 1962 iu
350 1908 491 1962 infernum
506 1907 643 1961 viventem
658 1922 703 1959 me
719 1904 862 1971 demersit,
878 1921 940 1976 quae
982 1905 1022 1960 ris
1034 1911 1064 1961 et
1076 1913 1163 1974 casta,
1180 1925 1242 1979 quas
1252 1925 1352 1980 corpus
1372 1915 1401 1964 et
1409 1912 1532 1967 animam
1545 1914 1632 1970 habes
1644 1917 1783 1975 immacu·

134 1999 234 2052 tantas
248 1998 278 2051 in
300 1997 432 2068 laqueum
454 2000 554 2050 mortis
579 1995 674 2049 induxi
686 1993 805 2047 animas.
822 1993 886 2061 Sed,
910 1998 942 2048 ut
982 1994 1069 2049 latam
1086 2014 1091 2048 :
1105 1997 1216 2067 justum
1231 2003 1274 2052 est
1288 2015 1333 2053 me
1348 1999 1521 2056 luxuriosam
1537 2020 1554 2057 a
1568 2009 1617 2059 tua
1631 2006 1784 2076 purissima

135 2084 270 2152 arbitror,
285 2103 377 2140 meam
391 2085 476 2148 Deus,
488 2085 535 2157 qui
550 2084 690 2138 neminem
700 2083 760 2137 vult
774 2082 874 2153 perire.
892 2082 940 2136 scd
982 2084 1118 2139 castitatis
1129 2086 1268 2140 munditia
1276 2086 1433 2143 abominari
1444 2095 1473 2144 et
1482 2091 1590 2162 projici.
1601 2094 1708 2150 Tamen
1717 2113 1785 2168 quo·

135 2192 238 2231 omnes
252 2174 313 2229 ficri
328 2174 418 2229 salvos
435 2175 464 2244 (I
479 2176 549 2228 Tim.
567 2180 608 2242 11„
626 2171 788 2242 requirebat
802 2171 940 2242 peniten—
982 2172 1068 2237 niam,
1091 2177 1124 2227 ut
1145 2173 1248 2239 audivi,
1270 2175 1305 2228 ob
1323 2176 1376 2232 hoc
1395 2178 1509 2234 effectus
1529 2186 1571 2235 est
1590 2182 1665 2237 Deus
1688 2185 1783 2254 homo,

135 2264 219 2320 tiam
236 2264 299 2318 Non
309 2263 384 2318 enirn
397 2263 457 2318 vult
472 2267 591 2317 mortem
605 2261 767 2333 peccatoris,
779 2260 829 2314 sed
843 2260 940 2329 longa·
982 2277 1066 2332 qucm
1081 2261 1142 2332 ipsa
1156 2262 1241 2333 digna
1254 2264 1386 2334 genuisti,
1399 2271 1431 2321 ut
1445 2273 1605 2337 peccatores
1622 2278 1734 2328 vocaret
1747 2274 1785 2330 ad

135 2352 254 2408 nimiter
267 2357 417 2424 exspectat,
439 2351 581 2407 sustinens
601 2350 809 2404 conversionem
836 2349 942 2416 (lisecb.
985 2350 1189 2421 peanitentiam,
1202 2351 1787 2422 adjuvamesolitariametuullumhabeu·

135 2444 229 2509 xvlul.
247 2441 293 2496 Sic
306 2441 401 2512 itaque
416 2457 479 2495 cum
505 2457 608 2510 magna
623 2438 801 2494 festinatione
816 2437 944 2492 ascendi·
985 2443 1043 2492 tem
1061 2438 1245 2509 adjutorium,
1272 2441 1383 2512 percipe
1407 2443 1610 2501 confessionem
1632 2465 1735 2517 meam,
1758 2456 1787 2507 et

138 2545 205 2585 mus
219 2529 422 2602 lerosolymam
432 2548 439 2597 3
451 2536 480 2583 et
494 2535 614 2601 quantos
625 2528 738 2599 quidem
754 2528 813 2582 dies
825 2534 891 2582 ante
902 2528 944 2581 se·
985 2526 1054 2581 milri
1077 2527 1220 2582 licentiam
1239 2527 1331 2583 tribue
1352 2531 1474 2586 ecclesiae
1489 2535 1659 2604 patefactum
1677 2538 1788 2609 ingredi

136 2618 295 2673 stivitatem
319 2619 349 2673 in
372 2618 484 2673 civitate
508 2624 682 2672 cornmorata
702 2634 778 2682 sum,
805 2616 943 2670 similibus
986 2616 1104 2683 aditum,
1116 2621 1145 2671 et
1155 2634 1212 2671 non
1226 2617 1332 2672 efficiar
1340 2618 1433 2674 aliena
1448 2621 1577 2678 avisione
1591 2625 1788 2696 pretiosissimi

100 2762 107 2775 ,
136 2707 321 2778 nequissimis
343 2707 437 2761 vacavi
459 2706 599 2778 operibus,
624 2706 769 2777 magisque
788 2706 942 2777 pejoribus.
986 2705 1065 2775 ligni,
1082 2705 1111 2759 in
1134 2722 1188 2776 quo
1207 2706 1306 2761 affixus
1321 2708 1396 2762 Deus
1417 2709 1512 2778 horno,
1533 2728 1617 2783 quem
1630 2715 1788 2786 concipiens

136 2796 204 2852 Non
218 2795 294 2850 enini
315 2795 456 2850 sufficiens
476 2795 515 2849 fui
536 2795 687 2865 juvenibus
706 2811 814 2849 mecum
829 2795 858 2848 in
873 2794 944 2848 mari
986 2793 1047 2864 ipsa
1061 2793 1138 2865 virgo
1154 2795 1296 2866 peperisti,
1314 2801 1342 2850 et
1361 2799 1506 2868 proprium
1521 2803 1694 2873 sanguinem»
1710 2804 1789 2860 dedit

135 2883 348 2939 luxuriantibus
363 2884 434 2937 etin
448 2883 560 2951 itinere,
577 2884 625 2939 sed
641 2889 669 2938 et
683 2884 753 2938 alios
775 2884 879 2939 multos
895 2900 943 2954 pe·
986 2898 1111 2953 promea
1124 2882 1297 2939 liberatione.
1316 2885 1397 2952 lube,
1414 2903 1430 2940 o
1445 2887 1574 2954 Domina,
1593 2896 1622 2945 et
1636 2892 1705 2947 mihi
1718 2893 1789 2948 indi·

135 2972 268 3044 regriaos
283 2978 312 3026 et
330 2973 403 3027 cives
420 2973 450 3026 in
470 2973 526 3027 mei
546 2972 650 3027 scelere
665 2978 744 3027 actus
759 2989 941 3044 congregans,
985 2987 1047 3041 gnae
1062 2970 1205 3027 obdivinae
1215 2974 1304 3027 crucis
1314 2974 1515 3030 salutationem
1521 2978 1639 3047 januam
1650 2982 1787 3051 patefieri,

135 3060 318 3132 coinquinavi
330 3062 477 3116 seducens.
952 3028 1012 3112 Cat
1025 3066 1053 3113 te
1069 3075 1103 3113 ex
1119 3064 1147 3114 te
1158 3060 1255 3131 genito
1270 3061 1382 3116 Christo
1408 3063 1603 3134 dignissimam
1624 3066 1659 3122 do
1678 3069 1791 3141 fideius-

176 3150 246 3205 Caa.
270 3151 328 3205 XV.
346 3181 377 3192 -
393 3150 511 3216 Quando
530 3155 624 3204 autern
639 3149 716 3204 venit
729 3154 832 3204 sancta
842 3149 945 3203 exalta·
985 3145 1088 3215 sorem,
1102 3148 1167 3219 quia
1183 3166 1328 3220 nunquam
1342 3151 1418 3204 ultra
1432 3168 1524 3207 meam
1539 3171 1651 3211 earnem
1665 3159 1790 3230 coinqui-

137 3239 226 3294 tionis
244 3238 380 3294 festivitas
399 3239 529 3311 pretiosae
543 3239 644 3304 crucis,
666 3254 717 3309 ego
733 3237 857 3308 quidem,
874 3238 946 3293 sicut
986 3235 1059 3290 nabo
1073 3254 1124 3308 per
1145 3237 1258 3292 horrida
1284 3238 1488 3295 immistionum
1504 3242 1640 3313 ludibria,
1655 3247 1705 3301 sed
1726 3263 1791 3303 mox

137 3332 170 3385 et
183 3328 273 3400 prius,
294 3327 436 3399 praeibam,
456 3328 592 3398 juvenum
612 3327 769 3398 illaqueans
783 3332 812 3380 et
833 3325 945 3397 capiens
986 3325 1082 3379 attilii
1097 3325 1148 3391 tui,
1170 3326 1257 3397 Virgo
1272 3332 1377 3394 sancta,
1395 3328 1491 3385 videro
1513 3331 1630 3403 lignum,
1647 3336 1748 3390 saeculo
1763 3341 1792 3392 et

138 3415 261 3472 animm.
278 3415 341 3469 Vidi
355 3422 451 3470 autem
464 3416 554 3486 primo
570 3414 681 3468 diliculo
698 3431 795 3468 omnes
809 3413 844 3468 ad
861 3414 946 3468 eccle·
987 3414 1095 3468 actibus
1108 3417 1179 3485 ejus,
1196 3420 1225 3469 et
1245 3415 1375 3472 omnibus
1387 3434 1448 3488 quae
1469 3418 1499 3473 in
1514 3437 1546 3475 eo
1560 3428 1625 3477 sunt
1649 3425 1789 3495 renuntio,

139 3504 214 3560 siam
229 3503 401 3559 unanimiter
421 3508 632 3558 concurrentes.
651 3503 714 3556 Abii
742 3509 770 3556 et
792 3519 855 3573 ego,
880 3519 944 3557 cur·
987 3509 1016 3558 et
1037 3504 1171 3558 continuo
1191 3505 1321 3574 egredior
1335 3504 1495 3579 ubicunque
1513 3509 1575 3581 ipsa
1588 3517 1620 3567 ut
1643 3512 1792 3584 fidejussor

139 3610 208 3648 rens
222 3609 287 3648 cum
306 3592 492 3659 currentibus,
509 3598 538 3647 et
559 3592 622 3646 veni
637 3608 701 3646 cum
716 3591 769 3646 illis
792 3592 822 3645 in
841 3592 946 3646 atrium
987 3608 1032 3647 me
1049 3591 1170 3646 duxeris.

139 3681 260 3754 templi;
277 3688 306 3736 et
325 3698 390 3736 eum
412 3681 535 3735 venisset
554 3681 623 3734 hora
642 3680 819 3736 exaltationis
843 3680 945 3735 divina
1024 3681 1088 3735 Car.
1106 3681 1192 3737 xvii.
1205 3711 1233 3724 -
1250 3681 1315 3738 llaec
1328 3683 1433 3751 dicens,
1449 3692 1477 3740 et
1487 3687 1699 3762 quasialiquam
1711 3692 1792 3748 satie·

141 3769 245 3836 crucis,
265 3769 455 3842 impingebam
480 3776 508 3825 et
530 3767 716 3840 impingebar,
737 3769 947 3840 repellebarque
987 3767 1137 3824 factionem
1148 3769 1294 3841 recipiens,
1310 3772 1375 3828 ndei
1386 3789 1521 3829 succensa
1531 3777 1632 3846 amore,
1644 3785 1674 3834 et
1687 3779 1721 3834 de
1735 3782 1793 3852 pie·

142 3860 364 3933 quodammodo,
389 3859 524 3915 festinans
542 3859 651 3930 ingredi
666 3876 729 3913 cum
753 3859 864 3929 populo,
881 3875 947 3914 coa·
988 3857 1054 3912 tatis
1069 3858 1222 3914 visceribus
1232 3859 1283 3913 Dei
1294 3861 1439 3930 genitricis
1455 3880 1639 3936 praesumens,
1656 3869 1730 3924 movi
1746 3887 1792 3925 me

144 3955 206 4005 otor
230 3965 318 4021 usque
341 3949 377 4003 ad
392 3950 509 4021 januam
526 3948 624 4020 templi
646 3964 709 4002 cum
724 3947 767 4002 his
784 3947 832 4018 qui
852 3947 946 4018 ingre·
988 3945 1023 4001 de
1037 3947 1135 4001 eodem
1150 3946 1220 4014 loco,
1241 3948 1271 4002 in
1287 3965 1342 4020 quo
1357 3955 1435 4006 stans
1452 3951 1504 4008 feci
1521 3957 1731 4026 orationem3et
1744 3976 1794 4014 ve-

144 4035 307 4102 diebantur,
324 4054 388 4093 cum
401 4055 504 4110 magna
527 4036 629 4092 laboris
643 4036 823 4092 tribulatione
844 4052 947 4108 appro-
988 4034 1078 4101 niens,
1090 4035 1193 4090 iterum
1201 4035 1425 4108 ingredientibus
1436 4058 1480 4097 me
1492 4043 1600 4112 miscui,
1613 4051 1642 4101 et
1651 4047 1725 4103 ultra
1736 4065 1793 4105 non

145 4125 290 4197 pinquans
304 4131 333 4181 et
346 4144 397 4198 ego
410 4127 506 4181 infelix
523 4146 528 4181 :
542 4126 653 4198 quando
667 4130 763 4179 autem
778 4124 887 4195 ingredi
902 4142 948 4180 vo-
989 4128 1050 4178 erat
1063 4124 1110 4195 qui
1121 4141 1165 4178 me
1175 4125 1331 4196 repelleret,
1345 4143 1437 4200 neque
1452 4129 1500 4201 qui
1514 4147 1560 4187 me
1575 4133 1737 4202 prohiberet
1746 4153 1795 4209 ap·

144 4213 251 4280 lebam,
268 4215 309 4269 illi
323 4216 438 4288 quidem
453 4232 551 4270 omnes
565 4215 625 4270 sinc
642 4213 843 4287 impedimento
854 4214 947 4284 ingre·
989 4212 1177 4284 propinquare.
1189 4213 1293 4284 januis,
1309 4214 1410 4287 quibus
1424 4216 1454 4270 in
1472 4219 1611 4290 templum
1624 4221 1790 4281 introibant.

144 4301 307 4370 diebantur,
315 4321 360 4359 me
370 4311 465 4360 autem
474 4305 569 4359 divina
575 4304 670 4377 aliqua
676 4303 762 4358 virtus
773 4301 945 4375 prohibebat,
989 4302 1103 4373 Accepit
1116 4318 1183 4373 ergo
1198 4320 1242 4357 me
1257 4309 1364 4359 tremor
1377 4305 1484 4360 validus
1495 4313 1589 4374 88ss
1600 4313 1629 4363 et
1636 4311 1751 4378 extasis,
1764 4318 1794 4369 et

144 4406 206 4447 non
223 4393 372 4464 indulgens
395 4393 552 4448 introitum.
572 4393 636 4447 Mox
652 4392 737 4463 igitur
759 4391 880 4462 repulsa,
898 4380 1048 4461 eJ'i-Dtota
1061 4407 1093 4445 ex
1108 4390 1237 4446 omnibus
1250 4392 1435 4449 tremebunda
1450 4394 1596 4451 turbabar.
1613 4398 1712 4471 ltaque
1727 4417 1793 4457 con·

143 4479 243 4536 ciebar
260 4481 344 4539 foras:
369 4488 397 4536 et
424 4484 524 4553 ejecta,
552 4480 714 4536 inveniebar
738 4479 799 4534 sola
822 4479 852 4533 in
875 4479 947 4535 atrio
987 4479 1109 4550 jungens
1130 4496 1174 4535 me
1194 4478 1229 4534 ad
1250 4481 1378 4551 januam,
1395 4484 1476 4554 quus
1499 4485 1568 4541 mihi
1593 4487 1687 4543 aditus
1701 4490 1793 4561 primo

146 4573 237 4623 stans.
250 4565 438 4625 considerans
451 4576 546 4625 autern
558 4587 609 4641 per
623 4567 789 4623 muliebrem
799 4567 949 4621 infirmita·
991 4567 1174 4623 claudebatur
1190 4569 1279 4641 (quasi
1304 4569 1395 4625 omnis
1409 4572 1497 4629 virtus
1517 4591 1579 4646 qua
1592 4576 1672 4648 prius
1684 4577 1795 4650 ingredi

144 4662 208 4714 taem
222 4655 276 4711 hoc
288 4658 357 4712 mihi
367 4660 501 4725 accidere,
513 4659 615 4714 iterum
628 4657 689 4712 aliis
697 4673 742 4711 me
756 4654 948 4723 immiscendo,
991 4673 1037 4711 me
1051 4656 1227 4728 prohibebat,
1245 4664 1309 4730 post
1323 4666 1419 4715 autem
1434 4661 1507 4716 viam
1521 4662 1699 4735 ingrediendi
1712 4685 1793 4741 para-

144 4744 205 4800 rim
232 4745 300 4801 mihi
314 4748 521 4818 quodammodo
544 4745 679 4802 faciebam
698 4743 869 4811 introeundi,
901 4743 950 4800 sed
992 4749 1056 4813 ret),
1073 4745 1112 4799 ita
1124 4745 1229 4817 absque
1244 4746 1441 4819 impedimenti
1459 4749 1554 4806 labore
1573 4753 1696 4823 introivi,
1713 4764 1742 4813 et
1756 4759 1796 4816 sic

145 4833 227 4889 enim
240 4833 401 4892 laborabam
414 4837 445 4891 in
459 4853 586 4891 vacuum.
992 4833 1068 4888 iutra
1090 4840 1187 4889 sauata
1201 4843 1362 4891 sanctorum
1378 4845 1490 4909 reperta
1504 4857 1576 4904 sum,
1593 4849 1622 4898 et
1631 4845 1747 4916 pretiosi
1761 4864 1795 4904 ac

185 4923 255 4978 One.
274 4923 346 4979 XVI.
360 4959 390 4968 -
407 4926 445 4982 Ut
458 4925 534 4980 enirn
549 4924 644 4979 limina
666 4923 783 4994 vestigio
805 4923 951 4995 continge·
992 4921 1092 4976 vivifici
1106 4923 1196 5006 erucis
1211 4923 1278 4994 ligni
1289 4924 1407 4979 adorare
1420 4928 1586 4998 mysterium
1597 4930 1682 5002 digna
1698 4933 1796 4992 habita

144 5009 225 5080 bam,
236 5029 332 5068 omues
344 5013 464 5069 interius
472 5013 688 5086 recipiebantur,
698 5012 805 5066 nullum
816 5012 951 5067 babentes
992 5027 1054 5067 sum
1069 5030 1074 5065 z
1093 5015 1121 5066 et
1134 5017 1201 5066 tunc
1214 5011 1270 5066 vidi
1284 5013 1333 5067 Dei
1354 5022 1539 5083 sacramenta,
1561 5023 1590 5074 et
1613 5021 1735 5092 qualiter
1752 5030 1796 5081 est

144 5101 392 5173 impedimentum,
409 5121 454 5159 me
476 5113 570 5159 autern
596 5102 684 5157 soloin
707 5117 762 5156 non
778 5100 948 5172 recipiebat;
992 5105 1107 5171 paratus
1122 5100 1263 5172 suscipere
1282 5102 1462 5172 prenitentes.
1479 5104 1557 5160 Tunc
1577 5109 1728 5181 projiciens
1749 5129 1795 5169 me

145 5189 198 5245 sed
211 5190 291 5261 quasi
310 5191 440 5247 militaris
455 5191 606 5247 multitudo
630 5196 705 5245 esset
723 5195 818 5244 taxata
837 5195 869 5244 ut
882 5190 951 5244 mihi
993 5205 1086 5243 coram
1101 5190 1256 5255 interram,
1273 5196 1302 5244 et
1315 5197 1443 5247 sanctum
1459 5192 1529 5249 illud
1543 5198 1707 5255 exosculans
1721 5200 1797 5271 pavi-

144 5278 640 5350 lngmdientiaditumclauderet,ita
650 5297 694 5335 me
704 5277 953 5350 repentinaaliqua
995 5283 1133 5342 mentum,
1150 5278 1270 5332 exibam.
1288 5279 1409 5335 Currens
1419 5287 1516 5339 autem
1532 5282 1568 5341 ad
1582 5285 1660 5342 illam
1675 5306 1737 5361 quie
1750 5305 1796 5343 me

144 5366 319 5440 pmhibebat
330 5369 429 5435 virtus,
442 5372 581 5426 etiterum
593 5367 755 5425 inveniebar
769 5366 884 5421 inatrio.
896 5367 954 5421 Hoc
995 5364 1129 5430 fidedixit,
1148 5367 1208 5421 veni
1223 5373 1342 5422 restans.
1355 5370 1494 5441 Conjunxi
1508 5372 1597 5443 igitur
1611 5392 1655 5431 me
1669 5377 1699 5431 in
1714 5376 1796 5431 illum

144 5460 195 5511 ter
210 5463 239 5512 et
255 5464 358 5529 quater
370 5476 454 5533 passa
466 5466 494 5516 et
518 5460 608 5515 facere
622 5474 735 5523 conaus,
751 5454 875 5527 nihilque
892 5473 954 5528 pro·
994 5454 1087 5510 locum
1103 5453 1149 5507 ubi
1164 5452 1350 5511 fidedictionis
1364 5461 1553 5531 conscriptum
1572 5470 1633 5519 erat
1651 5463 1797 5534 chirogra-

148 5542 261 5613 fleiens,
278 5546 430 5620 desperans
444 5548 478 5605 de
503 5553 612 5616 cetero,
630 5554 659 5602 et
681 5544 802 5618 amplius
814 5560 953 5616 nusquam
995 5543 1093 5615 phum,
1107 5546 1215 5613 etgenu
1226 5560 1345 5600 cursans
1360 5563 1453 5602 coram
1468 5550 1547 5605 vultu
1560 5557 1663 5607 sanata
1673 5552 1797 5624 Virginis

283 5645 416 5710 Parios.
440 5647 577 5710 axxnl.
1637 5651 1677 5711 ΕΞ
