3818 6120
147 262 199 322 aaa
597 265 683 321 vrrs
701 262 830 320 aaroni
849 260 1002 317 rennuis
1019 226 1320 319 auusuosinnau.
1382 333 1386 341 ¹
1728 268 1780 328 aa

146 404 235 445 unum
262 390 453 463 adimplebitis
480 392 592 463 quando
606 396 635 445 et
653 390 689 444 ad
714 404 852 462 pauperes
876 388 1056 472 (lambrum,
1065 403 1229 475 dicebatque
1239 422 1269 459 se
1278 406 1473 464 demonstrans
1483 413 1563 482 quasi
1579 413 1781 469 iratum:l¹er·e

149 484 241 546 m
257 480 344 536 fuerit
356 482 706 555 hujuscemodiquantitus.
714 485 808 540 Unum
819 483 942 555 quidem,
985 509 1041 548 non
1055 492 1204 547 obaudiam
1217 494 1303 562 vobis,
1319 497 1358 551 ite
1373 514 1389 552 a
1404 515 1458 553 me.
1475 502 1558 556 uodo
1570 503 1640 557 nihil
1651 503 1726 557 alim
1738 504 1780 558 a·

146 568 214 640 quia
227 569 401 642 apparebitis
414 572 594 643 impatientes
608 575 682 628 circa
689 574 833 641 damnum,
845 578 875 628 at
883 573 944 626 effi·
985 581 1068 649 ciam,
1085 587 1116 636 ut
1129 599 1177 637 vos
1192 600 1248 638 non
1261 586 1496 655 scandalizemini,
1507 590 1560 645 nisi
1575 591 1709 663 accipiam
1717 609 1782 647 rnu-

145 656 260 713 ciemini
273 659 336 714 aliis
349 658 537 730 fermamala3
551 662 673 718 alterum
688 670 794 730 autem,
813 662 945 734 quoniam
985 670 1093 737 lienem,
1110 678 1249 744 quatenus
1266 690 1363 729 curam
1382 677 1500 734 habeam
1513 680 1621 747 domus,
1638 680 1782 736 etfaciam

144 763 204 803 non
218 747 381 805 obedientes
394 749 473 805 eritis
494 752 613 807 Domino
626 753 694 820 Deo,
710 753 813 808 dicenti
826 771 832 806 ε
849 752 892 807 Ab
913 768 946 806 eo
987 761 1076 816 malos
1090 761 1159 817 dies.
1173 762 1227 826 Qui
1246 763 1305 818 vult
1319 766 1510 833 scandalizari,
1526 770 1739 838 scandalizetur,
1754 776 1783 825 et

145 836 196 909 qui
210 835 360 893 abstulerit
372 843 423 894 tua
436 856 471 895 ne
484 846 597 912 repetas
606 843 679 910 (tue.
691 842 944 914 vauxpeditergo,
987 849 1036 904 det
1043 850 1164 906 frontem
1175 850 1204 905 in
1216 852 1364 924 parietem.
1389 855 1463 919 Quid
1476 858 1560 912 vultis
1575 875 1609 913 en
1623 860 1687 914 mel
1701 861 1728 915 N
1730 876 1783 914 un-

145 942 163 980 ο
177 926 239 992 tilii,
252 933 286 982 ut
299 927 455 983 efficiamur
470 930 598 986 omnibus
620 933 778 1004 exemplum
793 933 945 1004 patientie.
987 938 1055 1009 quid
1066 939 1174 1009 judices
1188 942 1404 998 constitutiestis
1412 961 1497 1015 super
1511 962 1557 1001 me
1569 948 1733 1015 aDcollte,
1747 949 1783 1003 de

146 1015 261 1070 Etenim
273 1017 425 1088 Apostolus
434 1019 503 1074 dicit
515 1039 520 1074 :
533 1020 626 1085 Quare
638 1038 693 1076 non
707 1023 797 1092 magis
812 1021 946 1092 injuriam
987 1026 1065 1081 uobis
1079 1044 1176 1083 curam
1191 1028 1331 1098 habetote,
1344 1049 1391 1086 vos
1407 1049 1457 1104 pro
1467 1035 1577 1089 meDeo
1591 1051 1646 1090 nou
1661 1037 1784 1092 reddetis

145 1102 294 1158 sustinctis
304 1105 469 1175 tquarenon
480 1108 569 1176 magis
578 1105 705 1163 fraudem
711 1107 840 1179 patimini
852 1108 875 1175 [l
884 1109 945 1163 Cor.
987 1115 1134 1172 rationem,
1146 1119 1225 1174 Unus
1237 1125 1280 1174 est
1290 1121 1385 1191 judex,
1402 1128 1431 1177 et
1444 1128 1541 1178 sancta
1549 1124 1609 1179 dies
1619 1125 1727 1196 judicii,
1737 1127 1785 1198 qui

147 1196 185 1261 rit
198 1193 210 1245 l
224 1194 260 1247 Et
275 1193 377 1248 bonum
396 1195 565 1265 estquidam
583 1196 727 1267 veraciter,
741 1197 852 1263 fratrea,
869 1198 946 1251 omni
987 1205 1106 1276 singulis
1118 1207 1217 1263 reddet
1229 1210 1383 1265 secundum
1398 1227 1484 1282 opera
1498 1228 1605 1268 eorum.
1615 1214 1731 1269 Dicebat
1738 1231 1786 1270 au-

148 1282 258 1354 petenti
273 1282 492 1349 dare,excelsius
502 1290 597 1340 autern
609 1290 638 1340 et
647 1285 837 1340 honorabilius
850 1291 879 1340 et
890 1302 946 1341 non
988 1298 1046 1348 tem
1069 1294 1127 1349 haec
1148 1296 1282 1352 clamans.
1298 1298 1418 1362 Quidam
1435 1317 1502 1371 ergo
1522 1301 1644 1357 ecclesias
1658 1303 1786 1357 defenso-

148 1372 257 1443 Ρθΐθῦῒὶ
268 1390 274 1437 ;
285 1372 310 1426 tl
320 1377 414 1427 autem
424 1373 569 1443 quiaufert
578 1375 774 1431 uestimentum
784 1374 844 1429 sine
854 1375 949 1429 uolun-
989 1399 1063 1447 rum,
1080 1383 1138 1438 hmo
1152 1386 1295 1440 multoties
1307 1388 1453 1443 audientes
1468 1389 1503 1443 nb
1513 1390 1722 1456 eo‚referebant
1736 1408 1787 1464 pa-

150 1465 208 1515 tate
218 1478 236 1514 a
250 1460 331 1515 nobis
346 1461 452 1516 dareet
465 1463 600 1530 tunicam,
615 1463 748 1534 angelicae
764 1480 827 1518 rere
841 1469 949 1519 naturae
990 1472 1120 1527 triarchas
1130 1474 1203 1543 quod
1218 1474 1312 1530 fiebat.
1329 1477 1404 1531 Deus
1423 1495 1488 1532 vero
1507 1479 1597 1533 sciens
1611 1480 1686 1550 quod
1701 1480 1788 1535 nollet

151 1549 283 1615 imitatio,
299 1551 356 1604 imo
366 1550 465 1633 divina
479 1558 531 1607 est.
547 1553 586 1607 Ex
599 1552 642 1607 his
653 1553 728 1607 enim
739 1570 800 1625 quae
814 1553 951 1607 habemus
992 1559 1039 1614 ille
1054 1568 1168 1616 sanctus
1177 1563 1318 1618 offendere
1333 1563 1463 1620 abbatem
1482 1567 1628 1633 Vitalium,
1645 1568 1786 1624 induravit

151 1639 288 1694 Dominus
297 1640 428 1711 pracepit
441 1640 606 1696 benefacere
615 1643 741 1714 proximo
755 1662 760 1696 :
776 1645 894 1711 Bonum,
907 1643 950 1697 in·
991 1665 1039 1704 cor
1058 1652 1128 1722 ejus,
1145 1668 1179 1706 ns
1195 1653 1324 1708 crederet
1336 1654 1386 1708 cie.
1407 1655 1619 1711 Recordabatur
1632 1658 1708 1712 euim
1722 1664 1788 1713 ante

152 1729 222 1799 quit,
240 1728 324 1784 facies
343 1729 423 1784 fratri
448 1735 508 1795 tuo,
530 1732 612 1802 juxta
625 1733 698 1802 quod
713 1734 837 1803 possidet
849 1749 950 1787 manus
961 1749 984 1808 Β
994 1741 1142 1794 memorati
1154 1742 1295 1810 eunuchi,
1313 1744 1361 1797 sed
1375 1744 1530 1815 increpavit
1543 1746 1725 1801 uehementer
1738 1764 1786 1802 eos

152 1824 210 1885 tua,
222 1835 281 1873 non
295 1836 329 1873 ex
343 1820 388 1874 his
403 1837 506 1892 quaeex
518 1821 568 1876 lite
581 1827 610 1876 et
623 1822 800 1877 contentione
815 1828 844 1877 et
857 1823 892 1879 ab
905 1824 950 1878 in·
992 1829 1041 1901 qni
1050 1830 1425 1887 eontraVitaliumabbatem
1437 1836 1642 1889 accusationem
1651 1836 1676 1890 ei
1688 1837 1789 1891 alfere·

148 1908 255 1979 iuriam
269 1926 352 1981 passo
367 1909 542 1966 auferuntur.
764 1940 769 1949 ·
992 1917 1070 1986 bant,
1084 1919 1180 1974 dicens
1190 1921 1225 1975 ad
1240 1938 1304 1976 eos:
1321 1922 1461 1986 Quiescite
1479 1938 1611 1978 amusare
1624 1925 1789 1980 monachos.

185 1999 253 2053 Cas.
269 2000 378 2054 XXXV.
404 2030 437 2039 -
466 2001 556 2055 Senex
577 2001 690 2072 quidam
713 2018 841 2072 magnus,
870 2002 951 2074 quasi
992 2007 1036 2061 An
1051 2009 1166 2063 nescitis
1181 2010 1340 2081 quodcirca
1353 2016 1456 2065 sancte
1475 2012 1617 2067 memoriae
1632 2013 1790 2068 Constanti·

150 2104 292 2143 annorum
306 2088 460 2158 sexaginta,
477 2090 595 2145 audiens
608 2091 680 2145 tales
694 2107 739 2145 res
762 2090 847 2157 beati,
863 2092 952 2146 uoluit
993 2111 1061 2150 num
1072 2095 1128 2166 (77)
1139 2100 1340 2169 imperatorem
1349 2105 1443 2154 actum
1456 2098 1552 2166 fuisse,
1568 2102 1789 2174 conscriptiones

149 2182 261 2233 tentare
272 2194 346 2243 eum,
358 2178 381 2232 si
397 2183 492 2249 posset
506 2178 597 2233 verbis
612 2180 734 2246 suaderi,
744 2185 772 2234 et
781 2181 817 2234 ad
831 2180 950 2235 scanda—
992 2201 1054 2256 qua
1068 2186 1102 2239 de
1118 2203 1151 2241 eo
1165 2186 1298 2257 leguntur
1309 2188 1491 2244 contineant?
1503 2189 1654 2257 Quoniam,
1666 2192 1716 2259 ait,
1728 2192 1789 2263 qui·

150 2266 210 2321 lum
224 2266 307 2321 facile
322 2267 460 2334 inclinari,
477 2274 506 2322 et
521 2274 553 2322 ut
567 2269 693 2340 contigit,
709 2269 733 2323 si
750 2271 951 2325 condemnaret
991 2274 1056 2328 dam
1070 2291 1126 2330 non
1141 2277 1272 2331 timentes
1286 2277 1386 2344 Deum,
1395 2294 1459 2332 curn
1468 2278 1659 2335 celebraretur
1666 2281 1790 2336 secunda

149 2355 284 2427 aliquem.
306 2357 341 2410 Et
354 2356 485 2412 habitans
499 2358 577 2429 prius
600 2359 629 2412 in
653 2359 824 2414 monasterio
839 2359 950 2414 abbatis
991 2362 1121 2435 Synodus
1136 2365 1165 2418 in
1179 2365 1272 2419 Nicaea
1283 2362 1353 2437 (78),
1368 2374 1513 2438 ceperunt
1521 2374 1619 2422 centra
1633 2385 1663 2422 se
1677 2370 1745 2424 dare
1759 2370 1788 2424 in

150 2444 296 2500 Seridonis
307 2443 374 2515 (75),
385 2446 452 2501 exiit
466 2453 494 2501 et
504 2447 580 2503 venit
589 2447 804 2515 Alexandriam3
821 2454 850 2503 et
862 2449 950 2504 sumit
990 2454 1102 2525 scriptis
1116 2454 1204 2508 faunus
1218 2459 1315 2526 turpes
1330 2454 1412 2511 beato
1425 2456 1465 2510 illi
1480 2457 1656 2527 imperatori,
1673 2459 1788 2530 quidam

150 2535 390 2590 conversationem
400 2537 561 2591 hominibus
568 2536 680 2607 quidem
687 2537 945 2609 reprehensibilem.
990 2543 1083 2598 clerici
1096 2543 1209 2613 quidem
1221 2544 1500 2616 existentes,quidam
1515 2547 1655 2612 monachi,
1667 2553 1695 2601 et
1708 2547 1743 2602 ad
1750 2548 1789 2603 fa-

148 2624 196 2678 sed
210 2624 401 2694 Deegratam,
418 2625 467 2695 qui
483 2626 532 2680 dat
542 2627 583 2692 (ut
600 2626 640 2680 ait
654 2623 750 2698 David)
769 2627 887 2698 singulis
901 2645 946 2683 se·
988 2631 1788 2691 ciemadducenssanctusDeiConstantinusaccusatorem

146 2713 271 2767 aradum
295 2730 343 2767 cer
357 2730 454 2769 eorum
475 2717 557 2783 (Psoi.
574 2718 642 2783 xix).
663 2715 828 2786 ingrediens
850 2717 945 2787 itaque
987 2725 1194 2788 etaccusatum,
1211 2728 1364 2793 utrumque
1378 2723 1494 2780 audiuit.
1508 2724 1544 2777 Et
1556 2739 1622 2778 curn
1634 2723 1789 2780 invenisset

146 2801 398 2870 ciuitatem,scribit
415 2820 513 2858 omnes
524 2820 585 2875 quse
596 2810 668 2859 notae
682 2810 764 2859 erant
774 2806 943 2871 meretrices,
986 2809 1090 2863 multas
1104 2810 1203 2864 talium
1227 2811 1456 2866 criminationum
1479 2828 1560 2867 veras
1583 2829 1653 2880 esse,
1668 2813 1787 2868 afferens

144 2892 265 2963 mcoepit
278 2891 407 2946 laborare
417 2893 560 2963 opuscula,
576 2898 606 2947 et
618 2893 745 2965 accipere
759 2908 809 2965 per
821 2894 946 2964 singulos
989 2898 1135 2953 ardentem
1147 2915 1271 2964 cereum,
1285 2900 1409 2954 incendit
1416 2918 1514 2956 omnes
1523 2918 1583 2973 qum
1596 2902 1668 2957 datm
1681 2903 1787 2958 suntin

144 2981 203 3036 dies
217 2982 350 3053 siliquam
364 2985 534 3038 unam.Cunr
545 3001 612 3055 ergo
627 2985 947 3050 occumberetsolman·
989 2987 1100 3058 seriptis
1122 2988 1211 3041 malus
1231 2989 1386 3059 opiniones,
1402 2989 1497 3045 dicens
1514 3008 1519 3043 :
1537 2990 1610 3045 Vere
1629 2991 1652 3044 si
1665 2991 1787 3062 propriis

145 3069 268 3125 durabat
282 3072 364 3126 unius
379 3073 444 3126 aerei
460 3072 570 3143 lupinos
579 3074 643 3143 (76),
653 3080 680 3128 et
688 3073 811 3128 intrabat
820 3046 978 3129 adunamG
991 3076 1079 3130 oculis
1089 3076 1223 3131 vidissem
1238 3077 1411 3132 sacerdotem
1426 3079 1487 3145 Dei,
1499 3079 1541 3132 vol
1555 3077 1678 3149 aliquem
1687 3095 1785 3134 eorum

146 3160 376 3221 meretricum,et
390 3161 476 3217 dabat
485 3162 510 3215 ei
524 3178 611 3216 aereos
621 3179 761 3229 nummoS,
778 3168 807 3217 et
822 3163 945 3218 dicebat:
989 3164 1037 3235 qui
1051 3164 1783 3237 monachicohabitacircumamictisunt,peccantem,

145 3247 225 3303 Dona
239 3250 310 3304 inihi
321 3255 430 3305 noctem
443 3251 537 3317 istam,
550 3257 579 3306 et
593 3251 650 3306 noli
660 3252 843 3307 fornicariEt
853 3270 947 3308 mane·
987 3254 1163 3325 chlamydem
1175 3255 1483 3326 meamoxplicarem,et
1489 3255 1661 3326 cooperirem
1671 3271 1785 3323 summe

145 3337 191 3393 bat
204 3340 289 3409 juxta
308 3356 370 3393 eam
384 3346 465 3395 nocte
480 3341 538 3407 illa,
545 3341 695 3397 observans
710 3360 772 3398 eam
783 3360 818 3397 ne
829 3344 945 3398 fornica·
987 3343 1022 3398 ab
1037 3344 1131 3414 aliquo
1142 3343 1369 3398 videretur.Nam
1381 3348 1410 3398 et
1419 3344 1447 3398 in
1462 3359 1572 3397 servum
1586 3343 1638 3397 Dei
1650 3343 1785 3412 illum‚vi-

146 3434 234 3482 retur.
252 3428 352 3483 Stabat
366 3446 460 3500 ergoa
473 3446 589 3502 vespere
606 3431 635 3485 in
650 3449 706 3486 uno
720 3433 823 3503 angulo
838 3434 945 3489 cellula
985 3433 1086 3488 delicet
1099 3431 1271 3498 eunuchum,
1285 3433 1326 3487 ita
1336 3433 1465 3504 putastis,
1474 3438 1503 3487 et
1514 3432 1633 3488 misistis
1647 3449 1692 3487 me
1706 3439 1785 3488 extra

145 3517 192 3572 ubi
203 3518 363 3573 dormiebat
376 3520 486 3587 mulier,
505 3521 628 3591 psallens
642 3525 671 3575 et
685 3538 768 3575 orans
787 3539 837 3593 pro
854 3538 897 3589 aa,
916 3527 945 3577 et
984 3520 1173 3585 viam,etfeei
1188 3520 1290 3575 animae
1304 3525 1528 3592 meaepeccatum
1543 3537 1691 3592 magnum.
1707 3524 1781 3577 Con·
1866 3544 1875 3565 ι

145 3607 261 3661 mittens
274 3609 484 3677 genuflexiones
497 3626 585 3680 usquo
595 3610 631 3664 ad
641 3627 786 3679 auroram;
799 3616 828 3665 et
837 3612 941 3678 exiens,
984 3609 1105 3665 fundens
1120 3626 1186 3679 ergo
1208 3626 1256 3663 eos
1271 3609 1402 3676 multum,
1426 3608 1553 3664 absolvit.
1570 3611 1673 3666 Servus
1687 3616 1783 3666 autem

145 3695 420 3769 accipiebatrerbum
429 3698 464 3752 ab
472 3698 520 3752 illa
528 3698 603 3770 quod
613 3698 682 3754 nulli
689 3700 796 3755 diceret
804 3701 942 3755 actionem
985 3698 1163 3753 DeiVitalius
1178 3698 1319 3769 apropria
1329 3697 1492 3768 operatione
1502 3714 1558 3753 non
1573 3698 1710 3754 cessabat.
1726 3700 1783 3755 De·

144 3787 214 3857 ejus.
229 3787 274 3840 lta
290 3786 392 3856 agebat
406 3803 526 3859 semper,
543 3804 688 3860 quousque
700 3805 756 3843 una
770 3805 867 3844 earum
882 3806 943 3844 rna-
984 3787 1152 3858 precabatur
1170 3803 1236 3858 ergo
1255 3791 1288 3840 ut
1305 3784 1473 3857 quibusdam
1495 3792 1560 3859 post
1579 3794 1700 3843 mortem
1723 3789 1783 3859 ejus

144 3874 381 3930 aisestarituitam
395 3878 465 3946 ejus,
475 3877 548 3948 quod
563 3894 629 3942 non,
644 3883 677 3931 ut
691 3878 886 3945 fornicaretur,
899 3879 942 3933 in·
988 3881 1077 3944 w&
1088 3875 1234 3931 insomnis
1248 3874 1442 3930 manifestaret
1451 3876 1534 3942 Deus,
1546 3882 1580 3932 ut
1592 3893 1648 3932 non
1662 3877 1783 3951 imputa-

143 3968 233 4018 traret
244 3964 282 4018 ad
293 3981 350 4030 eas,
359 3966 408 4019 sed
420 3974 452 4020 ut
462 3966 592 4022 salvaret.
602 3967 701 4022 Orarit
715 3984 809 4029 senex,
823 3973 851 4022 et
860 3968 944 4040 coepit
983 3966 1106 4020 retur'in
1117 3970 1262 4036 peccatum
1272 3964 1316 4018 his
1326 3965 1373 4036 qui
1388 3964 1650 4021 scandalizabantur
1659 3967 1689 4021 in
1704 3984 1780 4035 eum,

144 4053 245 4108 mulier
258 4053 429 4125 ajdaemonio
441 4056 543 4120 vexari,
553 4062 585 4111 ut
595 4073 645 4128 per
655 4056 733 4111 illam
742 4057 942 4112 ceteraenime-
983 4070 1016 4109 eo
1032 4054 1106 4127 quod
1121 4070 1180 4107 rem
1203 4071 1286 4125 quarn
1311 4052 1412 4123 agebat
1430 4054 1558 4109 dicerent
1569 4056 1700 4110 seandalo
1721 4074 1782 4112 esse

142 4148 215 4210 rent,
232 4148 262 4197 et
278 4159 333 4197 non
352 4144 565 4199 nianifestarent
577 4162 640 4200 eum
651 4145 726 4200 omni
739 4152 866 4217 tempore
880 4147 942 4200 vitm
983 4144 1105 4214 plenam,
1130 4149 1159 4198 et
1178 4159 1235 4196 non
1249 4140 1365 4196 haberet
1377 4143 1461 4196 homo
1477 4144 1583 4213 peceati
1594 4145 1732 4215 J'udicium
1746 4162 1781 4201 ex

141 4232 213 4303 eius.
225 4230 363 4287 Dicebant
372 4248 439 4302 ergo
449 4234 597 4304 quidamei
611 4252 698 4305 quma
710 4235 847 4289 daemonio
859 4251 941 4288 uera·
983 4247 1026 4298 ea,
1039 4232 1175 4303 quidquid
1191 4233 1301 4286 loeutus
1325 4230 1432 4284 fuisset.
1454 4232 1557 4285 Multas
1571 4232 1658 4301 igitur
1673 4233 1707 4287 de
1720 4235 1782 4287 tali-

140 4316 241 4375 batur:
258 4320 331 4387 Quid
347 4322 408 4375 estl
426 4323 618 4379 Reddidittibi
630 4324 704 4379 Deus
716 4324 849 4394 quoniam
865 4340 943 4378 rnen·
983 4320 1035 4375 bus
1050 4321 1215 4375 mulieribus
1228 4321 1257 4374 in
1271 4318 1514 4390 compunctionem
1528 4319 1639 4374 induxit
1652 4321 1782 4393 haeoope·

136 4411 193 4467 lita
207 4426 251 4465 es.
267 4411 304 4465 Ut
318 4411 470 4467 fornicatur
480 4413 554 4467 enirn
564 4412 721 4483 ingreditur
731 4412 940 4484 pessimusiste,
985 4410 1057 4464 ratio
1075 4411 1145 4480 ejus,
1165 4416 1193 4463 et
1208 4408 1329 4463 maxime
1344 4408 1456 4479 quando
1470 4407 1602 4464 videbant
1615 4424 1680 4464 eum
1699 4417 1780 4466 noete

134 4510 167 4558 et
182 4517 244 4557 non
261 4506 304 4556 est
321 4502 397 4558 aliud
412 4502 600 4574 aliquidfam
621 4502 695 4556 enim
707 4501 943 4556 etsanctusVita-
985 4499 1182 4553 extendentem
1193 4514 1294 4552 manus
1308 4504 1335 4552 et
1346 4502 1473 4552 orantem
1488 4514 1539 4569 pro
1550 4514 1718 4570 unaquaque
1736 4515 1781 4554 ea-

133 4590 197 4647 lius
221 4592 287 4662 (hec
305 4593 408 4664 quippe
422 4608 525 4646 nomeu
546 4598 608 4646 erat
629 4592 666 4653 ei)
688 4591 782 4646 volens
796 4591 942 4647 hominum
985 4605 1048 4643 rum
1064 4606 1070 4641 :
1086 4588 1289 4660 propterquod
1304 4587 1432 4659 quadarn
1454 4603 1552 4641 earum
1567 4604 1584 4641 a
1597 4587 1781 4645 fornicatione

131 4681 264 4755 gloriam
279 4681 385 4752 fugere,
403 4688 431 4736 et
444 4683 553 4736 animas
563 4680 855 4746 atenebrisrevocare,
872 4679 944 4735 dice·
985 4677 1149 4747 cessabant;
1165 4677 1293 4749 quaedam
1315 4692 1380 4731 vero
1397 4675 1570 4747 accipiebant
1589 4677 1673 4745 uires,
1690 4684 1719 4734 et
1731 4697 1782 4752 pu-

133 4770 190 4827 bat
204 4770 387 4826 audientibus
402 4772 517 4837 eunctis,
532 4788 596 4826 cum
611 4771 753 4825 laboraret
762 4771 792 4825 in
806 4786 900 4840 opere,
914 4778 943 4824 et
984 4767 1045 4822 dice
1056 4767 1310 4832 conversabantur3
1326 4765 1454 4836 quadam
1463 4781 1526 4819 vero
1542 4770 1570 4819 ct
1584 4766 1676 4821 modis
1690 4771 1779 4825 omni-

126 4861 263 4916 zolveret
277 4861 402 4931 vesperi:
420 4861 523 4915 Eamus
533 4861 625 4926 modo,
637 4859 752 4914 domina
768 4858 833 4912 talis
847 4876 942 4930 oxspe·
983 4856 1035 4911 bus
1045 4857 1180 4912 mundum
1195 4855 1396 4926 relinquentes,
1411 4853 1581 4923 singularem
1594 4855 1680 4911 vitam
1696 4858 1782 4914 duce·

125 4956 198 5006 etat
211 4965 274 5003 nos.
290 4949 343 5005 Ubi
353 4966 420 5019 ergo
430 4956 491 5004 erat
504 4949 572 5003 ordo
587 4948 692 5019 ipsius?
704 4949 800 5004 Multis
815 4949 941 5018 ergoeri·
982 4945 1058 5000 bant.
1075 4946 1176 5000 Nullus
1195 4949 1290 4998 tamen
1304 4942 1385 4998 scivit
1403 4943 1541 5013 usquead
1562 4945 1625 5015 ejus
1636 4945 1783 5007 dormitio-

129 5038 315 5093 minantibus
329 5044 358 5093 et
367 5037 548 5093 illudentibus
558 5034 730 5102 ei,dicebat:
746 5036 873 5107 nunquid
888 5053 939 5106 ego
981 5052 1045 5090 nem
1059 5035 1132 5106 quod
1142 5034 1231 5105 ipsius
1245 5031 1437 5087 admonitione
1449 5037 1478 5085 et
1492 5033 1619 5088 oratione
1632 5034 1779 5107 impudicae

131 5144 197 5184 non
211 5127 300 5182 vestio
314 5143 415 5198 corpus
429 5134 462 5181 ut
481 5127 603 5182 ornnes?
621 5129 678 5182 Aut
704 5127 849 5181 monachis
872 5126 939 5179 solis
982 5124 1151 5179 mulierculae
1165 5140 1182 5176 a
1195 5122 1379 5178 fornicatione
1389 5126 1539 5179 cessarent.

134 5220 233 5275 iratus
244 5225 289 5273 est
297 5218 372 5272 Deus
382 5218 471 5272 ?Vere
479 5223 508 5272 et
516 5218 569 5288 ipsi
577 5217 705 5272 homines
715 5223 782 5270 sunt
791 5222 938 5270 utomnes.
1018 5213 1097 5268 Unde
1109 5213 1230 5283 quodam
1243 5211 1289 5266 die
1301 5216 1461 5266 exeunteeo
1476 5226 1492 5265 a
1507 5211 1599 5283 prima
1607 5212 1707 5267 talium
1715 5229 1779 5267 mu-

135 5307 259 5364 Dicebat
268 5308 363 5379 itaque
377 5307 403 5361 ei
414 5307 527 5377 quidam
539 5325 545 5360 z
559 5307 661 5377 Accipe
673 5305 725 5361 tibi
740 5321 826 5360 unam
840 5306 940 5360 mulie·
981 5301 1083 5356 lierurn
1092 5301 1144 5354 dili
1154 5301 1225 5356 culo.
1237 5300 1331 5355 obviat
1340 5301 1365 5354 ei
1378 5300 1493 5372 quidam
1507 5301 1591 5355 homo
1606 5301 1778 5366 immundus,

139 5414 213 5463 mm,
225 5397 307 5462 abba,
316 5401 346 5450 et
354 5401 434 5451 muta
447 5396 646 5450 uestimentum
656 5401 748 5462 tuum,
760 5401 856 5449 utnon
865 5394 940 5447 blas-
982 5391 1091 5445 intrans
1116 5390 1152 5444 ad
1178 5390 1371 5445 fornicandum
1386 5407 1450 5444 cum
1475 5406 1522 5458 ea3
1538 5394 1569 5443 et
1587 5406 1651 5444 eum
1666 5389 1782 5444 vidisset

143 5487 294 5559 plasmatur
313 5487 388 5541 Deus
411 5502 462 5556 per
480 5491 518 5551 te,
535 5492 564 5538 et
590 5483 706 5538 habebis
722 5483 859 5554 judicium
880 5500 941 5555 quae
984 5487 1113 5534 sanctum
1128 5479 1261 5534 Vitalium
1277 5496 1309 5534 ex
1322 5496 1356 5533 ea
1373 5479 1573 5550 egredientem,
1590 5478 1667 5533 dedit
1681 5479 1706 5532 ei
1721 5477 1780 5531 ala-

146 5572 945 5643 sandalizaanturanimarumAtilleraspondebateisite·
986 5586 1052 5642 pam
1067 5571 1096 5626 in
1109 5569 1220 5637 faeiem,
1235 5570 1329 5625 dicens
1343 5568 1479 5626 adeum:
1497 5568 1658 5637 Usquequo,
1673 5565 1778 5638 passim
