3818 6120
150 287 201 345 58³
655 282 701 336 DE
719 281 813 336 virts
832 278 980 335 PATRUM
1000 277 1107 332 LIBER
1126 275 1271 333 PRIMUS.
1729 279 1778 336 584

143 414 266 485 ipsisque
282 409 422 481 persuasit
450 414 481 461 ut
497 424 546 478 per
569 404 769 461 exsecrandam
799 405 937 459 idolorum
946 409 969 464 ,h
981 401 1126 457 exstruxit.
1143 403 1200 456 Nec
1221 419 1284 455 sero
1302 402 1330 455 in
1345 401 1567 468 urbednntaxat,
1585 403 1634 457 sed
1650 404 1779 460 etiumin

142 502 332 557 adorationem
349 498 401 551 sibi
421 498 526 551 cultum
539 495 714 549 adhiberent.
978 498 1038 546 tota
1053 492 1166 562 regione
1183 492 1311 545 earndem
1320 509 1433 562 operam
1445 493 1542 546 sedulo
1553 492 1704 548 navabant.
1717 495 1779 549 Per·

175 593 212 643 At
227 605 290 642 rere
304 590 493 642 Dcuscreator
507 592 609 650 nostor,
619 585 797 638 miseratione
813 600 935 638 cornino·
977 581 1050 635 versi
1065 591 1160 634 cautem
1175 581 1300 651 spiritus,
1323 581 1369 651 qui
1390 582 1419 634 in
1435 582 1491 634 aris
1506 581 1684 636 domicilium
1699 583 1779 638 habe·

140 685 195 742 tus,
205 678 325 747 benigna
340 676 432 730 Patris
443 676 586 728 voluntate
600 692 632 728 ac
648 673 769 743 Spiritus
783 673 872 727 sancti
885 673 935 726 ad·
977 670 1045 724 hant
1059 687 1122 724 curn
1135 671 1241 724 ululatu
1257 670 1441 740 pellebantur,
1453 670 1642 742 invictamque
1660 671 1711 725 Dei
1730 690 1778 727 no·

137 771 236 840 juncta
250 784 344 838 opera,
363 784 395 818 ex
411 765 525 833 Virgine
539 770 635 818 sancta
649 764 737 816 nostri
752 763 840 817 instar
852 763 881 816 in
897 764 937 816 lu·
978 760 1029 814 stri
1044 760 1199 831 potentiam
1215 760 1334 814 tremulo
1350 761 1470 814 clamore
1482 759 1670 825 testabantur,
1680 762 1776 817 omnis

140 874 198 910 ocni
214 855 370 919 ediroluit;
397 869 516 923 cumque
532 853 785 906 cruciatuallectus
806 852 937 906 fuissetis
980 868 1032 920 que
1051 850 1138 903 vicina
1153 850 1239 918 regio,
1256 867 1288 902 uc
1303 849 1396 903 inultae
1408 849 1475 902 item
1488 848 1615 904 finitimae
1632 857 1733 920 gentes
1745 852 1776 905 ad

137 947 184 1017 qui
201 963 217 999 a
230 944 409 1017 perpessione
422 943 554 996 immunis
569 947 639 999 erat,
658 942 750 995 triduo
762 947 825 1012 post
835 959 852 994 a
865 958 937 994 mor·
979 939 1054 1010 quani
1067 940 1149 992 lidern
1161 956 1221 992 sese
1232 938 1419 992 conterebant.
1435 940 1506 992 Tum
1522 938 1617 1010 igitur,
1635 957 1701 994 cunr
1715 941 1778 994 diri-

138 1043 166 1090 te
182 1035 216 1088 ad
231 1034 314 1087 eitam
327 1032 471 1096 excitatus,
486 1048 561 1085 nasa
574 1030 659 1102 priori
668 1032 755 1085 multa
766 1036 795 1084 et
808 1030 937 1084 condem<-
980 1028 1112 1082 nissinrus
1128 1028 1175 1082 ille
1186 1028 1341 1099 episcopus,
1359 1028 1393 1080 de
1408 1045 1463 1099 quo
1474 1029 1603 1098 superius
1615 1028 1701 1083 verba
1716 1030 1778 1084 ieci·

138 1125 253 1179 natione
274 1122 410 1187 lihemrit,
433 1120 675 1193 praestantiorique
698 1120 788 1190 gloria
810 1119 934 1173 (tonavit.
978 1135 1050 1183 inus,
1063 1119 1234 1183 accessisset,
1252 1135 1299 1170 rex
1312 1116 1444 1171 abenner
1459 1117 1522 1171 srdei
1537 1118 1706 1173 Christianae
1726 1120 1776 1173 cle.-

139 1213 282 1284 Siquidem
295 1212 324 1266 in
344 1212 443 1265 emtum
466 1210 629 1274 ascendens,
649 1210 731 1263 simul
745 1227 796 1263 nos
811 1226 843 1263 eo
862 1209 936 1263 unde
978 1207 1080 1261 mentis
1095 1206 1289 1272 imbuitur·,'ac
1304 1206 1397 1260 divino
1411 1205 1550 1277 baptismo
1566 1206 1595 1261 in
1607 1209 1779 1262 nominePa·

137 1302 329 1365 descenderat,
355 1300 453 1367 erexit.
470 1300 559 1363 Quern
576 1299 659 1353 etiam
677 1315 773 1352 rursus
788 1303 935 1352 venturum
977 1297 1029 1350 tris
1043 1303 1071 1351 et
1095 1297 1155 1350 Filii
1172 1303 1199 1349 et
1215 1296 1335 1367 Spiritus
1350 1296 1448 1360 sancti,
1472 1296 1625 1367 perficitur.
1653 1298 1778 1353 Aclosa·

139 1392 289 1455 eredimus
313 1397 345 1444 ut
360 1391 523 1459 figmentum
539 1404 622 1442 suurn
646 1389 682 1442 ad
707 1389 792 1442 vitam
816 1394 933 1450 revocet,
977 1387 1088 1456 phetes
1103 1385 1196 1438 dirinu
1210 1385 1316 1456 piscina
1337 1386 1431 1456 ipsum
1449 1385 1558 1456 excipit,
1577 1403 1623 1440 res
1638 1403 1707 1441 sanc
1723 1405 1779 1442 om-

139 1487 223 1551 atque
240 1478 391 1549 unicuique
404 1478 559 1532 secundum
572 1478 658 1548 ipsius
670 1494 755 1547 opera
768 1477 875 1530 reddat.
887 1478 937 1531 l'e·
977 1475 1056 1528 nium
1070 1474 1189 1528 inanime
1205 1492 1284 1528 nora.
1300 1474 1392 1528 Patris
1407 1474 1481 1528 enirn
1495 1481 1575 1546 pater
1589 1475 1699 1540 existit,
1719 1477 1778 1531 etei

137 1569 245 1623 stende
261 1569 307 1621 illo
318 1570 450 1621 culorum
464 1584 560 1636 regno,
578 1566 651 1637 quod
665 1583 712 1620 eos
728 1566 812 1637 quiid
827 1582 938 1638 prome·
979 1581 995 1617 a
1008 1581 1062 1634 quo
1092 1564 1197 1618 carnali
1213 1562 1294 1618 modo
1317 1564 1479 1634 progenitus
1493 1563 1585 1618 fuerat
1605 1565 1778 1636 spiritualem

138 1666 237 1712 rentur
248 1663 351 1721 manet,
371 1655 535 1715 cerlialecit,
552 1662 636 1725 atque
655 1672 761 1709 arcana
781 1654 832 1710 illa
853 1653 934 1717 bona,
978 1654 1221 1724 regenerationem
1236 1652 1374 1707 conciliat.
1391 1652 1499 1707 Etenim
1512 1654 1631 1709 coelcstis
1648 1654 1742 1709 Patris
1752 1656 1777 1709 li·

137 1747 365 1816 reconditamque
375 1745 442 1797 item
459 1744 593 1814 improbis
604 1761 716 1814 poenam
728 1743 882 1815 proposuit,
895 1727 966 1797 ni·B
978 1743 1032 1796 lius
1047 1748 1116 1809 erat,
1142 1743 1297 1813 divinaeque
1311 1742 1434 1812 prolecto
1459 1743 1562 1796 radicis
1590 1743 1777 1799 divinissimus

137 1838 241 1891 mirum
258 1837 352 1905 ignem
364 1850 510 1904 nunquam
525 1834 769 1904 exstinguendum,
784 1834 936 1887 exteriores
977 1831 1100 1900 fructus,
1120 1831 1232 1897 radicis,
1248 1831 1374 1902 inquam,
1393 1832 1469 1887 illius
1487 1833 1695 1904 quaeclamat:
1727 1834 1778 1904 Ego

136 1925 277 1989 tenebras
294 1925 482 1979 immortalem
494 1940 627 1987 varanem,
644 1929 800 1994 caeteraque
814 1929 937 1978 tormen·
977 1939 1039 1975 sum
1058 1921 1133 1988 ritis,
1149 1938 1197 1976 vos
1213 1921 1343 1992 palmites
1359 1924 1448 1988 (Jourr.
1465 1929 1517 1989 xv).

136 2023 229 2071 terum
252 2031 366 2085 genera,
384 2030 446 2084 qua
459 2013 564 2083 peccati
580 2013 651 2066 servi
666 2012 798 2083 sibiipsis
811 2012 936 2066 recondi·
1012 2011 1054 2065 nd
1071 2012 1143 2065 hunc
1160 2011 1274 2065 modum
1290 2028 1336 2065 rer
1345 2029 1394 2082 per
1401 2028 1542 2082 aquamac
1551 2011 1692 2085 Spiritum
1703 2029 1776 2084 rege·

137 2106 249 2160 derunt.
265 2104 329 2157 Hac
343 2102 437 2156 omnia
463 2101 687 2172 quamplurimis
704 2101 889 2168 sermonibus,
904 2120 937 2157 ac
977 2101 1393 2172 aeratus,ejusmodiroluptatc
1405 2101 1777 2174 quaenullaorationeexpli·

135 2192 257 2262 Spiritus
271 2191 360 2245 sancti
375 2190 496 2262 gratiam
507 2190 617 2244 abunde
637 2190 690 2261 ipsi
702 2191 793 2244 inesse
809 2189 937 2246 testanti·
977 2189 1323 2261 caripotestaffieiehatur;
1334 2190 1566 2261 simulqueetiam
1574 2191 1710 2263 cumipse
1725 2191 1777 2245 uni·

135 2280 196 2347 bus,
215 2287 386 2352 prosecutus,
405 2287 463 2334 turn
478 2280 592 2333 deinum
606 2279 859 2350 impervestigabile
870 2280 937 2334 diri·
978 2279 1778 2351 sersaciritasaclinitimaregiodivinobaptismatcdona

134 2388 178 2425 nie
203 2370 384 2440 benignitatis
407 2371 522 2441 pelagus
549 2369 699 2432 enarravit,
724 2386 865 2439 quamque
889 2369 936 2423 ille
978 2367 1069 2430 batur,
1083 2369 1209 2439 lucisque
1226 2369 1274 2422 filii
1289 2367 1448 2423 existebant
1469 2369 1517 2440 qui
1527 2368 1605 2440 prius
1616 2370 1645 2423 in
1661 2369 1777 2424 tenebris

136 2459 343 2529 eorunrquiad
370 2476 434 2512 eum
461 2475 521 2512 sese
550 2463 716 2512 convertunt
740 2458 936 2529 penitentiam
979 2458 1169 2512 versabantur.
1182 2460 1273 2530 Atque
1284 2457 1496 2513 ornnismorbus
1506 2465 1535 2512 et
1545 2459 1777 2514 omnisadaemo-

136 2549 255 2603 libenter
266 2553 416 2618 exspectet,
434 2548 562 2618 quodque
577 2547 687 2601 nullum
702 2548 790 2601 scelus
811 2547 849 2601 sit
861 2547 936 2618 quod
977 2547 1059 2601 nilnrs
1075 2548 1182 2601 inrecta
1207 2548 1352 2601 calamitas
1368 2548 1464 2618 procul
1480 2546 1515 2601 ab
1531 2546 1565 2600 iis
1579 2549 1629 2618 qui
1645 2548 1702 2602 fide
1718 2565 1778 2618 prae

134 2637 221 2708 ipsius
235 2636 456 2690 misericordiam
479 2641 601 2705 superet,
619 2636 642 2689 si
663 2635 777 2705 quidem
794 2638 828 2690 ad
840 2636 936 2690 melio·
977 2635 1026 2690 diti
1037 2641 1129 2702 :3⁶22
1147 2642 1228 2691 erant
1241 2635 1459 2709 propellebatur,
1476 2653 1632 2706 omnesque
1648 2643 1712 2691 tum
1722 2636 1778 2691 ani·

134 2744 193 2780 rem
217 2725 326 2796 frugem
352 2725 442 2779 redire
466 2724 494 2777 in
514 2725 641 2778 animum
657 2725 834 2779 irulucamus.
855 2726 934 2789 Quod
978 2726 1031 2779 nris
1046 2731 1106 2778 tum
1122 2725 1286 2797 corporibus
1299 2725 1403 2797 integri
1424 2730 1508 2796 atque
1520 2725 1680 2781 incolumes
1693 2731 1776 2780 erant.

134 2833 198 2870 curn
209 2815 304 2868 multis
319 2814 451 2884 exeruplis
464 2831 495 2867 ac
506 2815 650 2884 scripturae
662 2815 832 2869 testimoniis
845 2814 936 2868 decla·
977 2815 1121 2884 Multaque
1132 2815 1200 2868 item
1208 2815 1407 2869 aliamiracula
1416 2815 1481 2868 fidei
1490 2815 1694 2871 confirmanda
1701 2831 1778 2869 causa

138 2911 237 2970 rasset,
254 2903 375 2957 orationi
385 2904 469 2956 finem
483 2903 626 2973 imposuit.
977 2903 1141 2970 edebantur,
1156 2905 1277 2958 ecclesian
1288 2905 1372 2958 ctiam
1385 2903 1607 2967 aedificabantur,
1620 2909 1651 2958 ct
1662 2903 1776 2975 episcopi

172 2995 236 3047 Cae.
249 2993 360 3046 XXXV.
375 3026 398 3033 ,-
417 2993 473 3046 Itex
489 2998 584 3045 autern
602 2992 735 3046 divinitus
754 2993 858 3046 tradita
883 2992 935 3046 hac
976 2993 1025 3062 qui
1040 3001 1116 3047 metu
1132 2993 1340 3051 delitescebant.
1353 2993 1380 3046 in
1388 2993 1480 3048 lucem
1486 2992 1649 3063 prodibant,
1662 3008 1776 3064 suasque

135 3083 272 3153 sapientia
287 3091 480 3153 compunctus
493 3081 610 3151 ingenti
633 3099 699 3136 roce
719 3099 751 3135 ac
765 3080 963 3146 fe1·rentissi·(}
975 3081 1106 3135 ecclesias
1120 3081 1299 3153 recipiebant.
1308 3084 1491 3152 Acpraeterea
1501 3081 1561 3151 alii,
1577 3087 1640 3136 tum
1653 3099 1687 3136 ex
1696 3096 1778 3136 sacer·

135 3189 180 3224 nro
197 3172 290 3226 animo
307 3172 449 3226 Christum
473 3171 645 3224 Salvatorem
669 3173 828 3237 cantitetur,
849 3176 933 3242 atque
975 3171 1071 3226 dotum
1082 3178 1142 3226 turn
1158 3189 1190 3225 ex
1206 3171 1407 3226 monachorum
1423 3170 1530 3236 ordine,
1555 3172 1591 3225 ad
1608 3173 1775 3243 pascendum

135 3260 170 3315 ab
182 3261 258 3315 omni
273 3260 467 3332 superstitioso
486 3276 580 3313 errore
602 3259 747 3314 abscedit:
765 3261 933 3332 vivificaeque
975 3261 1078 3314 Christi
1088 3260 1536 3332 gregeminstituebantur.Porr0
1545 3277 1596 3314 rex
1606 3260 1776 3316 Abennerad

133 3351 223 3404 crucis
234 3349 345 3420 signum
360 3349 580 3420 inspectantibus
596 3348 725 3403 omnibus
737 3350 933 3414 adorat,etau-
974 3350 1048 3404 hunc
1069 3350 1183 3404 modurn
1197 3350 1231 3403 ab
1244 3349 1372 3421 improba
1384 3354 1410 3403 et
1422 3350 1562 3420 flagitiosa
1589 3350 1655 3405 ritae
1671 3351 1773 3405 ratione

132 3439 275 3494 dientibas
286 3438 414 3493 omnibus
429 3439 518 3492 Deum
542 3455 638 3510 rerqrn
654 3455 686 3492 ac
709 3439 861 3492 Dominum
885 3456 933 3493 no·
974 3456 1034 3493 sese
1049 3456 1203 3503 removens,
1214 3439 1287 3493 aede
1300 3439 1467 3510 perpetratis
1478 3438 1632 3493 sceleribus
1645 3439 1774 3510 preniten-

133 3535 222 3582 strum
238 3529 334 3582 lesum
349 3527 493 3580 Christum
506 3527 648 3597 praedicat.
659 3529 751 3597 Atque
764 3544 931 3582 commemo·
973 3529 1043 3582 tiam
1053 3546 1148 3599 agens,
1160 3529 1358 3599 regiurnornne
1372 3528 1522 3599 imperinm
1538 3528 1597 3584 lilio
1612 3529 1774 3600 tradit,ipse

135 3623 196 3670 rata
211 3616 296 3687 priori
314 3632 365 3668 sua
379 3615 533 3685 impietate,
558 3620 585 3668 et
605 3615 737 3668 adversus
753 3615 931 3671 Christianos
974 3624 1068 3671 autem
1084 3618 1114 3671 in
1131 3618 1280 3672 solitudine
1303 3617 1416 3688 degens,
1440 3623 1580 3688 caputque
1598 3618 1696 3673 cinere
1720 3617 1774 3672 sine

135 3705 299 3759 crudelitate
316 3709 344 3757 et
372 3702 548 3757 immanitate
567 3702 762 3767 condemnata,
783 3704 882 3775 ingens
898 3707 933 3760 ad
974 3706 1773 3778 ullaintermissioneaspergens,etgravesgemitusedens

133 3793 265 3863 pietatem
288 3792 379 3863 portio
406 3791 534 3845 efficitur.
561 3790 748 3863 Exstabatque
766 3792 794 3847 id
820 3796 892 3864 quod
916 3813 934 3850 a
975 3813 1007 3850 ae
1017 3795 1428 3868 seselacrymisabluenS,solus
1437 3811 1541 3850 comeo
1550 3795 1668 3868 soloqui
1679 3795 1773 3868 ubique

134 3882 221 3936 Paulo
235 3881 338 3935 dictum
355 3886 398 3934 est
413 3899 418 3931 :
446 3879 498 3934 Ubi
511 3879 663 3934 abundarit
674 3881 817 3952 iniquitas,
832 3883 889 3938 illic
903 3891 933 3938 et
973 3901 1096 3955 praesens
1107 3893 1150 3939 est
1159 3885 1379 3956 colloquebatur,
1392 3898 1657 3941 noxarumsuarum
1665 3885 1772 3940 naniam

132 3969 368 4042 superabundavit
381 3968 474 4040 gratia
490 3971 572 4029 thoria.
589 3981 625 4038 vj.
643 3972 712 4024 Cum
728 3971 932 4042 igitursapien-
974 3974 1008 4027 ab
1023 3992 1056 4029 eo
1069 3982 1176 4046 petens.
1200 3975 1273 4039 Quin
1289 3974 1317 4029 in
1335 3981 1443 4028 tantam
1455 3973 1683 4045 compunctionis
1697 3980 1772 4047 atquc

133 4059 258 4114 tissimus
267 4060 401 4129 iosaphat
416 4058 547 4111 etiamad
563 4058 603 4111 rei
611 4058 741 4114 militaris
755 4061 839 4116 duces
852 4068 881 4116 et
888 4079 932 4117 sa-
973 4064 1141 4118 humilitatis
1153 4063 1285 4136 abyssum
1303 4080 1364 4117 sese
1375 4063 1497 4130 demisit,
1511 4067 1545 4117 ut
1553 4063 1650 4134 ipsum
1665 4078 1768 4135 quoque

131 4155 235 4221 trapas,
252 4153 337 4218 atque
350 4149 386 4202 ad
402 4164 514 4202 enarrem
536 4134 656 4218 denique
671 4149 805 4219 populum
820 4151 854 4204 de
873 4151 931 4206 Deo
971 4151 1022 4206 Dei
1032 4170 1135 4207 nomen
1145 4153 1227 4207 labiis
1242 4169 1377 4224 usurpare
1388 4157 1538 4214 recusaret,
1553 4169 1586 4207 ae
1600 4152 1648 4207 rix
1662 4151 1769 4208 taudem

132 4244 215 4310 atque
226 4255 293 4308 erga
306 4237 400 4308 ipsum
423 4236 527 4308 pietate
549 4236 637 4290 multa
661 4237 745 4292 verba
767 4240 879 4306 laceret,
903 4245 932 4296 et
973 4242 1237 4308 elilioadmonltus,
1258 4242 1326 4297 illud
1339 4242 1525 4313 pronunciare
1539 4241 1671 4296 auderet.
1687 4242 1769 4297 Tanta

133 4328 212 4398 quasi
223 4327 307 4397 ignea
316 4327 413 4397 lingua
423 4325 585 4397 praclarum
597 4326 703 4397 aliquid
711 4345 744 4403 ac
755 4329 930 4385 modulatum
974 4337 1068 4385 autem
1079 4348 1110 4385 ac
1119 4338 1178 4386 tarn
1193 4331 1327 4403 preclara
1345 4331 1375 4385 in
1385 4348 1418 4385 eo
1432 4331 1496 4385 vitae
1507 4331 1696 4386 commutatio
1709 4329 1766 4396 tuit,

132 4422 255 4481 caneret,
281 4414 481 4487 superveniens
497 4415 618 4486 Spiritus
630 4417 720 4471 sancti
733 4419 825 4488 gratia
834 4410 962 4473 omnesl]
972 4436 1005 4473 ac
1017 4426 1097 4475 tanta
1111 4438 1174 4475 curn
1186 4421 1268 4475 laude
1283 4420 1394 4474 virtutis
1416 4420 1470 4474 iter
1490 4419 1595 4487 tenuit,
1606 4427 1641 4475 ut
1651 4421 1769 4492 priorum

133 4507 168 4560 ad
183 4504 377 4560 celebrandam
394 4503 444 4558 Dei
458 4503 577 4575 gloriam
602 4504 739 4560 excitabat
756 4526 763 4573 ;
776 4508 856 4563 itaut
871 4509 932 4563 uni·
972 4508 1155 4580 iniquitatum
1165 4510 1352 4581 ignorantiam
1362 4509 1679 4581 pietatismagnitudine
1693 4524 1769 4580 supe·

133 4612 211 4649 versa
224 4594 441 4648 inuititudouna
455 4609 520 4647 voce
533 4594 689 4649 clamaret:
719 4596 837 4666 Magnus
853 4597 932 4652 Chri·
973 4605 1058 4654 raret.
1074 4600 1145 4655 Curn
1160 4604 1254 4654 autem
1274 4606 1395 4672 quatuor
1409 4615 1497 4653 annos
1511 4598 1564 4653 hoc
1575 4605 1661 4669 pacto
1671 4599 1700 4655 in
1718 4613 1771 4670 poe·

130 4683 286 4739 stianorum
299 4685 374 4738 Deus
389 4688 440 4749 est,
459 4699 510 4737 nec
520 4688 622 4754 praeter
635 4683 788 4739 Dominum
803 4693 931 4742 nostrum
973 4688 1093 4744 nitentia
1103 4693 1132 4742 et
1145 4687 1276 4759 lacrymis
1287 4693 1372 4758 atque
1383 4687 1689 4758 ornnirirtutisgenere
1699 4693 1771 4742 han·

132 4773 226 4826 Jesum
240 4771 393 4838 Christum,
411 4772 532 4843 quicum
556 4773 639 4826 Patre
656 4778 685 4827 et
699 4773 806 4845 Spiritu
834 4781 930 4833 saneto
972 4778 1099 4849 seqisset,
1115 4777 1145 4831 in
1159 4776 1293 4831 lethalem
1316 4776 1446 4831 morbum
1462 4776 1568 4831 incidit.
1594 4777 1667 4832 Cum
1682 4780 1774 4831 autem

131 4860 314 4930 glorificatur,
331 4861 402 4915 nlius
413 4862 487 4915 Deus
502 4866 553 4915 est.
972 4867 1025 4939 ipsi
1035 4867 1098 4922 vita
1107 4866 1169 4922 linis
1184 4866 1387 4932 immineret,in
1398 4865 1799 4937 metuanimiqueanxieutae

166 4949 265 5004 Divino
280 4951 429 5020 porrozelo
441 4950 574 5022 impletus
588 4968 638 5006 rex
651 4951 792 5019 abenner,
804 4953 834 5008 in
845 4971 932 5009 aurea
972 4957 1076 5011 versari
1091 4957 1183 5027 coepit,
1201 4956 1322 5010 malaca
1337 4972 1398 5027 quae
1413 4973 1470 5010 ase
1485 4961 1650 5026 perpetrata
1665 4954 1817 5010 tuamne

130 5038 180 5093 illa
195 5042 223 5091 et
237 5046 370 5108 argentea
393 5039 476 5106 idola,
494 5058 554 5112 quae
570 5040 599 5094 in
619 5041 707 5113 ipsius
721 5041 826 5113 palatio
838 5049 929 5109 erant,
973 5047 1002 5100 in
1023 5046 1186 5101 memoriam
1212 5062 1354 5100 revocans.
1370 5046 1407 5099 At
1423 5045 1559 5116 Josapbat
1586 5042 1817 5100 consolatorifl

130 5127 188 5183 acri
204 5126 297 5180 animo
320 5128 457 5198 impetum
485 5130 560 5195 lacit,
586 5146 674 5200 caque
701 5131 796 5185 omnia
823 5131 928 5203 dejicit,
974 5135 1100 5190 oratione
1122 5141 1248 5190 coortum
1264 5134 1430 5190 eimoeroris
1457 5150 1528 5189 onus
1543 5133 1712 5199 sublevavit,
1732 5131 1817 5187 lia

131 5221 285 5289 posteaque
307 5215 336 5268 in
365 5216 488 5271 minutas
503 5223 597 5288 partes
622 5219 735 5274 redacta
760 5221 930 5292 pauperibus
972 5225 1063 5279 verbis
1074 5230 1167 5279 utens:
1191 5224 1553 5294 Quaretristises,opater,
1565 5229 1595 5277 et
1605 5239 1695 5295 quare
1709 5221 1817 5292 teip-

130 5302 291 5370 distribuit3
305 5301 344 5356 sic
355 5303 489 5358 nimirum
503 5305 585 5360 utilia
593 5323 626 5360 ea
634 5309 762 5373 reddens,
775 5326 837 5378 quae
852 5311 930 5381 prius
949 5354 952 5359 .
972 5330 1035 5368 sum
1045 5313 1195 5368 conturbas
1207 5315 1289 5381 (Paul.
1301 5313 1375 5381 xant
1387 5313 1475 5383 Spera
1485 5311 1515 5366 in
1523 5311 1592 5378 Deo,
1606 5317 1635 5366 et
1644 5310 1817 5366 conarer-1

128 5394 253 5450 utilitate
269 5391 345 5446 omni
358 5408 390 5446 ac
405 5392 497 5448 fructu
508 5394 649 5449 carebant.
678 5397 750 5461 Quin
775 5397 859 5452 etiam
872 5399 930 5470 ipse
973 5401 1036 5473 ipsi,
1053 5403 1100 5474 qui
1116 5407 1159 5457 est
1172 5419 1236 5474 spes
1247 5401 1373 5457 omnium
1389 5401 1487 5456 linium
1508 5405 1602 5464 terra,
1622 5401 1696 5456 etin
1706 5388 1817 5454 mat-1¹

128 5481 261 5540 cumfrlio
276 5479 415 5536 idolorum
430 5483 536 5554 templa
560 5489 663 5540 etaras
681 5486 928 5554 omnesobsidens,
973 5489 1253 5563 longetl'scl.tx1v),
1278 5490 1327 5563 qui
1353 5507 1404 5562 per
1427 5489 1598 5563 propheten
1621 5488 1751 5544 clamarit
1787 5497 1801 5535 :

127 5568 930 5648 afundamentisipsaeruit‚eorumquelocotemplaDeo
972 5577 1126 5647 Lavamini,
1157 5579 1255 5636 mundi
1279 5583 1377 5647 estote,
1405 5577 1646 5657 ecfeminatum
1671 5574 1782 5648 cogim-
