3818 6120
79 262 83 268 ’
178 285 226 341 rar
746 272 792 329 nr.
810 272 903 329 viris
924 271 1070 330 rarauu
1089 276 1195 333 tinea
1214 276 1263 332 111.
1765 276 1813 337 752

153 462 156 466 ,
176 411 289 477 rogaret
303 419 352 477 pro
364 402 420 457 silio
430 416 491 454 suo.
503 399 606 454 Iletrtus
616 406 712 453 autem
727 399 840 453 Poemen
856 415 911 453 non
925 415 971 452 so·
981 404 1002 460 Α
1013 400 1076 456 salsi
1092 407 1187 468 testes,
1210 402 1300 455 multa
1312 399 1445 456 aduersus
1460 416 1523 456 eum
1544 401 1616 458 salsa
1629 402 1771 472 dixerunt,
1785 416 1812 460 et

177 495 233 549 lum
249 492 284 548 ad
303 507 365 546 eam
377 488 448 543 nihil
462 487 540 552 dixit,
556 486 605 541 sed
615 503 666 542 nec
675 486 777 541 ostium
789 486 813 540 ei
825 484 971 557 aperuitut
1011 492 1148 561 usquead
1161 496 1281 546 mortem
1292 490 1383 545 crucis
1399 491 1539 561 patienter
1551 498 1656 548 cuncta
1668 492 1809 551 sustinuit.

149 617 153 624 ·
174 582 355 652 egrederetur
367 578 401 632 ad
412 594 484 632 earn
501 575 672 646 Tnnccoepit
685 575 734 628 illa
747 575 914 630 maledicere
931 576 967 639 ei,
1011 579 1054 633 Ita
1069 580 1145 634 enim
1160 587 1188 634 et
1209 580 1351 651 apostolus
1368 580 1468 634 Petrus
1487 581 1669 652 praedicabat,
1689 582 1783 638 dicens
1800 602 1807 638 :

171 687 205 725 ac
218 670 328 724 dicere:
341 666 497 723 Durissimc
505 664 712 734 etimpiissime,
725 668 753 717 et
761 663 852 717 ferrea
863 664 968 718 viscera
1009 667 1138 723 Christus
1146 674 1293 739 passusest
1302 684 1353 739 pro
1361 668 1449 734 nohis,
1458 668 1536 723 vobis
1546 669 1712 741 relinquens
1721 688 1809 727 exem·

170 775 281 830 gerens,
298 755 438 829 quomodo
462 761 489 808 te
505 759 602 807 tantus
625 752 705 806 dolor
719 753 805 806 fletus
826 753 882 807 mei
911 768 967 808 non
1008 757 1095 827 plum,
1112 756 1433 829 utsequaminivestigia
1448 758 1509 828 ejus
1523 760 1548 825 (l
1560 761 1614 817 Pel.
1632 768 1675 815 11l.
1694 761 1807 832 Oportet

169 847 257 905 ilectit
272 847 307 901 ad
322 843 553 907 misericordiam,
563 842 696 912 quoniam
708 841 822 896 unicum
832 841 925 912 ipsum
936 842 967 896 li-
1008 846 1094 916 igitur
1108 851 1140 901 ut
1151 847 1290 918 patienter
1302 862 1365 901 cum
1390 846 1548 901 humilitate
1568 855 1672 903 cuneta
1693 848 1805 906 adversa

169 938 237 992 liurn
248 936 348 1002 habco,
365 949 448 1006 quern
458 932 487 986 in
498 931 619 1003 periculo
634 930 731 984 mortis
742 930 965 985 videoconstitu·
1006 935 1205 990 sustineamus.
1223 937 1386 990 Sermonem
1397 941 1502 998 autem,
1517 952 1600 1008 quem
1617 937 1761 1007 objecistis
1773 940 1805 995 de

167 1033 227 1082 turn
239 1028 250 1080 l
263 1026 342 1081 Tunc
356 1024 450 1078 senior
463 1021 607 1076 mandarit
621 1020 646 1072 ri
666 1036 715 1090 pier
737 1019 853 1072 fratrem
874 1018 922 1088 qui
937 1019 963 1072 ci
1005 1024 1114 1090 heresi,
1130 1040 1187 1079 non
1202 1025 1280 1096 potui
1294 1024 1443 1091 sustinere,
1468 1031 1497 1078 et
1522 1026 1601 1080 valde
1626 1025 1804 1084 abominatus

166 1114 355 1179 ministrabat,
367 1113 462 1167 dicens
474 1130 479 1164 :
491 1110 578 1175 Vade,
587 1109 632 1163 dic
643 1109 667 1162 ei
680 1128 686 1161 :
699 1109 813 1162 Poemen
826 1107 897 1161 lilios
907 1123 963 1161 non
1004 1129 1076 1179 sum,
1097 1114 1164 1185 quia
1183 1113 1296 1168 haeresis
1318 1114 1459 1184 separatio
1472 1120 1514 1168 est
1528 1131 1546 1168 a
1560 1113 1629 1169 Deo.
1652 1116 1803 1172 Haereticns

163 1204 271 1275 genuit,
284 1210 313 1258 θῑ
326 1203 388 1256 id⁰0
405 1200 558 1255 ¹¹⁰11d⁰¹0t·
575 1199 639 1263 Ηόθΰ
653 1197 769 1252 audiens
784 1197 879 1266 judex,
893 1195 962 1251 dixit
1003 1202 1077 1257 enirn
1093 1207 1241 1274 separatur
1259 1218 1276 1256 a
1299 1203 1357 1257 Deo
1371 1203 1432 1257 vivo
1447 1208 1475 1257 et
1490 1220 1562 1267 rere,
1580 1206 1803 1276 et'conjungitnr

163 1294 260 1348 amieis
279 1293 354 1348 suis:
368 1289 485 1346 Scribite
499 1288 535 1342 ad
549 1305 624 1353 eum,
638 1293 671 1341 ut
682 1286 724 1340 vel
737 1286 883 1357 epistolam
900 1301 962 1357 pre·
1003 1289 1114 1344 diabolo
1135 1296 1164 1345 et
1186 1291 1292 1361 angelis
1311 1292 1381 1362 ejus.
1397 1291 1544 1346 Alienatus
1557 1293 1634 1348 enim
1649 1311 1667 1347 a
1679 1294 1800 1359 Christo,

164 1383 298 1438 cutoriam
313 1381 396 1435 iaciat
409 1379 444 1433 ad
456 1395 508 1442 me,
522 1383 661 1449 quatenus
671 1375 775 1447 possim
787 1391 850 1428 eum
867 1374 961 1428 dimit·
999 1380 1058 1450 jam
1074 1396 1129 1434 non
1143 1379 1325 1436 habetDeum
1337 1396 1421 1450 quem
1431 1390 1526 1435 exoret
1537 1398 1585 1452 pro
1596 1384 1722 1455 peccatis
1733 1384 1798 1449 suis,

162 1479 232 1528 tere.
248 1472 326 1527 Tunc
338 1472 398 1541 jam
411 1466 626 1540 quamplurimis
641 1463 832 1528 suadentibus,
847 1469 961 1518 sanctus
1002 1468 1069 1539 quia
1083 1469 1198 1522 exomni
1206 1474 1286 1541 parte
1300 1469 1393 1540 periit.
1410 1468 1440 1524 si
1450 1475 1545 1524 autem
1556 1472 1801 1530 conversusfuerit

163 1562 257 1616 senior
266 1560 378 1631 scripsit
392 1559 426 1613 ad
438 1553 814 1628 judice111,dieens:lnbmt
828 1552 959 1608 nobilitas
1001 1557 1036 1610 ad
1050 1574 1143 1611 reram
1154 1563 1182 1612 et
1192 1557 1357 1612 catholicam
1371 1565 1473 1612 sancta
1488 1558 1621 1614 Eatesiae
1634 1561 1732 1628 tidem,
1745 1579 1800 1618 sus-

163 1657 211 1706 tua
226 1650 375 1722 diligenter
391 1647 657 1718 requirereeausam
667 1643 751 1707 illius,
763 1648 792 1696 et
805 1642 904 1713 siquid
919 1642 959 1696 di·
1000 1645 1104 1717 cipitur
1123 1664 1149 1700 a
1160 1646 1233 1701 bono
1248 1651 1277 1701 et
1291 1646 1337 1718 pio
1355 1646 1501 1702 Salvatore
1523 1653 1621 1703 nostro
1636 1650 1760 1713 Christo,
1774 1660 1800 1707 et

160 1757 247 1810 gnum
257 1744 348 1794 morte
355 1735 478 1802 admisit,
491 1739 637 1796 moriatur,
650 1718 989 1803 quatenusinhocprae-IJ
1000 1735 1212 1806 reconjungitur
1223 1735 1281 1790 Deo
1295 1752 1360 1790 vero
1374 1737 1493 1790 creatori
1506 1743 1535 1791 et
1551 1737 1695 1792 Salvatori
1709 1746 1799 1795 nostro

160 1829 234 1884 senti
246 1829 347 1883 saeculo
359 1826 483 1881 exsolvat
496 1823 602 1878 crimen
617 1822 723 1893 peccati
743 1821 796 1886 sui,
811 1826 843 1874 ut
857 1820 958 1874 evadat
999 1823 1120 1890 Christe,
1139 1825 1186 1895 qui
1201 1831 1244 1880 est
1258 1825 1286 1879 in
1302 1825 1386 1879 Patre
1400 1824 1488 1879 Filius
1500 1842 1613 1897 semper
1627 1844 1694 1882 curn
1708 1836 1798 1885 sancto

160 1923 280 1977 aeternas
289 1921 470 1988 acperpetuae
479 1913 614 1983 gehennae
626 1927 724 1982 poeuas
734 1929 740 1971 ;
752 1910 794 1963 sin
808 1914 903 1963 autem
913 1909 956 1963 ni·
999 1912 1116 1982 Spiritu.
1135 1913 1189 1983 Ipsi
1205 1912 1296 1982 gloria
1310 1913 1338 1968 in
1352 1914 1454 1968 saecula
1469 1915 1646 1970 saeculorum.
1661 1918 1765 1972 Arnen.

160 2007 200 2061 hil
214 2007 331 2078 dignum
351 2010 440 2059 morte
460 2002 609 2068 commisit,
630 2000 704 2072 quod
723 2001 831 2069 justum
847 1998 957 2053 videtur
1033 1999 1078 2056 22.
1096 2001 1249 2056 Consilium
1257 2001 1331 2057 inter
1345 2020 1374 2057 se
1385 2003 1545 2058 hahuerunt
1554 2004 1685 2060 seniores
1695 2006 1795 2072 Pauus,

159 2095 277 2166 legibus,
290 2095 331 2149 ita
345 2094 380 2148 de
394 2110 427 2147 eo
439 2091 507 2163 jube
521 2091 688 2145 discerncre.
998 2093 1025 2142 et
1040 2106 1137 2144 omnes
1152 2090 1280 2146 monaehi
1303 2091 1462 2147 habitantes
1477 2092 1506 2147 in
1530 2110 1628 2147 eremo
1652 2095 1759 2167 Scythi,
1770 2103 1794 2151 et

194 2185 236 2241 ·.’l.
249 2183 313 2239 Fuit
328 2181 414 2238 otiam
427 2181 461 2236 dc
476 2178 585 2251 magnis
593 2175 840 2250 patribusquidam
851 2174 953 2240 senior,
996 2184 1198 2234 consenserunt
1208 2183 1327 2234 utl‘ater
1336 2181 1721 2254 Isaacaoopresbytcreis
1730 2184 1792 2240 ordi

157 2262 956 2344 nemineAgathon,nominatissimusinvirtutehnmilita-
996 2273 1113 2322 naretur
1126 2268 1153 2323 in
1170 2269 1286 2324 eeclesia
1301 2286 1362 2347 qum
1377 2269 1405 2323 in
1421 2269 1482 2341 ipsa
1494 2287 1591 2326 eremo
1606 2272 1664 2326 sita
1680 2280 1732 2338 est,
1751 2272 1789 2329 ubi

155 2363 192 2418 tis
207 2367 236 2418 et
249 2361 391 2435 patientias
404 2361 519 2432 (Peleo,
536 2360 619 2412 libell.
632 2373 658 2419 x,
669 2371 746 2409 eruin.
760 2352 812 2423 10).
827 2353 953 2416 Quodam
994 2357 1124 2411 convenit
1132 2356 1178 2411 die
1186 2363 1215 2412 et
1224 2358 1292 2412 hora
1303 2363 1408 2413 statuta
1423 2359 1787 2442 multitudomonachorun,

155 2455 386 2522 autemtempore
397 2451 581 2520 perrexerunt
594 2445 630 2499 ad
644 2443 813 2497 visitandum
825 2458 889 2496 eum
899 2441 954 2495 fra·
995 2445 1042 2516 qui
1057 2446 1150 2500 inille
1164 2463 1259 2501 eremo
1271 2453 1472 2501 conversantur
1486 2450 1602 2513 (lumb,
1620 2467 1644 2507 c.
1661 2450 1706 2515 33,
1721 2469 1748 2507 n.
1758 2448 1785 2521 ll.

155 2537 465 2594 tr·es.Audientesenim
480 2537 515 2590 de
530 2551 563 2589 eo
576 2535 648 2605 quod
661 2548 793 2602 magnam
808 2530 952 2585 humilita-
994 2534 1118 2589 Audiens
1131 2541 1227 2589 autem
1238 2536 1416 2606 supradictus
1422 2536 1596 2592 abbaslsaac
1603 2540 1785 2610 huJ'uscamodi

154 2635 212 2683 tem
220 2627 359 2693 habuerit,
366 2626 544 2694 volentesque
550 2621 706 2694 probare,si
715 2638 778 2675 vere
784 2619 951 2674 humilitatis
993 2624 1149 2689 consilium,
1162 2624 1235 2695 fugit
1244 2625 1273 2678 in
1282 2625 1444 2697 AEgyptum,
1456 2631 1484 2681 et
1490 2625 1680 2684 absconditse
1692 2630 1721 2684 in
1727 2645 1783 2702 quo·

152 2716 318 2790 patientiam
326 2709 951 2788 possideretdixeruntei:Multiscandalizan-
992 2712 1056 2767 dam
1072 2729 1139 2783 agro
1155 2713 1228 2768 inter
1237 2714 1352 2780 fruteta,
1367 2714 1507 2770 arbitrans
1522 2717 1677 2787 indignum
1692 2736 1722 2774 se
1736 2735 1783 2773 essa

152 2806 242 2863 turin
254 2812 292 2871 te,
309 2807 403 2872 Pater,
413 2803 478 2875 quia
488 2803 573 2857 nimis
587 2801 653 2855 vitio
668 2799 805 2871 superbiae
816 2798 947 2862 tenearis,
991 2802 1096 2856 honore
1111 2802 1294 2874 presbyterii:
1308 2803 1509 2876 quamplurimi
1519 2807 1782 2864 nutemlratresno·

151 2895 252 2950 etideo
261 2895 332 2950 alios
344 2893 489 2965 despicias,
506 2898 534 2945 et
547 2908 597 2963 pro
611 2889 699 2944 nihilo
714 2905 762 2943 eos
773 2887 887 2953 habeas,
899 2887 948 2943 sed
989 2891 1071 2945 nachi
1087 2891 1285 2962 sequebantur,
1301 2899 1334 2946 nt
1347 2881 1709 2965 comprehenderenteurn'.
1725 2898 1781 2953 Gon

151 2991 180 3040 et
190 2984 378 3040 detractiones
398 2983 530 3037 adversus
545 2980 645 3034 iratres
669 2994 724 3032 non
740 2994 830 3031 cesses
846 2976 923 3048 loqui
939 2994 945 3028 :
989 2985 1084 3034 autern
1098 2980 1340 3052 applicuissentad
1350 2999 1493 3054 vesperam
1505 2983 1532 3037 in
1542 2985 1644 3039 eodem
1654 3001 1781 3059 agropro·

135 3070 294 3129 affirmant
308 3073 393 3129 etiam
408 3069 609 3143 quamplurimi
624 3067 699 3139 quod
718 3068 775 3121 hac
790 3066 852 3120 ideo
868 3082 945 3136 agas,
956 3077 978 3137 c
990 3068 1109 3140 longius,
1120 3075 1152 3123 ut
1162 3070 1344 3125 reficerentur
1352 3070 1462 3142 fatigati
1476 3071 1512 3126 dc
1526 3072 1781 3147 itinere(erntenin

149 3162 216 3235 qnia
230 3161 422 3218 fornicationis
435 3160 501 3214 vitio
516 3158 648 3224 tenearis,
655 3163 684 3211 et.
694 3173 728 3210 ne
737 3155 814 3210 solus
828 3154 948 3209 ridearis
990 3162 1065 3227 nox),
1074 3158 1242 3213 dimiserunt
1251 3160 1368 3214 asellum
1380 3159 1427 3230 qui
1438 3160 1478 3214 eis
1489 3167 1623 3233 sumptus
1629 3163 1780 3235 portabatur

149 3268 253 3318 errare,
271 3250 374 3306 idcireo
388 3250 450 3304 aliis
469 3264 525 3304 non
547 3264 639 3302 cesses
659 3245 815 3300 detrahere.
833 3245 875 3299 hd
889 3245 948 3298 hac
989 3246 1132 3301 itinereut
1145 3255 1281 3319 pasceret.
1299 3249 1369 3303 Cum
1387 3255 1481 3303 autem
1496 3257 1666 3320 pasceretur
1679 3253 1777 3315 asellm,

148 3340 320 3414 respondens
335 3340 438 3405 senior,
446 3338 487 3393 ait
499 3356 505 3391 :
516 3338 580 3392 Haec
590 3335 685 3391 ornnia
696 3334 873 3406 quaedixistis
881 3333 947 3387 vitia
988 3337 1114 3406 pervenit
1128 3336 1155 3390 in
1168 3336 1260 3391 locum
1272 3336 1319 3391 ubi
1327 3337 1503 3409 supradictus
1510 3338 1600 3394 abbas
1610 3341 1693 3396 isaac
1701 3341 1778 3417 latita

149 3432 177 3485 in
193 3446 314 3485 measse
329 3442 660 3500 cognosco,necpossnm
672 3440 775 3494 negare
787 3428 881 3478 tantas
891 3422 944 3476 ini-
987 3424 1044 3480 bat.
1063 3425 1190 3497 Cumque
1207 3426 1343 3480 illuxisset
1356 3426 1426 3493 dies,
1455 3426 1636 3498 requirentes
1662 3430 1777 3486 monachi

147 3520 270 3591 quitates
284 3535 375 3585 meas;
390 3516 594 3590 procidensque
604 3529 709 3587 pronus
720 3514 749 3567 in
760 3511 944 3577 terminale
986 3515 1344 3587 asellum,pervenernntad
1355 3517 1484 3570 eumdem
1493 3517 1586 3570 locum
1597 3517 1646 3572 nbi
1658 3537 1689 3575 se
1699 3520 1776 3576 senior

145 3608 228 3665 rabat
242 3608 353 3664 eosdem
368 3608 478 3665 fratres,
490 3603 584 3659 dicens
596 3622 602 3657 :
615 3604 755 3674 Deprecor
764 3619 820 3669 voa,
830 3602 941 3668 iratres,
985 3604 1180 3670 occultaverat,
1187 3610 1217 3658 et
1224 3604 1397 3659 admirantes
1411 3603 1491 3659 valde
1501 3605 1776 3678 dispensationemdi·

49 3696 53 3703 '
145 3703 177 3752 ut
183 3698 319 3752 intentius
325 3712 376 3768 pro
389 3711 433 3750 me
445 3694 546 3749 misero
557 3698 585 3748 et
594 3691 816 3763 multispeccatis
826 3690 943 3745 obnoxio
984 3692 1085 3758 vinam,
1102 3693 1370 3765 comprehendentes
1381 3694 1468 3764 ligare
1478 3699 1507 3748 et
1519 3697 1717 3769 constringere
1723 3714 1774 3754 eun

146 3784 289 3841 Christum
300 3784 451 3840 Dominum
467 3797 582 3838 exorare
596 3797 652 3836 non
667 3780 791 3845 cessetis,
809 3785 841 3835 ut
850 3778 944 3835 indul·
984 3782 1221 3847 voluerunt,etita
1231 3783 1574 3854 perducerellenerabilis
1586 3791 1685 3842 autem
1695 3787 1774 3843 senior

144 3873 270 3946 gentiam
281 3872 385 3929 tribuat
399 3869 594 3943 iniquitatibus
608 3869 678 3924 meis
693 3869 788 3924 multis
802 3886 835 3923 ac
849 3868 940 3923 malis.
984 3888 1040 3926 non
1055 3870 1192 3943 permisit,
1199 3871 1295 3926 dicens
1307 3890 1312 3925 :
1323 3872 1386 3927 lam
1398 3889 1577 3943 nonpossum
1592 3877 1772 3932 contradicere

144 3964 187 4019 nd
201 3964 261 4019 haee
283 3961 437 4034 supradicti
458 3961 560 4015 fratres
574 3959 719 4025 addentes,
744 3957 878 4013 dixerunt
891 3958 916 4012 ei
933 3976 938 4011 :
983 3960 1144 4032 vobis,quia
1155 3961 1272 4016 forsitan
1288 3961 1416 4016 voluntas
1423 3961 1475 4016 Dei
1485 3964 1643 4020 estutlieet
1654 3965 1771 4038 indignat

143 4054 206 4109 Non
220 4057 248 4108 te
261 4051 448 4108 lateatatiam
471 4050 532 4116 hoc,
555 4049 621 4121 quin
643 4047 805 4104 haereticum
827 4052 855 4102 te
879 4064 940 4102 esse
982 4049 1133 4121 suscipiam
1147 4050 1275 4105 ordinem
1289 4049 1466 4122 presbyterii.

143 4141 344 4215 quamplurimi
358 4141 498 4195 affirmare
511 4139 617 4194 volunt.
635 4137 693 4192 Hoc
708 4142 803 4192 autern
818 4151 882 4191 eum
892 4152 941 4190 au·
1016 4136 1061 4194 23.
1078 4139 1166 4193 Erant
1179 4144 1275 4193 autem
1289 4139 1345 4194 duo
1359 4139 1460 4194 fratres
1481 4142 1616 4197 monachi
1633 4142 1771 4216 pariterin

140 4232 230 4288 disset
243 4230 346 4298 senior,
362 4229 431 4285 dixit
442 4229 482 4284 eis
499 4228 595 4284 :Licet
604 4227 704 4282 inaliis
713 4226 808 4282 multis
818 4225 937 4298 peccatis
979 4228 1050 4282 cella
1063 4234 1278 4293 commorantes,
1294 4245 1413 4301 qnorum
1429 4229 1623 4287 bumilitatem
1633 4239 1664 4289 et
1675 4233 1770 4306 patien-

140 4321 276 4378 obnoxius
289 4320 353 4387 sim,
375 4324 470 4374 tamen
487 4316 635 4372 haereticus
651 4317 763 4389 penitus
778 4331 833 4369 non
849 4331 911 4369 sum
928 4333 933 4367 :
977 4316 1046 4372 tiam
1053 4317 1769 4379 martianamdesanctisPatribuseonaudabantnn

139 4411 213 4466 absit
225 4411 278 4466 hoe
288 4409 323 4463 ab
338 4408 433 4463 anima
447 4423 520 4462 mea.
536 4407 614 4461 Tune
624 4422 722 4461 omnes
732 4405 834 4459 fratres
844 4404 892 4474 qui
900 4403 935 4458 ad
947 4406 1059 4496 Ddiens
1070 4424 1135 4462 vero
1146 4407 1259 4479 quidam
1277 4413 1390 4463 sanctus
1400 4408 1452 4475 vir,
1464 4409 1554 4465 voluit
1564 4410 1687 4482 probare
1698 4412 1720 4468 si
1730 4429 1768 4466 re·

139 4517 203 4557 aum
217 4505 361 4564 venerant,
377 4500 588 4570 prostraverunt
601 4511 630 4549 se
640 4495 670 4549 in
683 4500 787 4549 terram
803 4494 837 4547 ad
851 4492 936 4565 pedes
979 4513 1039 4552 ram
1051 4496 1258 4569 perfectumque
1268 4496 1703 4564 humilitatemhaberent;renil
1712 4516 1768 4572 ergo

138 4592 209 4661 eJus,
225 4587 403 4644 obsecrantes
417 4603 492 4651 eum,
518 4602 550 4639 ae
569 4584 693 4639 dicentes
708 4602 713 4636 :
731 4584 883 4638 Preeamur
897 4587 934 4646 te,
977 4586 1250 4641 adrisitandumeos.
1263 4586 1388 4658 Cumque
1398 4604 1460 4642 cum
1469 4589 1575 4659 gaudio
1590 4591 1768 4665 suscepissent

116 4664 125 4681 “
137 4679 217 4747 abba,
236 4684 268 4733 ut
276 4679 352 4734 dicas
362 4676 442 4731 nobis
456 4692 505 4730 eur
519 4679 599 4728 tanta
611 4672 678 4727 vitia
686 4678 713 4727 et
719 4672 935 4744 peccatadicen·
977 4691 1052 4743 eum,
1067 4681 1095 4729 et
1110 4692 1143 4730 ox
1163 4691 1240 4729 more
1253 4676 1442 4747 complessent
1456 4677 1603 4733 orationes
1618 4685 1649 4735 et
1662 4681 1767 4754 psalmo

136 4768 212 4823 tibus
222 4768 301 4823 nobis
314 4767 349 4822 de
370 4771 408 4833 te,
426 4765 455 4821 in
470 4764 547 4819 nullo
562 4766 718 4817 commotus
733 4779 778 4828 es;
803 4761 838 4815 de
852 4761 935 4817 verbo
977 4763 1062 4831 diam,
1077 4780 1206 4836 egressus
1218 4764 1286 4818 soris
1301 4763 1429 4819 cellulam
1444 4764 1513 4821 vidit
1532 4783 1654 4837 parrum
1667 4769 1766 4825 norun
1822 4830 1824 4835 ,

137 4862 231 4912 autem
247 4857 369 4913 baeretici
383 4855 462 4910 valde
472 4860 501 4911 te
514 4851 698 4919 commovisti,
716 4857 744 4905 et
756 4850 934 4906 abominatus
975 4852 1025 4908 ubi
1038 4853 1091 4907 sibi
1101 4853 1178 4908 olera
1188 4852 1581 4927 iaciebantllpprehcnsoque
1592 4855 1702 4925 baculo,
1712 4872 1765 4913 cun
1822 4876 1824 4931 j

135 4962 176 5012 cs,
191 4963 241 5000 nee
251 4946 329 5000 cullei
339 4962 368 5000 rc
383 4943 499 5016 potuisti
514 4941 642 4997 auditum
655 4940 666 4993 l
680 4940 755 4995 Dixit
766 4940 806 4994 eis
822 4940 930 4994 senior:
975 4945 1034 4996 toto
1049 4941 1156 5014 impetu
1170 4940 1253 5014 coepit
1263 4942 1356 4997 omnia
1368 4941 1764 5018 oleraeaedendoconlringam,
1822 4946 1824 4953 '

136 5033 201 5088 lllas
215 5034 323 5106 priores
335 5035 431 5106 culpas
445 5039 474 5088 et
487 5038 602 5104 peccata
612 5035 728 5102 propter
744 5029 932 5084 humilitatem
974 5031 1051 5087 itaut
1060 5030 1250 5086 nihilomnino
1260 5037 1428 5087 remaneret.
1436 5031 1572 5088 Videnles
1578 5041 1676 5091 autem
1683 5049 1766 5108 snpra
1822 5084 1824 5101 ,

134 5121 265 5185 sustinui,
282 5129 313 5177 ut
324 5128 497 5193 peecatorem
510 5136 622 5176 measse
628 5119 788 5174 crederetis.
798 5118 932 5173 Novimus
973 5120 1040 5176 dicti
1054 5120 1165 5185 fratres,
1176 5120 1246 5175 nihil
1260 5121 1374 5193 penitus
1388 5121 1528 5188 dixerunt,
1541 5123 1593 5178 sed
1605 5141 1658 5180 nec
1669 5123 1765 5181 ruituro

133 5211 209 5266 enim
219 5211 293 5283 quod
308 5211 332 5265 si
346 5211 521 5266 custodiatur
535 5209 701 5265 humilitatis
717 5208 813 5274 virtus,
830 5224 933 5279 magna
973 5209 1081 5265 tristem
1097 5215 1145 5264 aut
1160 5209 1305 5265 turbatum
1327 5210 1473 5266 habentes.
1489 5209 1525 5266 Et
1540 5228 1642 5269 rursus
1657 5211 1765 5287 ingresi

132 5303 209 5362 salus
220 5306 263 5356 est
277 5300 388 5355 animm.
405 5301 477 5355 Nam
493 5299 629 5354 Dominus
641 5304 669 5353 et
694 5298 820 5353 Salvator
835 5302 931 5352 noster
971 5299 1765 5373 cellulam,vespertinaserationeseomplentes,adorantcs

131 5393 212 5448 lesus
220 5389 360 5456 Christus,
369 5404 432 5442 cum
448 5387 472 5442 ei
486 5387 576 5443 Jndaei
591 5387 693 5443 multas
703 5386 887 5441 contumelias
902 5391 930 5441 et
971 5405 1035 5443 enm
1051 5388 1182 5443 dixerunt
1197 5407 1203 5443 :
1224 5389 1253 5443 Si
1263 5388 1399 5461 praecipis,
1409 5388 1532 5454 domine,
1545 5389 1662 5460 ibimus,
1670 5397 1763 5447 uteurn

129 5479 253 5537 convicia
271 5479 453 5550 irrogassent,
471 5476 610 5549 patienter
629 5482 729 5532 cuncta
744 5476 883 5543 tolerarit,
898 5481 931 5532 ut
970 5476 1018 5548 qui
1032 5477 1169 5531 remansit
1182 5478 1290 5533 caulem
1305 5483 1456 5550 coquentes
1469 5485 1630 5551 gustemus,
1643 5480 1762 5553 quiajam
1822 5512 1824 5517 .

128 5570 209 5633 cobis
222 5566 393 5628 humilitatis
407 5563 545 5640 preberet
559 5565 696 5638 exempla.
714 5564 837 5620 immissi
852 5565 927 5621 enim
969 5565 1039 5621 hora
1050 5577 1093 5621 est
1109 5572 1141 5621 ut
1154 5563 1248 5621 cibum
1266 5582 1419 5623 sumamus.
1436 5566 1515 5623 lune
1528 5569 1626 5625 senior
1644 5568 1762 5629 alonna
