3818 6120
138 361 195 422 ηδ
862 369 1068 428 paratuum.
1732 355 1784 415 rao

135 486 265 544 vaticinii
275 492 437 544 arimannos
447 487 668 560 quadringentos
679 490 771 562 (ntait
782 492 939 561 Palladius)
949 494 1121 566 Aprofectus
1132 497 1176 547 est
1190 493 1325 562 (Hieron,
1339 493 1372 544 in
1387 492 1441 546 isa.
1457 489 1506 544 tib.
1523 503 1552 554 x,
1566 487 1646 557 pras.
1666 503 1673 552 ;
1692 485 1785 540 Palla·

137 577 208 633 editi
222 593 340 645 memor,
355 576 496 632 distractis
509 577 631 648 praediis,
659 595 715 634 una
732 596 797 636 cum
819 582 941 638 Melania
980 585 1054 650 dias,
1071 587 1103 638 ia
1119 584 1259 647 lausiac,
1276 594 1335 649 cap.
1350 579 1389 649 9).
1405 579 1448 632 Ad
1462 592 1532 649 quos
1554 590 1651 630 omnes
1670 578 1783 628 sanctus

137 676 235 742 nepte,
251 670 424 740 Pinianoque
439 670 565 740 ejusdem
577 671 705 727 Melaniae
717 673 787 740 viro,
802 678 830 728 et
840 675 942 730 Albina
981 672 1167 743 Augustinus,
1179 669 1372 741 cumprimum
1382 683 1480 722 eorum
1490 662 1781 728 adventumaudisset,

133 776 218 827 num,
235 772 431 814 erasuraeum
446 758 501 812 illis
516 759 711 815 imminentem
726 762 801 817 orbis
817 763 935 832 cladem,
983 760 1092 816 litteras
1107 760 1194 826 dedit,
1212 757 1313 831 quibus
1327 774 1357 812 se
1372 760 1493 822 excusat,
1509 754 1582 826 quod
1604 757 1720 826 propter
1741 749 1784 805 in·

133 846 739 918 Bomarecedens,lerosolymamseiterum
758 850 938 918 contulit,ubi
979 850 1240 921 gruentemduram
1249 847 1382 912 hiemem,
1394 850 1423 900 et
1432 840 1731 914 statumHipponensis
1741 855 1783 894 ec·

134 935 620 1010 postdiesquadragintaexbacvita
626 937 940 1009 migravitMaecexPal·
980 938 1071 994 clesia
1084 937 1263 1002 titubantem,
1276 935 1311 990 ad
1326 951 1374 990 eos
1383 932 1542 989 invisendos
1557 931 1672 986 minime
1685 945 1780 984 weur-

135 1025 213 1082 ladio
229 1026 357 1096 (Pallori,
369 1029 401 1079 ia
413 1027 549 1093 lausiac,
559 1043 617 1096 cap.
635 1025 939 1101 33)quiettraditeJ'us·
979 1045 1042 1084 rere
1057 1028 1200 1082 valuisset.
1216 1027 1314 1081 Exstat
1327 1024 1389 1095 ipsa
1396 1022 1523 1094 epistola,
1535 1021 1615 1092 cujus
1629 1024 1672 1074 est
1680 1019 1780 1074 titulus

136 1114 938 1191 modipropheticooraculoabeaRomeeevnlgato,atquc
979 1117 1015 1172 ad
1029 1117 1173 1185 Albinum,
1197 1114 1357 1179 Piniannm,
1381 1117 1410 1167 et
1431 1110 1582 1166 Melaniam
1603 1108 1696 1178 (Ana,
1725 1111 1779 1178 epi-

135 1204 240 1277 saepius
264 1203 412 1267 iaculante,
439 1204 597 1276 complures
622 1205 814 1261 Romanorum
835 1206 938 1263 civium
977 1210 1047 1262 stola
1063 1204 1146 1277 227„
1164 1204 1213 1260 sed
1228 1220 1278 1275 pro
1291 1201 1403 1268 Albino,
1418 1199 1558 1265 Albinam,
1573 1196 1778 1252 restituendum

135 1293 363 1348 christianorum
374 1292 409 1347 ad
423 1308 519 1347 rerum
533 1295 732 1364 temporalium
746 1299 940 1367 contemptum
980 1300 1049 1368 puto
1062 1314 1068 1363 ;
1079 1295 1153 1366 quod
1164 1295 1225 1366 ejus
1235 1292 1357 1347 nominis
1366 1290 1471 1345 temina
1481 1287 1607 1359 ejusdem
1617 1285 1727 1341 Piniani
1734 1303 1780 1340 so·

134 1382 272 1437 inductos
290 1398 360 1448 esse,
376 1382 531 1437 consultius
546 1381 738 1438 existimantes
753 1399 848 1440 amore
862 1385 940 1440 Chri·
980 1400 1044 1438 crus
1058 1398 1116 1437 una
1129 1398 1193 1437 cum
1208 1381 1276 1453 ipsis
1288 1380 1413 1453 profecta
1424 1384 1467 1433 est
1480 1377 1509 1431 in
1524 1375 1656 1439 Asnam,
1674 1377 1706 1428 ut
1718 1377 1780 1428 tum

136 1471 185 1537 sti,
200 1487 249 1543 spe
263 1486 390 1543 supernae
412 1469 614 1537 retributionis,
640 1472 788 1543 prodigere
811 1473 840 1528 in
868 1490 939 1547 pau·
980 1488 1013 1527 ex
1021 1471 1156 1538 Palladio,
1165 1475 1226 1525 tum
1242 1486 1275 1525 ex
1287 1468 1414 1540 ejusdem
1424 1462 1779 1538 Augustinitestilicatione

135 1576 220 1633 peres
232 1575 299 1615 suas
313 1559 433 1628 divitias,
448 1575 534 1631 quam
549 1577 596 1615 aas
610 1560 646 1615 ad
666 1558 851 1617 barbarorum
866 1579 938 1634 prae-
980 1561 1049 1616 satis
1064 1564 1191 1632 apparet,
1208 1563 1261 1615 etc.

136 1648 206 1704 dam
227 1649 406 1721 relinquere:
429 1664 488 1725 *quo
513 1649 637 1717 nomine,
664 1666 729 1704 cum
752 1650 794 1706 rei
822 1657 939 1707 eventus
1015 1647 1124 1703 Accidit
1137 1653 1243 1716 autem,
1257 1647 1325 1703 dum
1338 1645 1424 1702 iidem
1438 1645 1468 1700 in
1481 1643 1574 1700 Africa
1588 1645 1776 1706 morarentur,

135 1755 236 1794 verum
254 1737 399 1810 probasset
413 1738 569 1805 oraculum,
584 1739 737 1794 immensas
752 1739 810 1795 Deo
831 1741 938 1810 gratias
980 1733 1071 1788 filium
1093 1733 1213 1788 senioris
1235 1732 1357 1788 lleluniae
1381 1731 1438 1785 vitu
1455 1730 1553 1801 fungi:
1576 1726 1652 1799 quod
1663 1725 1778 1782 unicum

136 1844 231 1898 egere.
248 1827 339 1898 Major
352 1843 463 1899 qnoque
478 1827 519 1882 vis
541 1827 634 1882 inerat
653 1828 689 1883 ad
712 1828 772 1884 haec
792 1829 938 1885 suadenda
948 1813 1115 1878 Bamissum
1133 1822 1235 1894 pignus
1248 1821 1290 1877 ita
1299 1826 1390 1876 mater
1403 1819 1528 1875 modeste
1541 1815 1778 1887 Aerit,utmagno

134 1916 265 1973 Melaniae
277 1917 407 1981 orationi,
431 1916 506 1988 quod
526 1916 669 1972 dictitaret
688 1918 731 1986 (nt
748 1916 936 1988 existimabat)
979 1911 1105 1983 exemplo
1115 1906 1779 1977 sueritChristinnaeconstantiae.Dequasumma

134 2020 272 2062 unacum
287 2006 356 2062 urbe
370 2006 467 2062 orbem
481 2007 588 2079 pariter
601 2007 752 2063 ruiturum.
978 2017 1043 2058 cum
1053 2000 1137 2058 leude
1147 2000 1187 2055 rei
1195 2004 1335 2072 spectator
1343 2005 1456 2055 sanctus
1463 1992 1779 2068 AugustinusadPauli·

173 2095 255 2159 Quod
269 2101 363 2150 eutem
374 2095 449 2151 idern
460 2095 603 2151 Palladius
615 2095 807 2163 alterarum
816 2096 939 2154 Melania
978 2106 1047 2145 num
1056 2089 1366 2162 Nolannmepiscopum
1373 2087 1493 2160 scripsit.
1500 2081 1777 2154 Nunexstatquidem

134 2185 287 2240 recessisse
296 2184 387 2239 Roma
399 2184 550 2240 Melaniam
561 2185 704 2256 juniorem
714 2184 801 2257 ipsius
813 2191 935 2257 neptem,
979 2179 1097 2251 epistola
1107 2180 1168 2252 ipsa
1180 2197 1187 2248 3
1200 2178 1292 2233 seder
1312 2176 1429 2233 redditis
1447 2176 1483 2231 ad
1494 2191 1559 2231 enm
1569 2172 1696 2244 ejusdem
1706 2171 1778 2226 Pau-

133 2279 165 2329 et
179 2273 271 2328 virum
286 2274 348 2344 ejus
372 2273 533 2344 Pinianum,
556 2290 665 2329 necnon
686 2291 791 2329 nurum
814 2275 936 2331 Melania
978 2267 1029 2323 lini
1042 2267 1154 2336 litteris,
1170 2267 1229 2322 hac
1237 2265 1342 2334 omnis,
1357 2264 1392 2320 ab
1401 2264 1465 2320 aliis
1475 2262 1586 2318 silentio
1594 2260 1705 2326 obruta,
1715 2275 1778 2331 per·

132 2361 277 2429 Albinam,
294 2362 490 2433 cognationem
501 2363 629 2418 Melania
640 2361 680 2417 sic
697 2361 827 2434 accipias.
848 2363 937 2420 Filius
977 2356 1075 2430 spicua
1088 2355 1157 2412 satis
1168 2358 1250 2412 liunt.
1261 2353 1553 2411 AitenimPaulinus:
1572 2349 1671 2416 «Quia
1679 2348 1777 2405 dosui-
1891 2400 1904 2419 x

132 2450 198 2522 ejus
211 2451 312 2506 unicus
326 2451 367 2506 illi
381 2451 496 2506 relictus
509 2450 589 2506 duxit
608 2466 725 2506 uxorem
738 2451 880 2518 Albinam,
900 2468 936 2507 ex
977 2445 1207 2518 stimeinspiritu
1216 2444 1343 2500 veritatis
1352 2443 1459 2498 salvare
1470 2436 1776 2515 [servare]moderandi

132 2556 193 2613 qua
205 2540 348 2595 Palladius
359 2540 533 2612 aitgenitam
543 2556 605 2596 esse
619 2540 769 2595 Melaniam
780 2540 934 2612 juniorem,
976 2534 1007 2592 in
1020 2534 1143 2590 occiduis
1156 2532 1321 2590 mortalibus
1335 2531 1422 2586 animi
1431 2533 1684 2603 temperamentum
1696 2546 1703 2596 ;
1719 2541 1776 2602 quo

131 2628 256 2684 senioris
269 2629 396 2684 Melania
409 2635 605 2700 neptemque
619 2629 649 2684 in
662 2628 937 2686 matrimoninmcol·
977 2628 1007 2680 et
1020 2624 1098 2680 illam
1107 2623 1219 2680 beatam
1233 2626 1354 2679 manem
1363 2627 1393 2677 et
1401 2620 1493 2675 aviam
1501 2618 1653 2674 Melaniam
1665 2615 1776 2673 flevisse
1833 2604 1849 2627 ⁸

133 2718 227 2774 locata
238 2723 282 2773 cst
299 2715 427 2786 Piniano,
440 2720 521 2790 cujus
531 2734 628 2774 socrus
637 2717 739 2773 Albine
760 2717 815 2773 suit
829 2720 935 2786 (Palla-
977 2714 1119 2769 carnalem
1125 2713 1233 2769 obitum
1247 2711 1323 2768 unici
1332 2710 1393 2776 tilii,
1406 2709 1547 2766 taciturno
1558 2706 1672 2780 quidem
1685 2705 1773 2771 luctu,

133 2808 209 2874 dius,
224 2810 256 2862 in
268 2809 406 2876 lausiac,
418 2823 477 2878 cap.
494 2806 539 2877 ³3)
553 2826 560 2876 ;
577 2807 651 2879 quod
663 2823 729 2862 vero
742 2807 768 2862 ei
785 2807 936 2864 inhaereret
976 2820 1034 2860 non
1047 2808 1142 2859 tamen
1157 2803 1229 2858 sicoo
1242 2820 1260 2857 a
1272 2801 1406 2857 maternis
1421 2799 1553 2873 lacrymis
1566 2797 1661 2853 dolore
1681 2794 1775 2850 vidisti

132 2895 195 2953 loco
211 2896 319 2959 matris,
336 2901 449 2951 sanctim
462 2896 637 2968 Augustinus
651 2896 785 2967 adipeam
799 2895 932 2964 scribens,
979 2893 1070 2963 (Apud
1082 2894 1163 2962 Aac,
1181 2894 1258 2962 epist.
1273 2889 1347 2963 249).
1364 2913 1375 2941 ι
1391 2890 1523 2962 Appellat
1546 2885 1695 2943 Melaniam
1711 2900 1774 2940 ma·
1880 2886 1886 2901 '

132 2983 286 3041 Pimanum
300 2987 362 3057 ejus
376 2985 465 3040 filium
477 2985 614 3052 nominat,
629 2989 658 3040 et
666 2985 828 3057 frequenter
840 2983 885 3041 his
894 2985 936 3040 uti
978 2987 1050 3037 uem
1063 2986 1091 3037 et
1104 2982 1205 3048 ariam,
1221 2987 1342 3037 matrem
1362 2979 1476 3053 quidem
1502 2982 1632 3049 respectu
1652 2974 1775 3031 defuncti

132 3073 296 3130 nominibus
310 3075 454 3130 consuevit
466 3077 558 3144 (Aua,
573 3077 684 3145 epistola
699 3072 774 3145 227).
797 3073 849 3129 Hic
872 3090 935 3130 rur·
977 3070 1037 3138 tilii,
1049 3071 1276 3142 aviamrespectu
1285 3069 1412 3126 Melaniae
1421 3068 1529 3140 neptis3
1539 3067 1588 3122 sed
1597 3063 1692 3138 pergit
1702 3063 1775 3118 Pau·

132 3178 196 3218 sum
204 3163 329 3230 attende,
337 3163 475 3220 diversam
483 3180 600 3236 prorsus
608 3163 681 3218 banc
689 3161 820 3219 Albinam
829 3174 964 3236 nurumfl
976 3159 1067 3215 Mnus:
1086 3178 1099 3214 «
1116 3161 1203 3233 Cujus
1217 3158 1331 3232 quidem
1341 3158 1482 3213 modestas
1496 3153 1773 3226 etgraveslaorymas

131 3340 168 3396 de
183 3359 241 3414 qua
248 3359 321 3414 saepe
328 3348 440 3398 sanctus
446 3343 634 3414 Hieronymus
646 3361 652 3411 ς
665 3358 751 3415 quam
761 3346 827 3398 ante
838 3343 932 3414 plures
971 3337 1145 3406 intellexisti,
1163 3344 1192 3394 et
1201 3337 1330 3410 periectae
1341 3337 1372 3391 iu
1382 3335 1494 3392 Christo
1508 3330 1719 3399 ieminae‚·salra
1730 3329 1773 3384 ri·

131 3446 224 3487 annos
238 3448 270 3486 ex
284 3432 335 3486 hac
345 3432 402 3486 rita
418 3431 562 3503 migrasse,
579 3431 706 3501 eiusdem
725 3431 815 3487 sancti
829 3432 931 3487 Hiero·
971 3427 1032 3483 rilis
1045 3427 1146 3483 animae
1160 3426 1334 3494 tortitudine,
1352 3442 1400 3481 cor
1413 3429 1574 3479 maternum
1584 3422 1619 3477 de
1628 3419 1720 3476 cordis
1729 3419 1772 3474 tui

131 3511 653 3593 nymitestificationedidicimus.Quae
662 3525 758 3575 autem
767 3519 929 3589 acciderint,
972 3515 1157 3572 similitudine
1171 3515 1272 3570 melius
1286 3531 1320 3570 ex
1338 3530 1417 3585 aequo
1426 3517 1503 3568 statu
1517 3510 1769 3581 contemplatuses,

131 3624 198 3664 eum
211 3608 252 3676 hi,
269 3625 338 3681 quos
350 3609 404 3664 hoc
418 3625 491 3664 anno
506 3607 541 3663 ab
555 3607 624 3664 urbe
634 3608 755 3664 diximus
771 3609 928 3675 recessisse,
972 3610 1005 3661 ut
1018 3622 1081 3661 eam
1097 3605 1218 3676 primum
1232 3620 1283 3677 pro
1297 3603 1420 3660 naturali
1440 3601 1587 3658 allectione
1601 3603 1769 3672 permotam,

130 3695 161 3752 iu
174 3695 301 3752 Africam
316 3698 497 3768 trajecerunt,
515 3696 643 3769 sequenti
658 3713 732 3752 anno
751 3714 802 3770 pro
820 3698 931 3754 ratione
971 3693 1072 3751 deinde
1080 3711 1166 3750 causa
1177 3694 1288 3767 potiore
1302 3697 1499 3765 compunctam
1511 3689 1620 3748 flevisse
1634 3686 1772 3761 perspice·
1870 3726 1874 3736 .

130 3785 771 3858 temporisdictnrisumns.SedhicPalladinm
779 3787 929 3859 corrigere,
972 3778 1772 3854 resecatamilludbumannm,qnodunicnmtiliumcon·

130 3875 199 3932 dnm
214 3875 256 3930 ait
268 3876 391 3931 llelaniae
405 3875 493 3930 tilium
508 3876 588 3930 valde
608 3876 742 3945 juvenem
767 3876 931 3933 comitatum
971 3873 1079 3929 ditione
1095 3873 1207 3929 mortali
1218 3873 1381 3929 defunctum
1392 3872 1422 3927 in
1434 3869 1566 3944 praesenti
1581 3867 1682 3925 saecnlo
1700 3865 1771 3922 arni·

129 3979 195 4020 esse
210 3965 434 4036 proticiscentem
448 3963 598 4020 Melaniam
618 3965 648 4019 in
673 3964 798 4021 Siciliam
820 3983 928 4038 usquc,
972 3963 1064 4032 sisset,
1080 3979 1166 4035 quam
1176 3957 1638 4035 quodpropemoduminsaecnlari
1647 3955 1772 4012 vanitate

129 4069 198 4108 nam
214 4054 354 4126 quomodo
368 4054 447 4108 valde
458 4053 578 4124 juvenis,
594 4069 658 4107 cum
675 4057 784 4107 constet
798 4058 864 4108 ante
879 4069 931 4108 an·
971 4057 1154 4124 praeventum,
1173 4052 1240 4123 quia
1258 4051 1381 4109 necdum
1394 4051 1474 4108 illum
1487 4049 1650 4105 deseruerat
1661 4051 1772 4103 senato·

129 4141 305 4198 noscirciter
314 4142 501 4214 quadraginta
510 4142 660 4197 Melaniam
670 4140 808 4197 seniorem
817 4142 931 4197 viduam
971 4142 1020 4196 riae
1036 4141 1183 4212 dignitatis
1195 4140 1322 4208 ambitio,
1338 4157 1394 4196 non
1407 4141 1490 4212 juata
1499 4142 1625 4194 sanctam
1640 4141 1771 4192 uotorum

129 4247 193 4288 csse
204 4230 354 4286 relictam?
368 4232 412 4287 vel
425 4231 565 4304 quomodo
580 4231 610 4285 in
623 4230 748 4286 Siciliam
765 4247 854 4302 usque
868 4247 930 4286 earn
971 4246 1089 4285 suorum
1101 4230 1253 4285 avaritiam
1266 4229 1404 4301 cogitaret
1416 4232 1601 4299 assumptum,
1613 4229 1645 4280 ut
1659 4225 1693 4280 de
1707 4240 1771 4279 con·

128 4323 244 4376 tantum
257 4320 416 4385 comitatus,
433 4319 481 4392 qui
496 4319 629 4375 cumillis
644 4319 784 4390 navigavit
805 4318 835 4374 in
854 4319 930 4375 Atri-
970 4318 1106 4375 versionis
1118 4319 1210 4391 gloria
1218 4317 1366 4374 transisset
1372 4317 1408 4372 ad
1416 4317 1536 4388 gloriam
1546 4311 1768 4380 resurrectionis,

129 4425 204 4475 carn,
221 4408 270 4463 nbi
282 4415 311 4464 et
324 4409 472 4465 defunctus
486 4414 529 4463 est
539 4408 551 4462 l
562 4408 594 4464 ld
604 4412 715 4465 constat
723 4424 756 4463 ex
766 4408 868 4464 litteris
875 4410 931 4464 Au·
971 4424 1148 4464 communem
1162 4424 1227 4463 cum
1240 4410 1330 4462 matre
1340 4406 1467 4478 requiem
1476 4419 1666 4475 coronamque
1674 4405 1771 4474 captu-

127 4497 329 4571 gnstiniatque
335 4498 453 4564 Paulini,
463 4497 497 4552 de
503 4495 605 4569 quibus
612 4513 686 4552 anno
692 4497 819 4569 sequenti
827 4497 930 4554 dicturi
940 4493 1032 4567 Drus,
1048 4498 1073 4553 ei
1086 4497 1115 4553 in
1128 4497 1213 4569 huJus
1227 4495 1321 4552 saculi
1331 4495 1389 4551 vita
1402 4494 1503 4550 matris
1518 4493 1644 4566 exemplo
1658 4507 1769 4548 saccum

128 4602 239 4652 sumus,
256 4604 288 4642 ex
304 4587 406 4658 quibus
420 4587 503 4658 longe
516 4585 609 4641 verior
620 4585 656 4642 de
670 4586 753 4642 rebus
766 4587 855 4659 gestis
870 4588 930 4643 Me·
970 4593 1053 4659 togae,
1068 4592 1096 4643 et
1103 4585 1423 4643 monasteriumsenatui
1432 4583 1611 4658 praetulisset.
1622 4582 1770 4638 Verumta-

127 4674 213 4731 laniae
222 4691 256 4730 ac
265 4675 375 4730 Piniani
385 4682 414 4731 et
423 4675 685 4731 sociorumhistorin
691 4676 835 4748 accipitur,
846 4693 931 4749 quam
971 4692 1037 4731 men
1049 4675 1125 4731 idem
1138 4675 1179 4731 uir
1200 4676 1240 4747 (ut
1252 4680 1374 4731 etentes
1383 4673 1476 4743 retuli)
1487 4688 1520 4728 ex
1530 4677 1594 4728 voto
1611 4668 1770 4727 sanctitatis

127 4779 166 4820 ex
180 4763 318 4832 Palladio,
339 4764 388 4837 qui
406 4764 512 4820 nullam
528 4765 640 4837 penitus
663 4766 698 4820 de
721 4765 815 4821 Africa
834 4766 932 4824 habuit
970 4769 1028 4822 tuae
1043 4764 1086 4820 bis
1099 4765 1231 4838 operibus
1239 4765 1426 4836 locupletatus
1440 4761 1583 4831 abscessit,
1590 4766 1623 4818 ut
1635 4764 1770 4817 materna

128 4853 316 4921 mentionem,
331 4869 387 4925 quo
401 4853 452 4910 hos
462 4870 559 4909 omnes
573 4871 647 4910 anno
661 4855 789 4927 sequenti
797 4871 858 4911 esse
865 4872 931 4928 pro·
971 4854 1139 4911 humilitatis
1153 4854 1330 4911 nobilitatem
1340 4853 1364 4910 si
1374 4859 1451 4909 veste
1465 4868 1523 4908 non
1535 4850 1663 4924 gesserit,
1673 4854 1770 4906 taumn

128 4941 221 5000 tectos
232 4942 330 5017 liquet,
344 4948 429 5015 atque
442 4943 482 4998 ibi
498 4942 607 4999 diutius>
616 4948 813 5001 commoratos
973 4948 1068 5000 mente
1083 4945 1247 5017 praetulerit.

166 5035 263 5100 429
288 5031 345 5088 lloc
365 5032 425 5105 ipso
449 5049 523 5089 anno
546 5033 663 5103 (Christi
687 5032 749 5101 409,
777 5033 932 5091 iunocentii
1010 5035 1086 5090 «lta
1101 5034 1187 5102 enim,
1200 5033 1354 5090 secundum
1367 5031 1483 5089 verbum
1497 5031 1772 5102 Domini,mitismo·

128 5136 210 5194 papae
226 5120 252 5188 8,
270 5120 385 5176 Honorii
399 5122 440 5188 15,
458 5121 647 5188 Theodosii,
671 5121 772 5195 impp.)
795 5123 932 5180 Pinianus
973 5120 1051 5179 ribus
1058 5123 1145 5180 fuitet
1153 5124 1268 5179 humilis
1278 5123 1370 5190 corde,
1381 5127 1415 5178 ut
1422 5138 1480 5177 non
1488 5123 1630 5178 immerito
1640 5122 1772 5178 credatur

128 5210 356 5266 virclarissimus
370 5227 498 5267 unacum
513 5210 633 5267 Melania
643 5212 763 5278 seniore,
775 5217 805 5266 et
815 5213 933 5267 llelania
973 5212 1104 5268 introisse
1119 5213 1149 5268 in
1163 5212 1290 5284 requiem
1305 5211 1771 5283 Domini,quoniamsuntreliquia

126 5299 243 5372 juniore
258 5300 388 5372 conjuge,
407 5303 491 5372 atque
505 5317 588 5355 soem
601 5298 703 5355 Albina
713 5300 932 5371 J'uniorismatre
972 5302 1080 5357 homini
1102 5302 1227 5373 pacifico,
1250 5305 1278 5356 et
1300 5301 1440 5358 mansueti
1464 5300 1648 5374 possidebunt
1665 5306 1771 5356 terram

130 5388 266 5455 Melania,
281 5405 347 5444 rum
362 5405 437 5444 anno
452 5389 591 5462 superiori
610 5388 752 5444 distractis
767 5389 848 5445 bonis
871 5408 932 5462 quea
971 5392 1082 5465 (blattis,
1096 5390 1145 5461 11),
1161 5391 1302 5462 placentes
1317 5391 1375 5446 Deo
1388 5389 1539 5462 inregione
1554 5390 1771 5447 vivorumNam

128 5476 229 5534 Roma
244 5484 273 5534 et
286 5479 316 5534 in
328 5478 409 5534 ltalia
421 5477 552 5540 habebat,
568 5478 765 5550 adnavigasset
782 5480 930 5552 Carthagi·
974 5486 1049 5535 certe
1063 5485 1092 5535 et
1105 5480 1175 5535 illud
1189 5480 1316 5553 Apostoli
1330 5482 1487 5538 noneolum
1497 5481 1583 5537 tacito
1593 5478 1695 5535 mentis
1706 5478 1772 5536 affe·

129 5583 208 5636 aem,
218 5565 258 5623 ibi
267 5584 300 5623 ex
307 5568 448 5640 congestis
454 5568 581 5640 pecuniis
590 5568 763 5640 locupletans
773 5570 835 5640 ejus
840 5570 932 5625 Eccle-
972 5573 1029 5637 ctu,
1043 5569 1093 5624 sed
1106 5573 1136 5624 et
1149 5569 1305 5642 conspicuis
1318 5570 1457 5643 religiosis
1470 5567 1729 5644 ‚impleritie'sstiiqe
1742 5570 1772 5622 et

131 5655 182 5716 sia
194 5672 344 5734 pauperes,
364 5657 431 5717 inde
446 5657 482 5717 ad
496 5661 624 5717 sanctum
641 5657 765 5734 Alipium
777 5659 929 5735 Tagastam
971 5674 1035 5715 cum
1049 5658 1354 5756 essetaltorumllppp'us
1361 5640 1619 5757 ffiligffiffi
1636 5629 1772 5750 ,QVAM
