3818 6120
102 264 159 327 sae
490 269 680 329 exornem
699 271 747 328 rx
766 266 906 327 aevaeo
925 263 1091 322 suturam
1110 264 1155 323 sr
1174 264 1361 324 csssnrvo.
1651 223 1659 235 ’
1691 269 1744 327 aar
1816 217 1818 220 ⁵

102 394 148 447 ret
160 389 191 446 in
205 406 319 463 aquam.
334 391 412 448 'lunc
431 392 478 449 ille
503 396 578 452 velut
598 413 616 453 a
635 397 756 453 Domino
780 396 833 451 hoe
853 392 1138 465 sibidquaeadhorti
1146 393 1323 466 diligentiam
1331 391 1519 467 pertinebant,
1528 394 1578 452 sed
1587 395 1673 453 etiam
1682 397 1745 453 uni·

102 485 179 536 esset
192 486 372 553 preceptum,
389 482 536 538 confestim
547 486 632 541 celeri
646 502 734 543 cursu
748 485 862 557 rapiens
876 485 907 539 tl-
948 499 1028 537 versa
1041 483 1140 550 officia,
1158 500 1220 557 quse
1230 490 1312 540 erant
1325 484 1573 541 cunctissratribus
1587 502 1688 558 aspera
1701 486 1745 542 vel

103 568 184 637 bum,
201 570 237 624 ad
258 570 349 642 ripam
365 571 489 627 lluminis
502 574 661 643 jactaturus
681 575 800 630 advexit.
826 574 907 639 Quod
947 571 1072 642 indigna,
1083 578 1143 628 tota
1152 575 1279 645 quotidie
1288 575 1607 648 sedulitatecompleret:
1622 576 1747 648 complu·

103 659 228 730 proiecto
242 658 337 715 furore
353 660 419 715 fidei
432 660 905 736 etobedientiaeejusiuissetopere
947 676 1052 716 ravero
1074 662 1159 717 etiam
1184 669 1264 718 nocte
1283 679 1462 734 consurgens,
1488 665 1528 720 ita
1548 665 1646 720 furtim
1666 664 1744 720 nullo

101 749 404 816 consummatumnisi
414 752 557 821 procurati
568 752 729 808 fuissentab
739 752 905 808 abbatetra-
946 755 1018 804 teste
1037 756 1179 823 operatur,
1199 756 1232 806 ut
1246 752 1357 822 penitus
1376 759 1519 808 auctorem
1543 755 1636 826 operis
1659 769 1744 810 nemo

101 842 162 893 tres
175 838 223 910 qui
238 838 356 893 sollicite
370 838 461 910 ripam
473 841 598 896 lluminis
607 842 783 914 possiderent
796 844 832 898 ad
840 858 905 914 par·
946 838 1178 910 deprehenderet.
1191 841 1318 912 Cumque
1325 840 1429 896 ibidem
1436 842 1557 898 triennio
1566 843 1743 912 delitescens,

101 927 201 983 vulum
216 928 383 996 eruendum,
397 928 611 1002 proiectumque
622 932 684 1001 jam
699 932 905 1004 quodammodo
946 944 996 998 per
1010 929 1169 984 universam
1181 929 1333 1002 AEgyptum
1347 930 1480 1002 dispersis
1493 931 1597 1003 ubique
1611 933 1745 989 tratribus

101 1015 138 1071 de
153 1016 279 1071 lluminis
293 1017 371 1072 alveo
386 1018 534 1088 parvulum
545 1020 691 1075 confestim
708 1025 864 1094 rapuerunt
877 1025 906 1076 et
946 1022 1160 1088 quereremus
1177 1019 1300 1090 quodam
1313 1019 1428 1074 tandem
1441 1020 1517 1076 visus
1530 1020 1626 1089 fratre,
1643 1023 1692 1094 qui
1709 1022 1745 1078 de

101 1121 169 1161 cum
178 1121 291 1161 summa
299 1106 447 1162 devotione
456 1114 596 1179 praecepto
607 1109 697 1180 patris
711 1110 858 1182 completo,
869 1109 905 1166 ab
946 1106 1193 1179 AEgyptipartibus
1203 1108 1364 1176 advenerat,
1373 1109 1419 1164 vix
1426 1110 1518 1181 potuit
1526 1127 1576 1181 pro
1585 1111 1745 1167 humilitate

102 1194 206 1251 ellectu
219 1195 312 1267 operis
329 1202 538 1251 revocaverunt.
946 1194 1059 1251 habitus
1070 1197 1114 1251 sui
1125 1213 1158 1251 ac
1171 1197 1279 1252 vilitate
1287 1198 1380 1266 officii,
1389 1199 1464 1271 quod
1477 1198 1603 1270 gerebat,
1612 1201 1743 1272 agnosci3

140 1283 229 1355 Cujus
243 1284 313 1340 fides
324 1290 409 1357 atque
421 1284 581 1341 obedientia
594 1287 738 1343 etdevotio
749 1287 780 1342 in
794 1292 906 1342 tentum
946 1300 1012 1339 nam
1021 1286 1131 1341 sarculo
1144 1287 1275 1342 deorsum
1283 1287 1425 1356 incurvus,
1436 1288 1614 1360 preparabat
1622 1287 1745 1346 oleribus

102 1371 159 1428 tuit
170 1373 228 1428 Deo
240 1379 353 1445 accepta
362 1375 453 1445 titio,
471 1392 493 1430 c.
505 1374 563 1445 28),
575 1380 607 1430 ut
622 1376 717 1431 statim
728 1376 821 1431 divino
827 1377 905 1432 testi·
946 1377 1068 1441 terram;
1083 1375 1185 1430 deinde
1199 1381 1306 1431 stercus
1320 1377 1446 1432 humeris
1458 1378 1516 1432 suis
1523 1383 1684 1450 apportans,
1701 1393 1748 1434 eo·

103 1462 200 1516 monio
217 1462 399 1534 comprobata
412 1464 458 1519 sit.
480 1464 774 1538 Revelatumnamque
789 1470 906 1521 estcon·
946 1479 1009 1518 rum
1018 1461 1158 1518 radicibus
1167 1465 1521 1537 ingerebatCumquehaec
1529 1467 1744 1536 intuensfrater‚

103 1551 185 1607 tinuo
192 1551 297 1606 seniori
309 1551 360 1607 hac
369 1567 434 1606 eum
444 1551 604 1607 obedientia
612 1552 731 1610 Abrahae
739 1555 905 1626 patriarcha
946 1568 1031 1621 super
1044 1552 1187 1623 agmitione
1201 1555 1262 1623 ejus
1274 1554 1433 1610 diutissima
1453 1555 1628 1612 hesitatione
1646 1555 1746 1613 suisset

103 1657 175 1712 opus
185 1640 327 1712 implesse.
340 1641 478 1712 Cumque,
488 1640 565 1716 brevi
579 1647 706 1714 tempore
717 1644 904 1709 exacto,idem
945 1641 1085 1709 detentus,
1102 1642 1217 1714 propius
1226 1643 1339 1698 tandem
1349 1644 1494 1708 accedens,
1511 1661 1568 1700 non
1581 1646 1672 1701 solum
1683 1646 1747 1701 vul·

102 1729 190 1785 abbas
204 1729 340 1800 migraret
348 1730 384 1785 de
398 1731 507 1797 saeculo,
522 1732 596 1786 hunc
609 1737 717 1803 patrem
728 1712 937 1804 MutiumproB
947 1735 1019 1797 tum,
1029 1731 1355 1788 sedetiamsonumvocis
1364 1733 1745 1806 ejusdiligenteraxplorans,

103 1817 265 1874 obedientia
276 1819 384 1874 cunctis
396 1818 529 1875 fratribus
538 1837 706 1892 proponens,
718 1838 907 1877 successorem
948 1819 982 1874 ad
996 1820 1081 1890 pedes
1096 1822 1157 1891 ejus
1167 1821 1295 1875 cominus
1309 1837 1338 1876 se
1348 1822 1476 1892 projecit.
1490 1824 1569 1877 Tunc
1578 1823 1679 1880 tratres
1688 1829 1746 1880 stu·

103 1907 148 1962 sui
162 1912 248 1980 atque
260 1907 389 1963 abbatem
405 1909 576 1964 monasterio
590 1910 715 1982 reliquit.
946 1924 1014 1980 pere
1029 1915 1182 1980 coeperunt,
1199 1915 1228 1965 et
1246 1910 1388 1981 inquirere
1402 1928 1453 1967 cur
1464 1912 1636 1968 hocfecisset
1650 1913 1744 1986 siqui,

391 1997 508 2054 CAPUT
520 1999 619 2054 XXIX.
947 1997 1022 2068 apud
1041 1997 1116 2069 ipsos
1128 1999 1203 2054 velut
1212 2014 1303 2070 nuper
1316 1999 1351 2054 de
1365 2001 1466 2056 saeculo
1477 2017 1615 2072 egressus,
1626 2000 1748 2058 habeba·

104 2088 142 2142 De
158 2087 291 2142 monacho
305 2087 452 2158 enjusdam
470 2091 577 2142 comitis
590 2090 658 2156 filio,
677 2091 728 2159 qui
738 2094 843 2159 sportas
857 2105 907 2158 por
947 2089 994 2139 tur
1007 2091 1159 2143 extremus.
1174 2088 1301 2158 Cumque
1313 2087 1354 2143 eis
1368 2087 1456 2143 frater
1465 2088 1511 2143 ille
1525 2090 1568 2144 rei
1580 2089 1707 2145 ordinem
1718 2093 1748 2146 et

279 2179 383 2246 plateas
392 2178 488 2245 iussus
503 2178 597 2245 [uerat
608 2185 731 2246 portare.
947 2190 1050 2229 nomen
1065 2175 1153 2245 ipsius
1169 2175 1279 2230 abbatis
1299 2176 1459 2244 indicasset,
1482 2178 1585 2248 majori
1609 2178 1746 2235 miraculo

140 2265 277 2322 Novimus
286 2265 438 2338 quemdam
448 2265 575 2332 fratrem,
588 2266 741 2322 secundum
750 2266 844 2322 saeculi
856 2266 907 2322 hu·
947 2264 1402 2337 suntperculsi,qu0niametapud
1412 2266 1488 2338 ipsos
1498 2283 1602 2338 magna
1612 2267 1745 2340 opinione

101 2356 149 2426 J'us
162 2355 300 2422 ordinem,
320 2372 438 2410 summae
450 2354 573 2422 familiae,
589 2372 655 2410 nam
669 2361 749 2428 patre
764 2357 865 2412 comite
878 2361 907 2411 et
947 2351 1039 2407 iuerat
1053 2358 1221 2424 compertus.
1239 2354 1317 2409 Tunc
1330 2353 1496 2425 ignorantiae
1510 2372 1567 2412 suae
1585 2356 1696 2412 reniam
1710 2355 1747 2412 ab

104 2437 245 2500 ditissimo
258 2443 394 2499 oriundus
406 2444 460 2499 fuit
472 2445 571 2516 (Coss,
588 2447 636 2500 lib.
653 2460 681 2500 iv
696 2447 801 2506 instit..
812 2462 835 2500 c.
847 2443 904 2517 29).
948 2456 980 2496 eo
995 2441 1185 2514 postulabant,
1201 2442 1275 2513 quod
1285 2459 1350 2497 eum
1365 2448 1444 2499 tento
1458 2450 1586 2519 tempore
1608 2446 1682 2502 inter
1698 2447 1747 2518 ju-

103 2533 159 2599 Qui
169 2533 273 2588 relictis
286 2533 450 2605 parentibus
463 2550 526 2589 cum
539 2534 574 2589 ad
587 2534 791 2589 monasterium
807 2550 906 2606 pervo·
914 2538 927 2559 ⁶
947 2530 1041 2586 niores
1049 2547 1082 2585 ac
1091 2531 1419 2604 parvulosdeputassent.
1430 2532 1615 2591 ntsstetlebot
1624 2535 1748 2592 multum

105 2621 202 2690 lasset,
218 2622 254 2677 ad
270 2621 506 2693 comprobandam
523 2622 793 2693 ejushumilitatem,
810 2623 906 2678 statim
947 2623 976 2673 et
988 2618 1112 2690 lugebat,
1129 2619 1202 2691 quod
1217 2620 1324 2676 scilicet
1338 2620 1442 2676 invidia
1455 2621 1561 2678 diaboli
1576 2622 1748 2696 luissetpro-

105 2711 131 2766 ei
141 2727 159 2765 a
168 2711 279 2767 seniore
293 2712 651 2783 praeoeptumestutdecem
657 2716 766 2784 sportas
772 2712 904 2783 grandes,
946 2707 1031 2772 ditus,
1042 2724 1095 2763 nec
1104 2708 1260 2764 licuissetei
1272 2710 1379 2766 diutius
1388 2710 1417 2766 in
1426 2710 1477 2766 tali
1491 2711 1652 2771 humilitate
1661 2718 1748 2785 atque

106 2816 178 2872 quas
189 2815 302 2855 necesse
315 2815 372 2855 non
385 2804 446 2854 erat
458 2805 525 2855 tunc
538 2800 669 2866 vendere,
685 2800 837 2855 cervicibus
847 2800 905 2855 suis
947 2796 1102 2867 abjectione
1116 2798 1280 2869 perdurare.
1296 2801 1374 2855 Tunc
1389 2815 1454 2855 eum
1466 2800 1568 2857 iratres
1585 2801 1705 2858 invitum
1715 2817 1748 2857 ac

104 2889 262 2961 impositas,
287 2888 483 2944 distrahendas
501 2905 551 2961 per
564 2889 672 2961 plateas
694 2888 903 2957 circumferret;
946 2886 1061 2941 flentem
1076 2887 1111 2941 ad
1126 2887 1269 2958 proprium
1284 2891 1488 2945 monasterium
1499 2891 1682 2959 reduxerunt,
1697 2907 1747 2947 cu·

105 2977 216 3048 adjecta
230 2978 464 3049 conditioneque
477 2978 582 3034 diutius
594 2979 623 3032 in
634 2978 686 3033 hoc
695 2976 906 3050 oilicioipsede
946 2974 1099 3030 stodientes
1109 2992 1173 3030 cum
1183 2993 1294 3032 summa
1308 2978 1465 3049 diligentia,
1480 2995 1517 3034 ne
1530 2979 1662 3035 similiter
1675 2995 1748 3052 quo·

104 3065 254 3134 tineretur,
269 3071 303 3122 ut
315 3067 339 3122 si
352 3067 423 3122 forte
431 3083 505 3123 unus
521 3084 568 3122 eas
583 3083 676 3122 emere
691 3067 906 3139 paritervoluis·
916 3067 937 3130 G
948 3081 1002 3136 que
1015 3063 1146 3136 delapsus
1161 3066 1317 3137 aufugeret.

105 3160 158 3221 set,
185 3171 242 3211 non
265 3157 385 3218 cederet.
411 3157 459 3211 sed
487 3157 631 3227 sigillatim
646 3172 693 3211 eas
718 3155 907 3228 quarentibus
983 3153 1036 3209 Ubi
1048 3170 1112 3208 cum
1126 3154 1227 3210 luisset
1238 3156 1479 3228 modicotempore
1491 3156 1653 3212 demoratus
1669 3157 1746 3225 (Cos-

105 3244 249 3300 venderet.
260 3245 339 3311 Quod
349 3246 396 3301 ille
407 3251 467 3301 tota
475 3246 621 3300 devotione
629 3246 794 3318 complevit;
807 3250 836 3300 et
845 3262 908 3301 om·
947 3245 1033 3312 sion,
1050 3245 1069 3299 l.
1081 3259 1108 3298 1v
1122 3247 1225 3310 Iastia,
1242 3261 1265 3299 c.
1277 3243 1331 3311 31),
1349 3245 1448 3299 eodem
1466 3261 1564 3300 rursus
1578 3245 1747 3302 humilitatis

107 3334 137 3389 ni
152 3335 321 3390 verecundia
335 3351 386 3406 pro
400 3334 505 3390 Christi
516 3334 654 3390 desiderio
665 3336 781 3402 calcata,
797 3341 907 3407 sportas
948 3332 1087 3387 desiderio
1097 3348 1239 3398 accensus,
1254 3337 1516 3403 captansnocturna
1523 3334 1645 3397 silentia,
1655 3334 1750 3392 itade·

106 3423 235 3479 humeris
249 3423 307 3479 suis
317 3424 473 3496 imponens,
491 3428 520 3478 et
534 3441 584 3495 per
598 3424 705 3496 plateas
714 3427 840 3496 portans,
853 3429 908 3479 sta·
948 3420 1030 3492 fugit,
1040 3426 1071 3475 ut
1078 3422 1137 3491 jam
1148 3437 1205 3475 non
1212 3421 1331 3476 vicinam
1341 3422 1522 3492 provinciam,
1531 3423 1580 3478 sed
1591 3424 1749 3496 incognitas

106 3516 171 3568 tuto
184 3513 276 3584 pretio
290 3513 430 3580 distraxit,
447 3518 475 3568 et
493 3513 641 3585 pecuniam
651 3513 685 3568 ad
705 3513 907 3568 monasterium
948 3510 1077 3581 regiones
1091 3514 1242 3581 expeteret.
1256 3511 1327 3565 Nam
1334 3511 1524 3567 conscendens
1535 3513 1637 3582 navim,
1653 3513 1684 3569 in
1693 3513 1749 3568 Pa·
1846 3548 1849 3551 -

104 3601 270 3674 reportavit.
948 3599 1064 3654 Iastium
1074 3603 1169 3670 partes
1178 3614 1335 3655 commeare
1342 3601 1459 3669 curavit,
1475 3599 1591 3658 credens
1606 3618 1637 3658 se
1658 3602 1749 3660 tutius

397 3691 514 3748 CAPUT
528 3689 613 3747 XXX.
947 3688 1105 3756 latiturum,
1123 3688 1248 3744 siadilla
1258 3690 1440 3763 semetipsum
1450 3695 1623 3763 asportasset
1636 3691 1708 3760 loca,
1717 3693 1749 3748 in

104 3778 143 3836 de
157 3779 253 3836 abbate
266 3777 414 3850 Pinupht'o,
430 3783 481 3851 qut
492 3796 544 3850 pro
562 3781 722 3837 humilitate
739 3782 859 3853 sapiens,
874 3782 907 3845 do
948 3777 1049 3849 quibus
1063 3794 1115 3834 nec
1128 3795 1232 3835 nomen
1246 3780 1361 3853 quidem
1386 3796 1469 3836 suum
1488 3780 1588 3837 suisset
1609 3780 1748 3838 auditum.

290 3873 460 3926 monasterio
479 3873 590 3940 tongins
604 3873 719 3929 seoessit.
947 3867 1008 3933 Quo
1018 3884 1082 3924 cum
1090 3867 1258 3938 advenisset,
1268 3874 1397 3926 nostrum
1407 3870 1749 3944 monasteriumprotinus

112 3957 113 3960 ’
141 3955 906 4031 vidimusetabbetempinuphium(taceprandus,
948 3958 1089 4030 expetivit,
1106 3958 1181 4030 quod
1194 3975 1251 4014 non
1265 3958 1348 4031 longe
1363 3964 1425 4015 erat
1436 3975 1453 4014 a
1464 3961 1567 4032 speloeo
1575 3961 1605 4017 in
1619 3977 1675 4034 quo
1690 3961 1747 4017 llo·

105 4062 130 4103 c.
147 4044 206 4118 30),
221 4046 270 4120 qui
279 4063 343 4103 cum
353 4047 566 4104 essetimmauis
575 4047 740 4104 monasterii
750 4047 906 4122 presbyter,
948 4045 1043 4101 minus
1056 4049 1153 4100 noster
1167 4062 1201 4101 ax
1214 4045 1330 4118 Virgine
1344 4047 1422 4103 nasci
1436 4048 1568 4119 dignatus
1582 4054 1635 4105 est.
1651 4050 1684 4105 ln
1693 4061 1750 4122 quo

103 4135 179 4210 quod
190 4135 402 4211 estinAEgypto,
411 4138 555 4211 nonlonge
563 4137 872 4211 aPanephysicivitate,
880 4142 908 4194 et
950 4134 1119 4191 monasterio
1129 4134 1372 4207 modicotempore
1382 4137 1560 4208 supradictus
1572 4135 1658 4194 oblias
1665 4137 1751 4194 pinu

102 4242 156 4298 pro
169 4225 399 4299 ipsareverentia
408 4227 451 4282 vel
461 4226 590 4283 vitasuae
600 4227 643 4281 vel
655 4227 746 4282 aetatis
756 4227 799 4281 vel
815 4243 909 4282 sacer·
950 4225 1551 4297 phiusdelitesccns,secundamsententiem
1557 4226 1679 4293 Domini,
1688 4232 1750 4282 tan-

103 4314 185 4383 dotii,
198 4314 306 4371 cunctis
315 4315 487 4371 honorabilis
495 4316 790 4383 existeret;vidensse
798 4331 848 4388 pro
856 4317 909 4372 hoc
950 4329 1035 4384 quam
1045 4311 1140 4366 civitas
1148 4327 1234 4383 supra
1244 4312 1475 4383 montemposita‚
1493 4313 1598 4368 diutius
1615 4314 1749 4370 abscondi
1798 4353 1807 4375 .

103 4405 362 4477 ipsohumilitatem
371 4410 629 4478 tenerenonposse,
642 4406 749 4461 occulte
755 4405 865 4477 fugiens
873 4392 939 4461 del)
949 4419 1004 4458 non
1013 4401 1106 4474 potuit
1116 4401 1221 4470 (Mottd.
1232 4399 1270 4470 v).
1278 4401 1349 4456 Nam
1355 4401 1486 4456 continuo
1494 4402 1608 4473 quidam
1616 4402 1748 4474 fratrem,

105 4494 245 4561 eoeuobio,
261 4494 377 4549 secessit
388 4493 464 4550 solus
478 4495 507 4550 in
516 4493 667 4549 Thebaidis
674 4494 789 4549 ultimas
798 4499 907 4566 partes;
950 4487 997 4558 qui
1012 4486 1047 4541 ad
1060 4486 1121 4540 1002
1129 4485 1389 4557 sanctadeffissypfi
1398 4485 1525 4557 partibus
1533 4487 1669 4543 orationis
1680 4502 1749 4544 ⁶8¹1·

105 4582 204 4654 ibique
218 4582 345 4653 deposito
355 4583 521 4638 indumenti)
536 4588 629 4649 545
646 4584 856 4648 monachorum,
867 4600 909 4638 gs.
949 4592 981 4631 sa
997 4581 1141 4634 venerant.
1157 4575 1286 4645 agnitum
1299 4591 1363 4629 eum
1376 4591 1440 4630 cum
1454 4576 1544 4631 multa
1557 4592 1639 4648 prece
1652 4582 1681 4632 et
1691 4593 1751 4634 ma-

104 4677 222 4743 sumpta
235 4672 361 4727 seculari
383 4677 470 4738 veste,
486 4672 689 4728 monasterium
704 4672 910 4728 Tabennensio·
950 4667 1024 4720 xime
1038 4665 1166 4733 invitum,
1178 4664 1215 4719 ad
1229 4681 1312 4720 tuum
1327 4664 1597 4722 iterumcoenobium
1607 4681 1752 4723 revocave-

106 4765 203 4816 tarum
219 4761 360 4832 expetivit,
387 4762 463 4832 quod
481 4761 588 4816 sciebat
605 4762 712 4816 cunctis
731 4762 911 4817 monasteriis
950 4760 1026 4810 tunt·

105 4865 169 4904 esse
183 4848 346 4918 districtius,
358 4850 425 4905 etin
439 4866 495 4922 quo
503 4867 533 4904 se
544 4866 593 4922 pro
604 4850 910 4921 longitudineregionis
1232 4841 1349 4900 CAPUT
1367 4841 1465 4900 XXXI.

106 4938 436 5010 crediditignorandum.
448 4939 501 4995 Ubi
507 4939 575 4995 dum
582 4939 796 5012 diutissimepro
804 4939 909 4995 foribus
1011 4934 1172 4990 astoricae
1186 4937 1292 5003 optimo
1303 4935 1341 4988 od
1353 4936 1492 4990 novitium
1506 4936 1685 4993 monacham.

107 5028 593 5100 perseverans,cunctorumfratrum
600 5028 728 5100 genubus
735 5030 907 5100 provolutus,
985 5025 1066 5079 Hunc
1075 5024 1163 5095 igitur
1172 5039 1280 5094 senem,
1292 5038 1342 5095 pro
1353 5022 1473 5094 illaque
1483 5022 1563 5079 nobis
1572 5024 1665 5082 marat
1674 5026 1751 5103 apud

108 5123 141 5172 ut
155 5117 347 5189 susciperetur
364 5117 481 5173 summis
496 5117 625 5189 precibus
641 5117 765 5172 ambivit.
783 5118 909 5189 Cumque
950 5113 1042 5185 ipsum
1052 5113 1080 5166 in
1091 5117 1186 5168 nostro
1197 5110 1368 5167 monasterio
1377 5110 1525 5168 familiaris
1535 5114 1670 5183 amicitia,
1685 5133 1751 5173 cum

108 5207 201 5261 multu
209 5205 341 5278 despectu
348 5206 493 5279 probatus,
501 5211 530 5261 et
536 5206 753 5261 tandemiuisset
759 5207 909 5273 admissus,
951 5207 1016 5274 post
1024 5201 1084 5257 haec
1094 5202 1123 5257 in
1136 5202 1258 5273 AEgypto
1265 5200 1489 5272 requisissemus,
1503 5203 1752 5275 contigitutnobis

108 5295 244 5350 continuo
258 5302 290 5350 ut
302 5295 372 5363 seni,
386 5296 513 5368 nullique
526 5296 604 5367 operi
618 5295 730 5367 penitus
744 5299 819 5366 apto,
836 5293 912 5350 horti
952 5291 1010 5346 illic
1020 5290 1263 5357 commorantibus,
1277 5290 1394 5345 fratrem
1406 5292 1556 5362 quemdam
1570 5293 1599 5348 in
1608 5299 1753 5350 monaste·

109 5400 180 5440 cura
195 5383 397 5457 diligentiaque
407 5386 566 5441 mandatur.
579 5385 669 5449 Quam
679 5384 727 5438 ille
736 5399 850 5455 operam
861 5382 912 5439 sub
952 5380 995 5434 rio
1010 5396 1061 5434 suo
1074 5379 1211 5450 reciperet
1224 5379 1323 5452 (Casa,
1340 5380 1388 5434 lib.
1416 5393 1443 5434 iv
1458 5382 1561 5449 instit,
1580 5398 1602 5436 c.
1619 5381 1673 5452 32).
1698 5381 1752 5438 Cui

110 5473 167 5528 alio
180 5471 268 5529 fratre
281 5474 404 5545 iuniore,
417 5474 465 5547 qui
480 5491 543 5530 eum
554 5472 606 5529 sibi
615 5472 752 5529 creditum
763 5471 911 5540 retinebat,
954 5469 1055 5524 miram
1071 5468 1293 5524 exhortationem
1308 5469 1360 5523 sub
1370 5473 1466 5524 nostra
1477 5470 1626 5542 prasentia
1638 5469 1751 5538 indidit,

113 5578 257 5629 exercens,
273 5564 313 5620 sic
326 5563 418 5620 eidem
441 5563 621 5632 subdebatur,
638 5568 670 5618 ut
693 5578 750 5619 non
774 5564 865 5619 solum
881 5577 915 5618 ea
955 5575 1040 5631 quam
1055 5557 1125 5613 mihi
1141 5559 1253 5615 animus
1266 5557 1321 5615 fuit
1334 5557 1400 5614 huic
1412 5559 1544 5630 opusculo
1559 5559 1695 5617 intexere.
1706 5559 1754 5618 tit
