3832 6120
1328 149 1340 177 Ι

127 259 181 319 449
333 262 419 319 VITA
436 261 657 318 saumonem
674 261 848 317 BARLAAM
868 259 1041 317 EREMITAE
1059 261 1104 317 ΕΤ
1121 261 1305 316 JOSAPHAT
1323 261 1435 317 INDIAE
1453 261 1571 318 REGIS.
1636 230 1640 237 A
1715 261 1769 317 450

129 403 162 441 ac
174 386 200 441 si
213 385 283 454 sint,
295 386 509 457 amplectantur,
521 402 554 440 ac
563 386 705 441 mordicus
716 387 865 442 retineant.
877 387 932 451 Qui
939 388 965 447 Α
973 403 1030 452 cas,
1047 387 1094 458 qui
1105 386 1167 441 lieri
1182 391 1274 458 potest
1287 390 1320 441 ut
1333 403 1389 441 non
1404 387 1509 458 optimo
1518 387 1584 458 jure
1597 391 1626 441 te
1634 386 1693 440 veri
1704 384 1771 440 boni

129 481 224 530 autem
234 493 336 530 eorum
345 493 408 547 quae
418 475 666 531 suntdulcedinem
678 475 793 530 minime
803 476 932 546 degusta·
972 475 1083 530 inscitia
1094 475 1220 529 laborare
1231 475 1331 541 dicam,
1344 481 1377 529 ut
1387 476 1435 546 qui
1448 476 1561 529 omnino
1583 476 1641 530 hac
1654 475 1729 529 inter
1741 490 1771 527 se

131 565 177 629 rit,
190 566 216 620 is
231 581 410 635 eorumquae
425 581 481 619 non
497 571 563 618 sunt
572 570 705 619 naturam
715 564 867 635 perfectam
881 564 932 617 ha·
972 580 1132 635 componas,
1144 564 1278 634 pietatem
1287 564 1394 619 scilicet
1403 582 1470 634 erga
1479 565 1639 618 Deumcum
1648 564 1772 618 humana

132 652 196 708 bere
205 670 264 708 non
270 654 383 724 poterit.
398 654 477 708 Hane
486 670 569 724 porro
581 653 634 707 nisi
644 653 816 724 exploratam
826 652 933 708 habue—
974 653 1100 707 amicitia
1120 658 1149 707 et
1167 653 1258 723 gloria
1271 652 1360 705 instar
1373 669 1452 723 aquae
1465 653 1624 707 defluente?
1644 653 1772 716 Quonam

132 741 309 813 rit,quonam
319 743 441 796 modoea
451 746 650 796 contemnetac
657 758 707 812 pro
717 741 805 795 nihilo
811 740 934 812 putabit?
974 740 1043 795 item
1058 742 1140 795 modo
1156 741 1184 795 in
1196 742 1248 794 hac
1258 757 1289 795 re
1298 741 1366 794 socii
1378 741 1430 795 tibi
1445 742 1531 796 futuri
1543 758 1651 809 sunaus,
1667 758 1699 794 ac
1714 756 1773 794 non

134 830 216 885 Porro
231 848 285 902 per
293 848 328 884 ea
340 847 401 902 quae
416 836 492 895 sunt,
504 831 562 884 haec
577 830 666 884 oratio
681 830 865 900 sempiternas
877 846 932 896 res,
975 835 1073 884 eontra
1082 835 1141 884 tum
1153 830 1314 896 amicitiam,
1322 836 1382 884 tum
1394 831 1538 896 honorem,
1547 838 1608 884 tum
1619 830 1772 884 liberorum

135 926 213 990 atque
223 937 240 974 a
247 920 404 990 jactatione
412 919 518 973 alienas
526 917 700 989 intelligebat
712 936 717 970 :
731 935 781 989 por
791 935 824 972 ea
839 924 934 973 autem
975 936 1110 987 amorem,
1121 921 1178 975 etsi
1189 921 1254 991 quid
1266 921 1342 976 aliud
1351 922 1442 991 majus
1454 927 1536 986 esset,
1547 921 1769 992 aspernabimur,

137 1024 190 1080 quae
205 1025 264 1062 non
275 1017 352 1073 sunt,
364 1009 436 1062 hanc
453 1007 579 1061 vitamet
592 1007 715 1073 deliciaS,
729 1024 761 1061 ac
771 1009 934 1062 mendacem
975 1025 1038 1063 cum
1051 1015 1089 1075 te,
1106 1026 1122 1063 0
1135 1027 1192 1073 rex,
1208 1010 1340 1064 inlicem
1359 1011 1492 1064 scelerate
1506 1027 1604 1079 gerere
1618 1009 1771 1080 conspicia-

137 1097 366 1169 pmsperitatcm:
381 1096 494 1168 quibua,
507 1113 523 1150 ο
539 1113 597 1162 rex,
613 1096 687 1150 heu!
705 1112 752 1150 cor
766 1101 846 1151 tuum
861 1095 935 1150 male
974 1113 1049 1162 mus,
1059 1098 1106 1168 qui
1116 1098 1166 1152 tibi
1175 1099 1267 1169 ipsum
1277 1116 1338 1152 esse
1354 1104 1382 1152 et
1393 1099 1631 1168 spiritumducere
1643 1097 1771 1169 praebuit,

139 1186 244 1241 affixum
259 1192 305 1240 est
320 1204 326 1238 :
347 1202 454 1256 egoque
474 1186 542 1239 item
557 1185 698 1257 qnondam
718 1202 752 1238 ea
766 1186 933 1257 complecte—
974 1187 1023 1258 qui
1037 1193 1079 1242 est
1092 1187 1220 1242 Christus
1234 1188 1314 1242 lesus
1330 1188 1456 1242 omnium
1466 1187 1602 1241 Dominus
1617 1203 1623 1239 τ
1640 1187 1688 1257 qui
1706 1204 1770 1241 cum

140 1274 188 1329 bar.
195 1275 304 1329 Verum
319 1275 403 1345 hujus
415 1274 553 1330 sermonis
562 1274 611 1339 vis,
628 1274 754 1328 animum
764 1290 858 1328 meum
873 1272 933 1328 sine
974 1275 1111 1346 principio
1122 1283 1225 1339 careat,
1241 1277 1423 1347 ejusdemque
1435 1293 1500 1330 cum
1510 1277 1593 1330 Patre
1608 1275 1774 1330 aternitatis

142 1364 411 1419 ullaintermissione
426 1364 564 1429 callicana,
576 1368 709 1428 mentem,
720 1380 782 1434 quea
795 1363 933 1433 meiprin·
974 1364 1019 1430 sit,
1037 1365 1175 1436 coelosque
1195 1382 1227 1419 ac
1241 1370 1346 1419 terram
1361 1381 1489 1419 sermone
1502 1364 1665 1435 procrearit,
1686 1364 1775 1417 homi-

144 1454 254 1525 cipatum
277 1458 363 1518 tenet,
380 1453 416 1506 ad
430 1453 458 1507 id
474 1452 548 1523 quod
562 1451 662 1506 melius
683 1457 753 1517 erat,
774 1452 934 1522 eligendum
974 1470 1038 1508 nem
1053 1459 1148 1507 tamen
1158 1459 1253 1518 mo
1264 1454 1382 1508 suismet
1395 1454 1525 1507 manibus
1536 1453 1642 1507 effinxit
1653 1469 1774 1523 eumque

146 1541 280 1597 excitabat.
295 1542 434 1596 Caeterum
457 1542 501 1595 lex
519 1540 636 1612 peccati,
653 1557 716 1594 cum
741 1541 844 1594 mentis
864 1557 933 1594 meae
974 1541 1186 1595 immortalitate
1200 1543 1352 1607 coornavit,
1369 1559 1519 1612 regemque
1533 1543 1658 1595 omnium
1678 1558 1772 1595 rerum

148 1631 196 1700 lege
208 1647 350 1702 pugnans,
366 1647 399 1683 ac
418 1631 495 1684 relat
512 1629 681 1700 quibusdam
695 1626 875 1698 compedibus
888 1645 933 1682 me
974 1645 1036 1700 quae
1047 1631 1077 1685 in
1087 1637 1164 1684 terra
1177 1635 1243 1686 sunt
1252 1631 1405 1690 constituit,
1416 1630 1497 1701 eique
1507 1631 1580 1701 quod
1595 1631 1722 1684 omnium
1733 1647 1775 1684 re·

149 1718 265 1785 inciens,
282 1734 334 1789 per
349 1719 478 1773 allectum
490 1735 558 1787 erga
571 1734 615 1771 res
626 1723 778 1787 praesentes
793 1716 933 1787 captivum
945 1701 1039 1772 Brum
1053 1719 1315 1791 praestantissimum
1326 1722 1396 1784 erat,
1408 1720 1460 1772 hoc
1474 1724 1518 1773 est
1532 1719 1703 1789 paradisum,
1714 1724 1775 1773 tan·

151 1806 256 1861 tenebat.
975 1824 1060 1878 quam
1073 1808 1181 1878 regiam
1192 1809 1344 1880 quamdam
1360 1809 1453 1862 aulam
1464 1807 1606 1864 attribuit.
1617 1809 1655 1862 at
1668 1808 1715 1862 ille
1729 1807 1773 1861 in-

177 1893 500 1953 CumaummSalvatoris
509 1894 597 1948 nostri
604 1893 770 1964 benignitati
778 1892 934 1948 acbonitati
974 1897 1050 1951 vidia
1063 1898 1205 1967 deceptus,
1222 1903 1251 1950 et
1261 1897 1290 1951 in
1301 1897 1428 1951 fraudem
1439 1896 1579 1961 inductus,
1591 1896 1775 1967 etvoluptatis

155 1998 186 2037 ne
197 2000 226 2037 ex
239 1984 292 2037 hac
300 1982 566 2053 acerbacaptivitate
576 1982 717 2037 vindicare
728 1982 842 2054 placuit,
850 1988 934 2052 atque
973 1984 1111 2039 illecebris
1128 1986 1261 2041 delinitus
1271 1987 1346 2053 (Gen.
1364 2000 1410 2051 1113
1430 1986 1493 2053 Sap.
1513 1987 1566 2054 ιιι),
1582 1986 1626 2038 his
1641 1984 1772 2040 omnibus

156 2071 291 2142 ipsementi
300 2088 371 2125 mem
385 2071 420 2124 ad
427 2071 613 2142 superandam
623 2070 728 2142 peccati
742 2072 835 2141 legem
849 2070 935 2125 robur
975 2074 1078 2128 misere
1090 2075 1216 2145 dejectus
1230 2080 1287 2139 est,
1299 2075 1387 2146 etqui
1400 2074 1478 2145 prius
1488 2073 1587 2128 beatus
1598 2073 1773 2140 censebatur,

158 2159 251 2225 addidit,
267 2160 417 2230 oculosque
432 2176 510 2213 meos
521 2159 641 2230 aperuit,
650 2166 680 2214 ut
691 2160 758 2213 mali
774 2176 805 2213 ac
814 2159 880 2227 boni
889 2161 935 2214 de·
976 2162 1109 2217 miserum
1118 2165 1308 2234 spectaculum
1320 2162 1468 2234 prebebat,
1479 2163 1668 2234 lacrymisque
1682 2162 1717 2216 ob
1728 2179 1775 2216 ac-

132 2287 136 2301 .
159 2248 237 2303 lectum
250 2249 404 2313 haberem,
430 2254 492 2302 tum
511 2248 624 2315 scilicet,
639 2254 710 2315 tum,
730 2249 855 2319 inquam,
871 2249 933 2302 ani·
975 2257 1085 2322 ceptam
1092 2252 1281 2306 calamitatem
1293 2252 1395 2322 dignus
1407 2252 1588 2305 eratllernm
1598 2251 1740 2304 enimvero
1749 2250 1775 2303 is

159 2337 308 2392 madvertiac
318 2337 384 2402 ridi,
394 2337 544 2408 prasentia
553 2337 646 2392 omnia
655 2338 808 2392 vanitatem
822 2342 851 2391 et
860 2336 934 2391 aflli—
975 2338 1024 2409 qui
1039 2354 1089 2393 nos
1103 2339 1250 2392 effinxerat
1263 2355 1296 2392 ac
1305 2344 1508 2409 procreaverat,
1516 2337 1645 2408 benignis
1660 2353 1776 2391 rursum

161 2425 255 2482 cionem
264 2427 380 2498 spiritus
390 2442 451 2480 csse
462 2427 555 2494 (Eccli.
565 2429 594 2495 ι),
604 2426 840 2497 quemadmodum
848 2426 934 2480 etiam
975 2427 1062 2482 oculis
1073 2444 1207 2482 manuum
1216 2445 1332 2482 suarum
1342 2445 1413 2498 opus
1422 2427 1607 2498 conspicatus,
1619 2427 1726 2481 nullam
1736 2426 1778 2479 di·
1827 2440 1829 2445 ·

161 2514 357 2584 sapientissimus
380 2514 513 2569 Salomon
532 2515 654 2585 quodam
672 2515 732 2569 loco
755 2515 835 2569 dixit.
862 2515 933 2569 Tum
974 2515 1098 2570 vinitatis
1118 2534 1175 2571 sua
1186 2517 1370 2571 mutationem
1385 2516 1551 2587 suscipiens,
1566 2515 1777 2569 nostrmsalutis

162 2604 242 2671 pecca
253 2603 379 2657 velamen
395 2620 410 2656 e
424 2604 507 2657 corde
521 2619 583 2657 meo
609 2603 750 2658 sublatum
773 2609 825 2669 est,
850 2609 934 2674 atque
975 2621 1069 2671 causa,
1078 2605 1106 2659 id
1116 2606 1190 2676 quod
1201 2623 1252 2660 nos
1261 2623 1359 2660 sumus
1370 2607 1440 2660 citra
1450 2611 1604 2676 peccatum,
1620 2605 1709 2658 factus
1720 2594 1772 2671 est,

164 2689 291 2768 obscpritas
304 2708 339 2746 ea
352 2709 413 2762 quae
429 2708 462 2745 ex
481 2692 606 2763 corporis
620 2691 746 2746 crassitie
756 2692 851 2746 animo
871 2709 933 2746 meo
975 2699 1060 2764 atque
1070 2710 1179 2748 crucem
1189 2701 1217 2748 et
1227 2700 1346 2749 mortem
1356 2700 1457 2766 sponte
1465 2693 1701 2759 subiens,hostem
1711 2709 1777 2747 eum

166 2776 317 2834 incumbebat
330 2780 457 2835 discussa
471 2786 500 2834 et
519 2780 664 2851 dissipata,
681 2787 766 2852 atque
786 2782 935 2851 cujusnam
975 2782 1024 2852 qui
1035 2783 1095 2852 jam
1109 2783 1175 2837 inde
1187 2782 1222 2836 ab
1237 2783 1317 2837 initio
1330 2784 1428 2853 generi
1444 2789 1540 2836 nostro
1560 2781 1702 2836 invidebat
1713 2798 1777 2852 pro-

164 2866 277 2923 micausa
295 2874 458 2940 procreatus
473 2885 536 2922 sum
554 2869 672 2938 agnovi;
692 2868 816 2940 mihique
831 2869 934 2923 facien·
975 2871 1083 2936 atmvit,
1104 2887 1210 2941 nosque
1230 2871 1329 2926 acerba
1348 2871 1398 2925 illa
1420 2871 1581 2941 captivitate
1600 2870 1733 2925 liberatos
1747 2870 1778 2925 in

164 2953 274 3011 danesse
282 2963 315 3012 ut
323 2956 806 3028 permandatoramobservationem
815 2958 850 3011 ad
860 2974 936 3012 sum·
977 2959 1099 3030 priorem
1114 2959 1282 3023 libertatem,
1295 2977 1345 3031 pro
1352 2976 1478 3030 suaerga
1485 2976 1536 3014 nos
1548 2958 1682 3024 bonitate,
1695 2959 1778 3014 resti-

165 3056 219 3097 mum
231 3045 308 3100 illum
332 3063 427 3100 rerum
447 3045 573 3100 omnium
597 3046 755 3100 effectorem
774 3047 935 3103 ascendam.
946 3017 1041 3111 Ctuit,
1057 3064 1146 3118 eoque
1159 3064 1271 3102 rursum
1287 3049 1360 3103 unde
1373 3065 1424 3102 nos
1438 3047 1629 3102 inobedientia
1643 3046 1776 3101 exturba-

165 3128 312 3206 Quapropter
322 3135 427 3189 relictis
435 3134 564 3188 omnibus
572 3134 733 3200 rebus,eum
743 3141 935 3191 secutussum.
976 3141 1064 3201 verat,
1081 3136 1116 3189 ob
1131 3153 1347 3207 suamerganos
1358 3137 1574 3201 humanitatem,
1593 3135 1712 3199 reduxit,
1720 3151 1780 3189 ma

166 3216 301 3294 Gabiosque
316 3223 374 3278 Deo
388 3223 548 3295 pertesum
563 3224 706 3278 Christum
723 3225 874 3279 Dominum
889 3240 937 3278 no-
974 3225 1092 3296 joreque
1110 3227 1408 3296 quamanteahonore
1423 3231 1586 3296 prosecutus
1603 3231 1654 3279 est.
1685 3211 1687 3214 ’

167 3312 232 3364 amm
244 3328 305 3382 ago,
323 3311 398 3382 quod
413 3328 457 3364 me
472 3328 505 3365 ex
518 3312 578 3366 luto
592 3318 619 3366 et
639 3311 761 3366 lateritio
775 3310 881 3376 labore,
904 3329 936 3366 ac
1013 3314 1094 3368 Hunc
1102 3313 1189 3384 igitur
1199 3315 1246 3385 qui
1255 3320 1351 3368 nostra
1361 3313 1640 3369 causatotcruciatus
1650 3311 1776 3383 pertulit,

166 3398 245 3454 caduli
259 3406 289 3454 et
302 3399 435 3471 pestifero
449 3399 628 3454 tenebrarum
646 3400 730 3471 hujus
750 3401 843 3455 saeculi
858 3400 936 3471 prin·
977 3402 1119 3473 tantisque
1142 3420 1255 3458 rursum
1276 3420 1327 3457 nos
1343 3402 1484 3456 beneficiis
1505 3401 1606 3467 affecit,
1625 3387 1714 3466 hunc,
1733 3400 1778 3454 in·

167 3483 207 3556 tipo
217 3488 347 3555 liberarit,
364 3489 493 3559 viamque
504 3489 573 3542 mihi
588 3489 827 3560 compendiariam
836 3495 864 3543 et
874 3506 936 3561 pro·
977 3507 1072 3561 quam,
1086 3492 1145 3563 ipse
1159 3491 1261 3562 rejicis,
1276 3497 1360 3562 atque
1375 3492 1436 3562 ejus
1445 3506 1558 3545 crucem
1571 3489 1696 3543 dicteriis
1706 3489 1779 3543 inse·

165 3572 235 3631 clirem
254 3577 418 3644 ostenderit,
435 3594 486 3648 per
499 3594 584 3648 quam
607 3578 636 3631 in
657 3579 710 3632 hoc
724 3578 804 3632 anuli
819 3595 943 3650 corpore·
977 3579 1071 3646 cteris,
1087 3584 1219 3652 totusque
1234 3579 1524 3651 corporisdeliciis,ac
1537 3577 1699 3649 perniciosis
1713 3578 1779 3631 alle·

167 3666 293 3733 angelicam
308 3666 371 3720 vitre
385 3666 523 3721 rationem
544 3667 697 3738 amplexari
717 3667 831 3738 possim.
849 3668 936 3738 Cujus
977 3667 1067 3722 ctibus
1080 3667 1188 3734 affixus,
1205 3668 1391 3739 ignominiosa
1407 3684 1439 3721 ac
1452 3666 1637 3738 turpitudinis
1650 3666 1733 3738 plena
1743 3665 1780 3719 si-

167 3749 323 3822 tlipiscendae
338 3754 557 3821 studio,arctam
570 3754 644 3808 hanc
658 3760 688 3809 et
701 3760 849 3825 angustam
863 3756 937 3809 viam
978 3756 1105 3811 mulacra
1119 3758 1186 3813 deos
1198 3758 1333 3829 appellas.
1349 3758 1407 3811 Neo
1422 3755 1688 3828 teipsumduntaxat
1697 3771 1714 3807 a
1723 3770 1779 3807 coe-

167 3833 351 3908 aperiendam
373 3842 444 3896 mihi
462 3843 527 3897 duxi
553 3843 659 3909 (hareb.
676 3846 734 3912 vn),
754 3844 793 3898 sic
810 3844 939 3899 videlicet
978 3845 1091 3900 lestinm
1106 3834 1244 3900 bonorum
1267 3845 1465 3917 conjunctione
1488 3843 1661 3910 abstraxisti;
1683 3859 1780 3897 rerum

168 3927 234 3984 trimo
246 3931 425 3997 constitutus,
443 3937 474 3985 ut
486 3932 666 4002 prmsentium
677 3948 771 3987 rerum
785 3933 937 3987 vanitatem
979 3933 1065 3988 etiam
1080 3951 1186 4000 umnec,
1204 3934 1253 4005 qui
1264 3934 1321 3989 tuis
1335 3934 1461 4005 imperiis
1476 3933 1680 4004 obtemperant,
1694 3931 1729 3986 ab
1746 3948 1780 3986 ea

169 4018 389 4087 aqueinstabilem
397 4035 495 4073 earum
503 4020 685 4090 jactationem
694 4027 722 4074 et
729 4038 938 4077 conversionem
978 4038 1115 4082 removes,
1131 4029 1216 4094 atque
1229 4023 1259 4077 ia
1273 4024 1374 4078 animae
1390 4022 1545 4094 periculum
1567 4021 1690 4091 conjicis.
1707 4021 1780 4084 Quo-

168 4103 493 4179 rebementerimprobem,
506 4124 597 4179 neque
607 4109 707 4164 adduci
718 4110 823 4181 possim
837 4115 869 4165 ut
881 4127 938 4165 cre·
978 4111 1052 4165 circa
1065 4110 1148 4164 velim
1159 4127 1257 4165 noscas
1274 4128 1318 4165 me
1329 4110 1445 4164 minime
1459 4109 1676 4164 commissurum
1684 4114 1717 4163 ut
1726 4107 1779 4162 tibi

169 4186 455 4269 tmaliudquidquam
466 4203 567 4268 praeter
576 4197 606 4251 id
617 4198 691 4268 quod
702 4215 765 4252 rere
776 4199 881 4253 bonum
896 4205 939 4254 est
978 4216 1102 4270 paream,
1120 4199 1150 4253 in
1171 4200 1325 4269 eademque
1346 4204 1439 4252 tecum
1466 4214 1533 4267 erga
1554 4198 1645 4251 Deum
1663 4195 1779 4266 ingrati-

170 4271 248 4338 bouum
261 4285 460 4357 appellandum
476 4302 546 4340 esse.
563 4287 587 4339 A
609 4302 663 4357 quo
676 4292 718 4354 tu,
733 4304 750 4341 o
765 4305 822 4352 rex,
838 4288 940 4344 misere
979 4290 1078 4344 tudine
1094 4307 1201 4356 verser,
1226 4294 1310 4359 atque
1324 4303 1388 4341 eum
1404 4285 1452 4356 qui
1467 4285 1598 4356 praeclare
1613 4285 1647 4337 de
1662 4301 1707 4339 me
1719 4300 1779 4337 me-

169 4366 356 4446 bampistiac
366 4374 526 4445 sejunxisti.
539 4373 633 4445 anue
646 4375 680 4429 de
690 4391 835 4431 causarios
854 4377 939 4431 etiam
948 4370 1051 4433 Dritus
1066 4384 1118 4443 est,
1131 4377 1257 4448 mihique
1268 4377 1388 4430 salutem
1398 4374 1504 4437 attulit,
1521 4373 1658 4443 abjurem,
1670 4371 1780 4426 etiamsi

170 4461 341 4533 ttedisJuncti
354 4480 386 4517 ac
396 4462 522 4517 distracti
533 4464 781 4533 sumus,quoniam
792 4470 823 4520 tu
838 4466 939 4536 inper-
980 4466 1047 4521 teris
1065 4483 1110 4519 me
1125 4465 1304 4519 lacerandum
1319 4472 1349 4518 et
1368 4461 1572 4517 absumendum
1585 4459 1709 4530 objicias,
1731 4463 1781 4513 aut

168 4544 267 4613 pienum
275 4557 304 4606 et
314 4550 505 4606 indubitatum
517 4552 633 4606 exitium
642 4551 710 4616 ruia,
721 4570 810 4609 acnos
820 4555 849 4608 in
863 4555 938 4609 idem
978 4555 1081 4625 gladio,
1096 4560 1147 4609 aut
1155 4553 1216 4624 igni
1226 4570 1270 4607 me
1286 4552 1407 4616 addicas,
1426 4568 1487 4623 quae
1503 4549 1616 4621 quidem
1630 4549 1720 4603 intua
1734 4564 1781 4619 po·

169 4637 295 4700 asculum
305 4640 706 4713 praecipitesferricogisNam
713 4643 837 4712 quandiu
845 4643 939 4699 insola
979 4647 1082 4698 testate
1096 4643 1152 4697 sita
1161 4648 1240 4699 sunt.
1262 4643 1359 4712 Neque
1374 4640 1453 4695 enim
1469 4643 1590 4692 mortem
1605 4636 1779 4703 exstimesco,

167 4727 237 4781 nudi
256 4729 358 4783 militia
377 4728 570 4795 censebamur,
597 4730 704 4784 nubam
723 4731 806 4785 officii
829 4738 938 4803 partem
979 4748 1030 4787 nec
1037 4732 1186 4803 prasentia
1194 4735 1303 4802 expeto,
1313 4730 1416 4801 quippe
1425 4743 1486 4798 quae
1494 4742 1631 4797 perquam
1641 4724 1781 4780 imbecilla

168 4817 481 4875 aaarmiaebamushc
490 4824 521 4872 tu
536 4819 937 4890 quoqueoptimustestiseris,
981 4826 1009 4875 et
1020 4838 1092 4874 vana
1106 4815 1569 4891 essecompertumlmbeam.Quid
1583 4814 1658 4868 enim
1670 4813 1700 4868 iu
1712 4813 1781 4885 ipsis

168 4908 203 4954 ma
214 4919 258 4961 nee
271 4906 458 4978 negligentiae,
475 4922 527 4961 nec
541 4908 674 4962 socordia
687 4909 800 4964 nomine
813 4927 938 4983 unquam
982 4909 1113 4964 utilitatis
1124 4909 1184 4963 est?
1204 4907 1270 4980 quid
1290 4907 1363 4978 quod
1386 4904 1486 4960 stabile
1500 4903 1538 4958 sit
1552 4919 1584 4957 ac
1599 4903 1782 4957 diuturnum?

168 4999 211 5046 tae
226 5001 333 5050 notatos
347 5013 379 5050 ac
399 4997 592 5067 reprehensos.
982 5000 1079 5070 Neque
1093 4999 1121 5052 id
1132 5000 1232 5065 solum,
1246 4996 1451 5060 verumetiam,
1466 5000 1528 5049 tum
1539 5010 1650 5064 quoque
1660 5010 1723 5048 cum
1735 4993 1783 5051 ad-

193 5077 365 5156 Posteaquam
380 5090 475 5139 autem
488 5084 517 5138 id
528 5101 648 5155 quoque,
664 5087 738 5156 quod
753 5086 880 5142 omnium
894 5087 941 5142 bo·
982 5086 1238 5158 sunt,ingensipsis
1248 5103 1374 5141 aerumna
1384 5085 1534 5154 conjuncta
1544 5089 1594 5148 est,
1609 5082 1707 5153 ingens
1716 5100 1783 5137 111oe-

168 5175 242 5224 nomm
252 5179 334 5244 caput
343 5179 396 5240 est,
408 5173 461 5227 hoc
470 5178 513 5226 est
521 5173 664 5244 pietatem,
676 5174 756 5228 nobis
766 5182 940 5247 extorquere,
983 5193 1040 5243 ror,
1056 5176 1155 5247 ingens
1167 5182 1196 5230 et
1208 5181 1344 5246 perpetua
1354 5173 1526 5241 sollicitudo,
1534 5171 1673 5243 siquidem
1683 5189 1782 5226 eorum
1810 5184 1814 5191 ·

168 5246 249 5327 Dtique
272 5261 440 5317 detrimento
461 5262 545 5331 (quod
564 5261 798 5318 detrimentorum
817 5265 942 5319 omnium
983 5265 1118 5335 voluptati
1133 5282 1165 5319 ac
1180 5263 1352 5335 perceptioni
1361 5262 1432 5317 nihil
1442 5278 1498 5316 non
1513 5261 1782 5315 moestitimacdolo·

170 5348 667 5421 extremumuegravissimurnestmos
677 5351 788 5407 allicere
798 5353 940 5418 studuisti,
984 5353 1173 5407 risadnexum
1186 5358 1229 5406 est
1245 5371 1250 5405 :
1265 5353 1390 5423 ipsorum
1405 5351 1518 5417 divitias,
1536 5356 1687 5421 paupertas
1699 5353 1778 5411 sunt;

172 5429 280 5507 nobisque
287 5440 400 5494 interim
409 5439 529 5493 honores
544 5438 650 5494 obeam
660 5457 772 5496 causam
783 5443 811 5497 in
823 5460 875 5498 nos
885 5444 943 5499 col·
984 5441 1109 5514 ipsorum
1122 5441 1288 5510 sublimitas,
1305 5447 1430 5497 extrema
1442 5438 1571 5510 dejectio.
1585 5438 1720 5502 Quisnam
1733 5452 1782 5490 aa·

172 5510 226 5576 hies
239 5527 499 5601 atqueamplissima
508 5528 642 5585 beneficia
651 5530 682 5585 in
691 5532 856 5589 memoriam
867 5549 944 5589 revo-
984 5536 1043 5587 tem
1052 5547 1149 5587 eorum
1159 5532 1234 5587 mala
1244 5531 1435 5588 enumerando
1445 5526 1577 5600 consequi
1592 5525 1699 5598 possit?
1714 5525 1782 5590 Quae
