3818 6120
132 304 186 368 589
331 310 416 367 VITA
436 311 656 370 SANQTORUM
674 312 847 371 Banasam
866 309 1034 372 EBEMITAE
1054 308 1097 365 ET
1116 307 1300 366 JOSAPHAT
1316 311 1428 370 INDIAE
1446 315 1563 375 REGIS.

1719 323 1772 381 590

131 439 239 506 peccat,
257 450 313 491 non
336 439 394 490 tarn
414 436 500 492 aliurn
523 454 608 509 quarn
627 440 749 512 scipsum
765 442 864 507 laedat3
887 435 1769 521 sindquibusoffensusfuerisinjuriaememoremteprabcas;

130 529 228 579 autern
242 541 290 579 rex
305 525 366 597 ipse
376 532 481 597 peccet,
492 530 584 582 totum
599 546 717 601 regnum
736 531 932 586 labefactatae
972 520 1506 597 verumcumipsepeccatorumtuorum
1515 535 1624 593 veniam
1634 540 1769 610 postules,

129 611 302 669 detrimento
314 614 413 673 aflicit.
429 616 614 689 Quapropter,
628 624 659 673 ut
670 619 798 691 ingentes
809 622 931 676 rationes
972 615 1007 670 iis
1020 616 1105 670 etiam
1118 615 1166 685 qui
1176 615 1242 669 inte
1254 623 1370 686 peccant
1380 618 1502 690 ignosce.
1515 624 1684 682 Remissioni
1694 628 1770 685 enim

128 700 302 766 redditurus,
320 703 420 775 siquid
436 721 534 761 corum
549 724 610 777 quae
625 725 695 780 opus
709 709 766 764 sint
779 708 932 781 praetervni·
971 706 1099 760 remissio
1112 705 1295 775 rependitur;
1310 708 1371 761 etsi
1387 725 1451 763 eum
1466 713 1571 768 nostris
1586 717 1726 773 conservis
1741 717 1771 773 in

130 790 212 855 seris,
223 807 325 861 magno
338 791 431 846 studio
440 809 597 865 magnaque
608 813 676 850 cura
686 796 807 867 teipsum
819 797 846 851 in
858 796 930 853 bono
970 795 1092 865 gratiam
1109 794 1268 860 redeamus,
1290 796 1425 851 Dominus
1446 816 1558 873 quoque
1573 820 1654 860 suam
1675 806 1704 860 in
1719 823 1770 861 nos

129 878 251 945 custodi,
264 880 435 952 voluptatem
450 899 562 937 ornnem
577 883 612 937 ad
627 890 771 954 peccatum
786 890 812 939 tc
823 891 931 956 pertra·
971 883 1144 938 iracundiam
1158 884 1337 955 comprimet.
1357 887 1393 940 nt
1414 896 1510 943 eontra
1525 897 1622 948 nostra
1636 896 1769 951 adversus

131 967 247 1022 luentem
258 969 321 1023 odio
336 969 483 1026 insectare.
498 971 545 1026 Ait
559 973 635 1026 enim
649 974 816 1044 Apostolus:
830 974 930 1029 Pacem
972 989 1019 1028 eos
1034 973 1081 1044 qui
1096 972 1202 1043 aliquid
1216 972 1245 1026 in
1267 989 1318 1027 nos
1331 975 1508 1032 admiserunt
1523 982 1627 1036 saevitia
1640 983 1693 1039 hoc
1708 984 1770 1039 etli-

131 1057 280 1111 sectamini
300 1075 363 1113 curn
388 1059 527 1127 omnibus,
549 1067 577 1115 et
591 1062 854 1128 sanctificationem,
871 1064 931 1117 sinc
972 1062 1019 1127 cit,
1030 1068 1061 1115 ut
1072 1061 1191 1132 peccatis
1206 1062 1310 1116 nostris
1324 1062 1401 1118 nulla
1417 1066 1498 1120 venia
1507 1067 1650 1125 tribuatur
1661 1074 1768 1139 (Mattlr.
1815 1101 1819 1108 ·

130 1162 189 1218 qua
202 1162 286 1201 nemo
302 1147 405 1203 videbit
417 1149 508 1203 Deum
519 1151 593 1217 (Ηοε.
607 1153 663 1219 xxv).
678 1151 783 1206 Rerum
796 1152 932 1206 humana·
972 1154 1060 1218 xviri).
1069 1149 1311 1213 Quemadmodum
1325 1152 1405 1206 audis
1415 1154 1550 1224 quidnam
1561 1156 1601 1212 illi
1618 1160 1665 1230 qui
1675 1160 1771 1217 decem

129 1248 195 1289 rum
215 1235 350 1290 circulum
370 1236 570 1299 animadverte,
586 1255 641 1310 quo
659 1245 739 1311 pacto
761 1239 888 1295 videlicet
902 1241 931 1294 in
973 1240 1142 1293 talentorum
1165 1238 1253 1292 millia
1276 1237 1395 1294 debebat
1414 1242 1556 1310 acciderit,
1573 1261 1675 1318 nempe
1697 1250 1772 1319 quod

130 1321 229 1378 orbern
250 1325 388 1392 volvatur,
409 1327 478 1381 alias
496 1333 581 1398 atque
600 1328 669 1382 alias
691 1328 745 1382 alio
769 1334 854 1399 atque
876 1329 931 1383 alio
973 1327 1008 1382 ob
1029 1344 1108 1381 suam
1124 1327 1152 1380 in
1178 1344 1342 1382 conservum
1364 1330 1570 1401 crudelitatem,
1591 1336 1664 1390 tanti
1686 1336 1772 1392 debiti

129 1413 215 1468 modo
230 1430 278 1468 eas
292 1414 383 1469 serens
398 1432 429 1469 ac
440 1429 574 1488 torquens
587 1436 592 1482 ;
607 1417 732 1488 illudque
747 1418 838 1485 stude,
854 1418 930 1472 utin
974 1417 1146 1471 exactionem
1166 1416 1219 1470 sibi
1242 1416 1296 1487 ipsi
1310 1418 1461 1474 renovarit.
1483 1422 1575 1485 Quare
1601 1440 1771 1498 magnopere

128 1501 209 1556 varia
219 1519 316 1558 carum
327 1505 483 1560 mutatione
493 1506 571 1577 pium
582 1506 707 1561 animum
718 1512 880 1561 constanter
889 1524 931 1560 re·
971 1504 1051 1559 nobis
1066 1505 1269 1576 providendum
1283 1512 1337 1572 est,
1353 1523 1389 1561 ne
1413 1507 1466 1562 hoc
1480 1526 1591 1581 quoque
1613 1513 1693 1570 nobis
1720 1531 1773 1571 usu

127 1590 232 1646 tineas.
243 1593 388 1664 Siquidem
402 1611 459 1649 una
469 1612 534 1649 cum
549 1595 633 1650 rebus
643 1596 821 1661 commutari,
838 1596 930 1651 dubim
972 1594 1151 1658 veniatQuin
1166 1594 1258 1664 potius
1278 1594 1403 1649 debitum
1420 1614 1503 1652 omne
1519 1601 1708 1667 remittamus,
1732 1613 1773 1659 at

127 1684 216 1752 atque
225 1680 363 1738 instabilis
372 1684 473 1738 mentis
482 1691 678 1755 argumentum
690 1691 741 1740 est.
753 1687 795 1739 Tu
808 1702 873 1740 vero
888 1686 931 1740 sac
972 1700 1025 1754 que
1040 1699 1152 1737 ornnem
1162 1682 1232 1737 iram
1246 1689 1384 1754 epectorc
1397 1686 1551 1755 ejiciamus,
1565 1695 1597 1744 ut
1610 1690 1691 1746 nobis
1706 1709 1774 1764 quo-

129 1769 161 1824 in
176 1770 281 1826 virtute
296 1773 394 1827 firmus
405 1773 452 1840 sis,
465 1791 497 1829 ac
512 1792 625 1845 prorsus
636 1774 786 1829 stabilitus.
801 1774 843 1829 Ob
857 1758 961 1829 tem-B
971 1790 1025 1844 que
1041 1773 1130 1826 multa
1145 1777 1242 1826 nostra
1262 1772 1356 1827 debita
1376 1775 1566 1832 remittantur.
1583 1779 1690 1835 Praeter
1713 1782 1772 1837 haec

126 1859 273 1931 porariam
282 1866 309 1916 et
323 1862 455 1917 caducam
469 1863 587 1933 gloriam
601 1863 679 1918 inani
689 1869 800 1918 tumore
816 1864 930 1918 minime
972 1863 1076 1927 omnia,
1087 1877 1119 1915 ac
1134 1877 1190 1931 prro
1201 1861 1330 1915 omnibus
1340 1862 1424 1917 rebus
1438 1863 1544 1919 bonurn
1557 1867 1715 1940 depositum
1727 1887 1775 1926 cu·

127 1946 281 2015 insolesce,
304 1968 410 2015 verum,
435 1957 587 2023 repurgato
611 1953 714 2018 animo,
742 1958 849 2007 naturae
875 1959 931 2007 tuae
971 1950 1052 2015 stedi,
1068 1951 1121 2004 hoe
1135 1956 1177 2003 est
1192 1949 1267 2020 piam
1283 1951 1347 2005 fidei
1364 1952 1530 2018 doctrinam,
1548 1955 1578 2010 in
1594 1973 1651 2031 qua
1662 1957 1773 2015 institu-

129 2035 267 2093 vilitatem
276 2040 376 2111 cogita,
389 2047 507 2110 vitaeque
515 2041 599 2111 hujus
609 2040 773 2096 brevitatem
787 2048 872 2113 atque
884 2042 931 2095 ad·
971 2046 1017 2093 tus
1032 2046 1060 2093 et
1079 2039 1204 2093 eruditus
1219 2055 1248 2093 es
1265 2040 1303 2106 (ll
1315 2041 1568 2115 Tim.1).llludque
1581 2060 1657 2112 eave,
1673 2065 1709 2104 ne
1728 2049 1773 2103 ul·

125 2123 258 2205 junctam
274 2130 351 2184 carni
364 2136 484 2184 mortem
498 2131 598 2200 cogita.
611 2131 675 2184 Haec
689 2131 763 2185 enim
774 2131 797 2185 si
808 2131 932 2185 conside·
972 2129 1030 2184 lum
1052 2129 1165 2182 haeresis
1183 2128 1318 2182 zizanium
1336 2129 1365 2182 in
1379 2128 1456 2184 v'obis
1472 2139 1621 2190 enascatur
1641 2153 1648 2189 r
1675 2153 1772 2192 verum

128 2238 187 2288 res,
203 2219 232 2274 in
248 2218 407 2290 superbiam
420 2219 637 2290 haudquaquam
651 2219 765 2286 incides,
780 2219 829 2274 sed
842 2221 931 2275 Deum
973 2234 1075 2289 purum
1091 2234 1123 2271 ac
1137 2216 1193 2270 doli
1208 2233 1306 2289 expers
1321 2217 1447 2273 divinum
1462 2231 1558 2276 semen
1582 2240 1725 2294 conserva,
1741 2231 1773 2280 ut

130 2325 231 2365 verum
251 2325 282 2362 ac
302 2313 398 2375 38¹⁹
413 2309 555 2362 coelestem
576 2309 681 2379 Regem
696 2318 816 2376 metues,
837 2309 932 2380 sicque
972 2305 1089 2361 uberem
1105 2311 1188 2376 atquc
1203 2307 1325 2377 amplam
1346 2315 1471 2379 segetem
1494 2311 1613 2367 Domino
1627 2314 1769 2383 exhibeas,

131 2399 266 2472 praeclare
281 2414 313 2452 ac
326 2397 444 2452 feliciter
456 2404 550 2452 tecum
566 2403 674 2467 agetur.
691 2398 770 2454 Beati
787 2399 872 2462 enim,
888 2398 932 2454 in·
974 2413 1037 2451 curn
1051 2396 1084 2450 ad
1101 2395 1304 2466 exposcendam
1319 2413 1413 2451 rerum
1427 2397 1462 2451 ab
1487 2415 1657 2473 unoquoque
1672 2403 1702 2458 in
1717 2403 1772 2461 vita

131 2489 195 2561 quit
205 2488 368 2554 illc,omnes
383 2486 429 2558 qui
440 2488 541 2542 timent
555 2487 717 2554 Dominum,
729 2489 776 2559 qui
787 2488 934 2543 ambulant
973 2492 1117 2558 gestarum
1144 2485 1292 2550 rationem,
1320 2491 1594 2561 consentaneamque
1615 2492 1773 2550 actionibus

130 2577 162 2633 in
176 2576 230 2632 viis
253 2577 314 2647 ejus
328 2578 412 2647 (Prot.
427 2577 538 2646 cxxvii).
560 2578 599 2630 Ac
616 2594 728 2632 rursum
745 2595 751 2630 :
770 2577 873 2632 Beatus
892 2578 934 2630 vir
974 2575 1078 2630 nostris
1097 2574 1253 2628 mercedem
1267 2574 1443 2630 referendam
1461 2579 1564 2632 veniet.
1582 2579 1642 2644 Quo
1656 2583 1770 2653 quidem

132 2667 182 2738 qui
196 2666 280 2721 timet
302 2664 462 2733 Dominum,
483 2665 512 2720 in
527 2666 668 2721 mandatis
687 2667 748 2736 ejus
762 2666 836 2720 volet
851 2666 933 2721 nimis
973 2669 1101 2737 tempore
1113 2664 1183 2734 justi
1198 2662 1345 2734 fulgebunt
1360 2665 1433 2719 sicut
1446 2667 1497 2734 sol,
1514 2668 1665 2726 sceleratos
1678 2677 1774 2728 autern

132 2758 218 2827 (Paul.
231 2756 295 2822 cxi).
305 2754 439 2820 Quaenam
448 2760 607 2827 autcmprae
617 2756 724 2810 caeteris
733 2761 873 2827 praecepta
883 2755 933 2809 tibi
976 2755 1065 2825 caligo
1080 2770 1112 2808 ac
1123 2753 1294 2825 sempiterna
1303 2754 1458 2824 ignominia
1472 2755 1572 2812 obruet
1581 2760 1688 2828 (Mottlr.
1701 2760 1774 2834 ιιιιι).

132 2841 272 2901 servanda
285 2844 350 2910 sint,
367 2842 433 2899 audi
457 2862 462 2897 ε
483 2845 562 2898 Beati
578 2844 785 2911 misericordes,
803 2845 936 2916 quoniam
976 2847 1015 2899 Ac
1030 2861 1115 2913 nuuc,
1133 2860 1149 2898 ο
1171 2843 1282 2908 tratres,
1304 2844 1362 2898 Deo
1382 2860 1430 2898 ves
1452 2847 1628 2918 commendo,
1643 2854 1672 2905 ct
1690 2850 1775 2908 verbo

132 2934 185 3007 ipsi
200 2933 423 2988 misericordiam
435 2939 642 3005 consequentur
652 2935 741 2997 (Luca
755 2937 803 3004 vr).
818 2936 857 2988 Ac
872 2951 935 2988 rur·
975 2933 1073 3004 gratiae
1086 2930 1182 3002 ipsius,
1197 2931 1245 3003 qui
1254 2936 1353 3002 potens
1368 2938 1411 2987 est
1424 2936 1658 3005 superaedificare,
1668 2944 1697 2993 et
1708 2939 1775 2995 dare

133 3040 197 3081 surn
210 3041 217 3075 :
231 3012 937 3087 Estoternisericordes,sicutetPatervestercoeles·
976 3020 1054 3075 vobis
1063 3019 1258 3074 hereditatem
1269 3020 1298 3074 in
1308 3020 1487 3076 sanctificatis
1499 3023 1702 3095 omnibnstlct.
1718 3035 1774 3096 xx).

131 3111 535 3168 tismisericorsest.Hocenim
544 3118 714 3184 praeceptum
727 3111 762 3166 ab
774 3112 809 3166 iis
824 3113 965 3183 potissi-c
1012 3111 1077 3164 Hac
1091 3124 1154 3163 cum
1169 3107 1295 3175 dixisset,
1313 3108 1409 3179 positis
1420 3110 1537 3181 genibus
1557 3112 1625 3180 suis,
1642 3115 1775 3185 quemad·

132 3199 700 3273 mumexposciturquiinsummoirnperio
707 3200 850 3256 constituti
857 3207 933 3256 sunt.
977 3200 1092 3254 modurn
1108 3198 1243 3269 seriptum
1259 3203 1309 3262 est,
1323 3214 1387 3252 cum
1401 3198 1531 3272 lacrymis
1545 3217 1658 3257 rursum
1674 3205 1772 3271 oravit,

166 3293 208 3347 Ac
221 3307 289 3346 sane
306 3290 354 3362 qui
374 3305 507 3360 magnam
521 3291 677 3362 potentiam
691 3297 790 3345 nactus
804 3296 856 3355 est,
870 3308 934 3345 curn
976 3293 1060 3360 atque
1072 3303 1220 3343 conversus
1236 3286 1410 3355 Barachiam,
1432 3305 1514 3360 quem
1527 3305 1624 3360 regern
1642 3291 1773 3364 designa·

134 3398 214 3455 aquo
227 3379 390 3451 hujusmodi
402 3379 556 3450 potentiam
572 3378 678 3450 accepit
692 3396 742 3450 pro
757 3378 861 3433 viribus
874 3379 935 3433 imi·
976 3382 1029 3437 rat.
1055 3391 1207 3447 omnesque
1233 3392 1281 3429 eos
1304 3375 1352 3448 qui
1383 3377 1550 3448 magistratu
1573 3379 1772 3453 iungebantur,

134 3470 188 3526 tari
203 3469 297 3524 debet.
310 3468 375 3522 Hac
390 3484 473 3539 porro
486 3467 514 3521 in
528 3484 558 3521 re
573 3468 662 3523 Deum
679 3469 799 3522 maxime
815 3467 935 3522 imitabi-

135 3556 933 3629 tur,simisericordianihilpotiusantiquiusquchabeat.

136 3648 196 3705 llnc
210 3646 401 3719 acceditquod
416 3645 544 3700 subditos
558 3647 630 3701 nihil
643 3647 763 3717 aequead
773 3646 936 3702 benevolen-

136 3738 204 3793 tiam
218 3737 317 3803 allicit,
333 3741 366 3791 ut
378 3735 506 3790 beneficii
519 3736 611 3807 gratia
630 3735 777 3807 egentibus
791 3752 933 3791 concessa.

136 3827 210 3883 Nam
226 3825 391 3897 obsequium
407 3824 477 3879 illud
492 3825 567 3896 quod
586 3842 619 3879 ex
634 3832 710 3879 metu
724 3825 824 3890 oritur,
839 3825 935 3879 adnm-

976 3466 1151 3521 cxosculatus
1165 3471 1216 3519 cst.
1232 3466 1304 3519 Turn
1320 3481 1383 3520 vero
1397 3483 1442 3521 res
1455 3466 1587 3539 lacrymis
1602 3485 1669 3525 sane
1688 3470 1775 3544 digna

977 3556 1102 3626 contigit.
1119 3555 1223 3610 Omnes
1239 3555 1313 3609 enirn
1329 3556 1420 3627 ipsum
1431 3556 1645 3615 circumstantes
1656 3561 1722 3629 (non
1733 3578 1774 3618 se·

976 3661 1025 3700 cus
1041 3661 1072 3699 ac
1086 3644 1109 3698 si
1124 3644 1177 3698 hoc
1200 3643 1337 3698 duntaxat
1360 3644 1493 3713 viverent,
1510 3648 1663 3718 quodcum
1680 3667 1713 3707 eo
1734 3668 1775 3707 es·

976 3730 1775 3804 sent‚acsimulatqucabeodisjnngerentur,vitamamis-

976 3825 1035 3879 suri
1050 3827 1152 3891 essent)
1161 3821 1225 3893 quid
1236 3837 1291 3874 non
1302 3821 1432 3876 dicebant
1445 3824 1519 3894 quod
1534 3826 1569 3879 ad
1583 3823 1713 3885 ciendam
1723 3829 1773 3884 mi·

136 3914 219 3972 brata
228 3921 272 3970 est
281 3914 415 3981 adulatio,
424 3930 475 3986 per
482 3914 578 3968 lictum
588 3914 703 3969 honoris
717 3913 880 3969 vocabulum
890 3931 937 3968 eos
978 3913 1160 3968 sericordiam
1177 3910 1350 3982 pertineret?
1364 3915 1413 3965 aut
1428 3911 1496 3983 quid
1509 3913 1706 3987 relinquebant
1718 3933 1773 3991 que

138 4005 185 4078 qui
194 4003 323 4060 animum
333 4003 386 4075 ipsi
397 4002 545 4074 adjiciunt,
560 4002 707 4058 ludificans
717 4019 749 4058 ac
761 4003 936 4057 circumseri·
978 4018 1075 4057 eorum
1090 4000 1285 4072 luctusaugeri
1304 4000 1518 4072 possetlipsum
1537 4005 1773 4063 exosculabantur

137 4090 216 4149 bens.
228 4094 320 4164 Atque
332 4093 356 4147 is
371 4092 419 4164 qui
432 4091 519 4147 invito
535 4093 628 4147 animo
643 4099 731 4159 paret,
749 4091 843 4147 oblata
855 4109 935 4147 occa·
978 4096 1006 4145 et
1020 4090 1285 4161 complectebantur,
1301 4090 1459 4161 mentisque
1473 4090 1593 4163 impotes
1605 4110 1663 4164 prce
1677 4095 1773 4153 dolore

137 4182 215 4238 sione
239 4180 405 4235 seditionem
421 4182 523 4235 excitat
539 4200 545 4249 ;
562 4181 610 4253 qui
627 4186 721 4236 autem
736 4180 935 4236 benevolentiae
977 4184 1066 4233 erant.
1085 4179 1130 4233 Vae
1144 4178 1233 4245 nobis,
1250 4177 1417 4244 clamabant,
1431 4196 1515 4251 quam
1525 4181 1604 4251 gravi
1615 4184 1775 4241 calamitate

136 4269 255 4326 vinculis
274 4271 441 4326 constrictus
459 4276 580 4336 tenetur,
599 4273 711 4326 sirmam
732 4272 757 4326 ei
778 4272 826 4343 qui
839 4289 934 4327 rerum
977 4267 1172 4340 opprimimur!
1182 4265 1333 4321 Dominum
1342 4268 1774 4343 eumappellabantpatremsa·

137 4360 245 4431 petitur
258 4359 448 4415 obedientiam
462 4366 584 4433 prestat.
603 4362 670 4427 Quae
682 4378 745 4416 curn
760 4361 801 4416 ita
814 4362 881 4428 sint,
899 4363 936 4416 da
976 4358 1042 4413 lutis
1057 4363 1209 4421 auctorem,
1218 4354 1288 4408 bene
1298 4355 1333 4408 de
1347 4372 1377 4409 se
1387 4357 1529 4412 meritum.
1543 4359 1598 4413 Per
1612 4365 1650 4428 te,
1667 4360 1775 4433 inquie-

138 4462 252 4521 operam
262 4454 295 4502 ut
307 4449 454 4521 egentibus
464 4450 552 4505 facilis
567 4451 602 4504 ad
614 4456 642 4505 te
653 4465 780 4505 accessus
789 4451 834 4518 sit,
845 4447 1055 4539 iisqueDbant,
1077 4445 1127 4500 Dei
1147 4443 1335 4515 cognitionem
1355 4445 1522 4517 accepimus,
1543 4464 1638 4504 errore
1661 4448 1773 4506 liberati

138 4537 183 4610 qui
196 4536 294 4611 inopia
315 4538 521 4606 conflictantur,
542 4556 625 4594 aures
644 4546 699 4594 ture
714 4543 838 4611 pateant,
855 4544 887 4592 ut
903 4543 934 4593 tu
978 4553 1084 4602 sumus,
1099 4534 1134 4589 ab
1147 4533 1277 4589 omnibus
1290 4533 1372 4588 malis
1391 4534 1611 4606 conquievimus.
1627 4538 1701 4603 Quid
1712 4540 1773 4610 jam

138 4642 250 4699 quoque
265 4632 377 4699 apertas
385 4628 436 4683 Dei
445 4645 528 4684 aures
536 4629 673 4684 invenias.
688 4629 761 4683 Nam
772 4629 869 4700 quales
884 4643 935 4682 nos
978 4624 1057 4681 nobis
1070 4630 1133 4696 post
1146 4623 1301 4678 discessum
1320 4628 1401 4678 tuum
1415 4624 1541 4679 futurum
1554 4631 1597 4680 est
1610 4626 1623 4680 l
1637 4627 1775 4693 Quaenam

137 4713 211 4788 ipsos
224 4716 366 4771 conservis
380 4717 591 4790 praebuerimus,
607 4719 693 4772 talem
704 4719 791 4772 etiam
804 4734 873 4788 erga
885 4733 935 4772 nos
977 4715 1052 4770 mala
1066 4731 1116 4769 nos
1131 4712 1285 4785 arripient?
1300 4713 1366 4767 Haec
1379 4728 1443 4766 cum
1458 4711 1590 4781 dicerent,
1606 4723 1722 4787 pectora
1732 4716 1773 4773 se·

138 4802 290 4861 Dominum
302 4807 504 4875 nanciscemur,
519 4813 547 4863 et
561 4807 796 4879 quemadmodum
811 4806 936 4862 audieri-

138 4910 210 4964 mus,
227 4895 386 4964 audiemur,
396 4902 424 4951 et
438 4897 674 4969 quemadmodum
688 4897 850 4962 viderimus,
865 4913 882 4950 a
895 4894 936 4951 di·

136 4982 200 5040 vino
211 4989 241 5039 et
249 4985 377 5039 omniurn
388 5002 482 5041 rerum
491 4991 671 5057 eonspectore
680 4986 759 5040 oculo
769 4985 934 5040 videbimur.

139 5071 327 5138 Quamobrem
337 5081 403 5130 ante
411 5075 633 5131 misericordiam
644 5075 865 5130 misericordiam
874 5092 937 5130 con·

137 5160 270 5230 seramus,
288 5168 320 5217 ut
330 5163 423 5218 simile
437 5180 488 5236 per
500 5163 591 5218 simile
605 5164 783 5235 recipiamus.

171 5250 349 5316 Quinetiam
368 5252 443 5308 aliud
458 5269 569 5326 queque
588 5259 757 5325 praeceptum
774 5269 838 5307 cum
854 5268 937 5325 supe-

137 5338 212 5395 riore
227 5340 282 5396 isto
297 5343 488 5413 conjunctum,
503 5343 613 5414 ipsique
623 5348 773 5415 cognatum
790 5342 856 5396 audi
872 5360 877 5394 :
894 5342 939 5396 Di-

976 4804 1096 4871 riebant,
1112 4819 1230 4873 eamque
1245 4817 1306 4873 quae
1321 4817 1368 4856 eos
1377 4799 1517 4857 invaserat
1527 4803 1716 4862 calamitatem
1728 4807 1775 4864 de·

976 4893 1133 4966 plorabant.
1150 4894 1186 4946 At
1208 4892 1255 4945 ille
1274 4890 1460 4945 consolatoria
1483 4891 1609 4948 oratione
1629 4895 1773 4968 ingentem

978 4999 1075 5039 eorum
1086 4982 1222 5053 ejulatum
1238 4979 1436 5050 comprimens,
1453 4979 1521 5035 illud
1536 4981 1729 5055 pollicebatur,
1744 5005 1774 5044 se

977 5073 1123 5145 (quoniam
1132 5086 1247 5142 corpore
1258 5070 1387 5138 jamnon
1403 5074 1522 5139 poteratl
1533 5071 1633 5143 spiritu
1642 5090 1705 5130 cnm
1721 5075 1777 5132 illis

908 5196 909 5199 =
978 5162 1047 5217 sore.
1064 5161 1122 5216 Hoc
1146 5174 1275 5215 sermone
1289 5156 1394 5223 habito,
1413 5159 1603 5229 spectantibus
1617 5164 1776 5221 omnibuse

978 5251 1083 5324 palatio
1099 5249 1225 5315 excedit3
1240 5246 1383 5301 aestatim
1398 5262 1494 5303 omnes
1516 5249 1664 5322 desperato
1683 5254 1776 5309 reditu

980 5358 1044 5397 cum
1058 5338 1256 5411 sequebantur,
1269 5341 1353 5407 atque
1367 5353 1400 5391 ex
1410 5336 1489 5404 urbe,
1502 5344 1534 5393 ut
1547 5356 1632 5410 qnam
1642 5343 1703 5412 jam
1714 5358 1778 5397 con-

138 5429 253 5492 mittite,
264 5435 291 5484 et
306 5431 466 5487 dimittetur
477 5431 564 5486 vobis.
577 5433 657 5498 Quod
670 5433 692 5487 si
708 5449 764 5487 non
775 5431 940 5486 remiseritis
981 5430 1087 5502 spicere
1102 5428 1218 5482 minime
1233 5430 1356 5498 possent,
1372 5427 1579 5499 profugiebant.
1591 5430 1776 5500 Posteaquam

138 5515 301 5574 bominibus
315 5520 416 5576 delicta
430 5521 564 5594 ipsorum,
586 5539 637 5578 nec
656 5523 740 5577 Pater
755 5527 847 5577 vester
862 5522 941 5576 coele-
982 5525 1077 5575 autem
1088 5517 1226 5573 erciritatc
1235 5515 1343 5587 egressi
1353 5516 1474 5581 sunt,vix
1483 5517 1597 5572 tandem
1608 5522 1693 5588 atque
1705 5533 1778 5588 agre

138 5605 189 5661 stis
204 5614 321 5679 peccata
334 5617 427 5666 vestra
438 5611 515 5667 vobis
530 5610 664 5668 remittet.
675 5611 717 5667 Ob
727 5609 812 5687 idque
821 5627 857 5666 ne
874 5610 908 5666 iis
924 5627 941 5665 a
983 5608 1077 5666 acrius
1091 5625 1138 5663 cos
1153 5607 1213 5679 ipso
1227 5607 1407 5675 admonente,
1415 5610 1500 5677 atque
1512 5604 1597 5664 etiam
1608 5604 1779 5677 asperiorem
