3832 6120
184 314 218 373 a
707 314 1293 378 ramnunsnusauuranmn.
1777 285 1818 386 er

186 442 621 521 Synodismauusuadescripsit3
630 442 754 517 aliosque
768 442 806 505 ibi
817 443 923 514 positus
934 444 1122 513 un-..tdeindc
1138 464 1188 517 per
1211 447 1337 511 Ciliciam
1350 449 1380 511 iu
1395 449 1506 531 Syriam
1520 451 1707 519 descendisse,
1724 461 1756 521 5
1770 455 1818 510 ubi

185 532 982 605 tiquosCodices,neusopeyearuicorumaiqueinieralios
1022 535 1149 589 consedit
1176 537 1204 591 in
1224 537 1374 602 solitudine
1402 540 1557 603 monachus
1587 542 1674 615 iiiior.
1689 544 1817 614 epistt).

186 623 331 687 Florentii,
349 621 546 685 describendos
558 622 665 683 curavit
678 624 775 691 illies„
790 626 867 691 episi,
878 621 929 678 bct
944 620 980 691 li.
1023 624 1089 677 Hac
1101 626 1188 679 totius
1203 627 1266 697 eiu}
1277 634 1320 685 est
1334 628 1570 709 peregrinationis
1598 632 1738 703 periodus,
1762 651 1821 689 una

186 711 981 780 ProfecticSysicccpcstramosos-bisprocincioslustratos
1023 729 1086 767 eum
1099 715 1243 770 fidissimis
1257 716 1416 783 comitibus
1426 719 1543 789 Evagrio
1553 720 1715 792 presbytero
1723 723 1821 777 Antio·

220 803 302 855 rinno
315 800 419 854 Curasti
433 797 495 854 370.
510 802 621 864 liorem,
631 800 748 854 adanu.
758 797 819 855 372.
828 800 982 871 -Contigit
1021 803 1163 873 cheno(b),
1173 806 1344 871 Innocentio,
1354 807 1514 874 Heliodoro,
1526 813 1563 875 et,
1575 814 1607 863 ut
1616 809 1664 876 ait,
1676 826 1739 865 curu
1747 812 1820 883 Hyla

186 895 280 945 autem
294 894 358 959 pest
373 890 432 943 brec
449 889 542 959 utqui
557 889 643 942 semel
659 889 833 959 peregrinari
849 894 981 960 cuperet,
1023 893 1113 946 sancti
1128 893 1241 947 Melanii
1259 894 1372 948 famulo.
1433 933 1435 937 .

185 978 323 1050 proticisci
338 994 449 1048 quoque
464 978 493 1031 in
508 978 651 1032 Orientem
659 978 686 1030 in
694 977 817 1031 animum
830 978 980 1044 induxerim
1060 980 1129 1033 Cum
1143 981 1230 1050 igitur
1244 982 1416 1053 reperiamus
1429 983 1580 1054 Evagrium
1590 984 1766 1041 individuum
1777 1003 1821 1042 co·

186 1068 214 1121 id
230 1067 345 1138 quidem
371 1083 435 1131 curu
450 1067 626 1132 cruditionis,
647 1072 708 1132 tum
731 1067 817 1131 etium
841 1067 983 1137 religionis
1023 1070 1121 1133 mitem
1135 1069 1221 1135 inisse
1235 1072 1325 1135 munti
1339 1073 1513 1145 Hieronymi,
1525 1089 1604 1149 seque
1613 1075 1701 1137 etism
1709 1091 1774 1135 eum
1787 1092 1820 1130 co

186 1172 272 1211 causa
287 1174 293 1223 ;
314 1155 533 1231 utericisque
550 1155 639 1227 gessit
648 1155 786 1229 inspicere
800 1155 874 1221 licet.
892 1156 981 1219 Porro
1024 1158 1229 1233 Hieronymum
1243 1161 1455 1244 peregrinatum
1466 1178 1500 1227 ex
1513 1162 1664 1229 Occidente
1676 1164 1706 1231 in
1714 1164 1822 1235 Cappa·

187 1243 419 1317 peregrinationis
429 1245 556 1314 eiusquae
566 1244 982 1314 remanentvestlglaasscctan·
1024 1247 1145 1309 dociam,
1176 1265 1227 1318 par
1251 1256 1295 1303 est
1312 1251 1437 1314 credere,
1467 1268 1531 1304 curn
1551 1252 1585 1304 de
1604 1269 1634 1306 se
1649 1253 1817 1325 tradatipse

187 1340 240 1402 tes,
255 1333 373 1388 dicimus
388 1350 528 1388 eumcum
548 1333 657 1387 Bonoso
672 1334 773 1399 comite
793 1350 808 1391 e
824 1333 922 1395 Galliis
941 1350 984 1389 re·
1024 1337 1282 1409 Hieronymuscym
1293 1356 1325 1397 uo
1333 1339 1553 1409 proiectumesse
1561 1341 1590 1395 in
1598 1342 1817 1414 Cappadociam.

186 1427 351 1481 vertentem.
363 1422 521 1493 Aquileiam
529 1422 687 1492 pervenisse
703 1422 753 1492 (a),
769 1423 984 1496 consedisseque
1024 1426 1090 1481 Haec
1104 1426 1191 1497 igitur
1206 1432 1239 1482 ut
1259 1443 1427 1491 asseramus,
1446 1429 1544 1483 eadem
1565 1436 1640 1483 certe
1655 1431 1821 1502 Hieronymi

187 1510 225 1566 ibi
240 1511 334 1580 aliquo
349 1511 483 1581 temporis
497 1511 597 1581 spatio,
611 1510 749 1564 fruiturus
762 1511 902 1565 consortio
921 1528 984 1565 san·
1024 1520 1108 1586 atque
1119 1516 1228 1586 Evagrii
1237 1517 1265 1570 in
1277 1518 1483 1588 Cappadociam
1498 1519 1687 1590 peregrinatio
1702 1536 1820 1590 persua-

187 1599 374 1666 ctissimerum
389 1599 984 1671 virorum,nimirumsanctiValeriaui,ejus
1024 1604 1081 1663 det.
1092 1605 1228 1674 liuncque
1241 1606 1334 1676 ipsum
1349 1607 1509 1677 Evagrium,
1524 1608 1559 1660 de
1570 1624 1625 1678 quo
1637 1613 1751 1662 sanctus
1763 1610 1818 1662 Bn-

187 1688 306 1743 civitatis
325 1694 389 1758 pout
413 1688 647 1742 Fortunatianum
667 1689 800 1760 episcopi,
825 1688 981 1755 Heliodori,
1024 1692 1104 1746 silius
1119 1694 1249 1748 meminit
1261 1698 1367 1761 illusit,
1382 1700 1457 1764 epist.
1473 1696 1509 1764 Si,
1524 1697 1655 1751 eumdem
1682 1715 1743 1752 esse
1756 1715 1821 1752 curn

187 1776 347 1850 Nepotiani,
363 1776 479 1837 numni.
493 1777 660 1846 Cbromntii,
674 1776 775 1844 lovini,
791 1777 912 1844 Eusebii,
928 1759 1152 1853 Ho-BEvagriu,
1162 1783 1321 1854 Hieronymi
1336 1784 1410 1839 socio
1422 1785 1819 1856 atquecornite,cumnomen,

186 1865 258 1931 nusi,
275 1865 418 1930 Florentii,
436 1865 536 1926 Nicea)
549 1864 722 1932 subdiaconi,
739 1865 913 1937 Chrysogoni
925 1883 983 1921 mo·
1024 1875 1085 1924 turn
1101 1888 1203 1927 munus
1217 1872 1393 1943 presbyterii,
1408 1880 1470 1927 turn
1485 1875 1585 1944 patria,
1608 1889 1709 1946 nempe
1723 1875 1821 1929 Antio-

187 1954 290 2008 nacbi:
305 1954 340 2007 ad
355 1971 424 2024 quos
434 1954 654 2020 ornnes,intimae
666 1954 978 2017 necessitudinistestcs,
1024 1960 1095 2025 ciria,
1107 1976 1159 2014 nee
1173 1977 1229 2015 non
1245 1963 1321 2015 locus
1336 1963 1404 2032 ipsc,
1421 1963 1495 2016 unde
1519 1963 1603 2024 venit,
1629 1964 1763 2018 nimirum
1787 1981 1821 2019 ex

187 2042 314 2113 ejusdem
330 2042 493 2113 Hieronymi
500 2041 601 2097 litterae
613 2048 727 2097 exstant
744 2044 840 2112 tilica,
853 2047 921 2113 epist
934 2042 980 2111 tl,
1025 2049 1114 2113 ltalia,
1132 2067 1210 2120 aeque
1223 2050 1427 2117 demonstrant,
1439 2051 1625 2122 eumdemque
1633 2052 1822 2122 Evagriumii·

187 2129 232 2201 di,
248 2129 293 2199 43,
304 2131 362 2201 ll).
1023 2138 1083 2196 lum
1096 2155 1166 2205 esse,
1180 2138 1228 2210 qui
1236 2141 1380 2210 egregiam
1387 2146 1538 2195 cavaverat
1546 2157 1660 2211 operam
1670 2141 1821 2196 Mediolani

223 2222 331 2274 Horum
348 2219 434 2289 igitur
447 2219 615 2274 suavissima
637 2221 840 2276 consuetudine
855 2222 984 2291 aliquan·
1025 2228 1158 2281 adversus
1172 2229 1353 2294 Auxentium,
1370 2230 1404 2283 de
1420 2230 1624 2301 quamdudum
1634 2231 1820 2284 excomitibus

187 2310 276 2379 tisper
289 2309 421 2371 detentus
438 2315 482 2373 esi
494 2315 608 2373 cencius
627 2309 815 2381 Hieronymus
827 2311 983 2389 Aquileiay
1025 2315 1229 2380 Innocentium,
1250 2322 1317 2379 ente
1331 2309 1519 2401 Hieronymus
1534 2316 1694 2397 scripserat,
1703 2334 1754 2372 nos
1769 2334 1821 2373 suo

188 2415 250 2453 curn
271 2398 336 2452 inde
351 2397 493 2452 discedere
507 2397 625 2467 cogitur,
642 2398 736 2452 nescio
757 2416 812 2469 quo
834 2398 984 2470 improviso
1025 2403 1085 2458 ioco
1101 2405 1249 2459 retulimus
1267 2407 1342 2470 (Hier
1357 2411 1448 2476 ,epist
1466 2406 1518 2469 iiii.

187 2504 284 2542 rerum
299 2492 410 2551 eventu,
427 2491 458 2540 ut
473 2487 542 2556 ipse,
556 2503 588 2540 ex
603 2503 697 2541 eremo
710 2488 745 2540 ad
760 2487 904 2542 Bullinum
919 2488 986 2542 seri-
1062 2494 1179 2557 Quando
1209 2501 1304 2548 autem
1325 2495 1459 2549 acciderit
1480 2496 1629 2566 Evagrium
1644 2496 1820 2550 adsanctum

187 2575 266 2641 bens,
289 2581 409 2630 testatur
425 2575 517 2629 verbis
534 2576 608 2629 illis:
629 2594 641 2626 «
663 2577 814 2647 Postquam
836 2594 880 2631 me
900 2594 918 2630 a
936 2582 985 2630 tuo
1026 2582 1201 2637 Basiliumin
1217 2584 1421 2654 Cappadociam
1434 2585 1601 2655 pervenisse,
1618 2603 1650 2639 cx
1662 2586 1760 2639 eadem
1770 2586 1822 2639 Be-

188 2667 276 2720 iatere
282 2664 392 2718 subitus
401 2663 484 2717 turbe
494 2664 638 2730 convulsit,
650 2670 798 2735 postquam
806 2665 988 2736 glutinoclras
1026 2671 1081 2735 silli
1094 2672 1368 2743 epistolapessumus
1379 2673 1548 2744 intelligere,
1558 2674 1823 2745 qua,antequamdc

189 2754 280 2807 ritatis
295 2753 447 2806 haerentem
457 2753 543 2822 impia
553 2752 983 2823 distraxitavulsioiiir‘cr.,episi.
1027 2760 1238 2830 Evagriofociat
1254 2761 1436 2826 creationem,
1453 2761 1488 2815 de
1499 2763 1656 2816 vehementi
1666 2761 1773 2827 morbo,
1790 2763 1820 2817 in

189 2842 219 2898 li
231 2866 244 2906 ⁸,
263 2861 275 2891 s
296 2848 360 2907 etc,
381 2848 448 2895 tunc
464 2841 594 2911 Aquileia
603 2842 745 2908 recedens
761 2842 790 2896 in
804 2842 982 2908 Dalmatiam,
1027 2866 1111 2927 quem
1123 2856 1190 2904 tunc
1203 2850 1428 2921 inciderim-agit,
1444 2868 1507 2905 cum
1523 2851 1576 2909 ait:
1588 2851 1822 2929 «Quinquaginta

188 2930 310 3003 patrium
321 2930 554 2994 solumveniens,
565 2947 689 2984 sororem
696 2931 884 3006 juvenculam,
896 2932 986 2986 statls
1026 2937 1070 2992 his
1085 2938 1186 2993 diebus
1196 2955 1272 3009 aeger
1285 2939 1414 3007 decubui,
1425 2939 1527 3011 quibus
1541 2939 1611 2993 mihi
1622 2939 1718 3004 scdulo
1732 2939 1825 3003 adfuit

189 3028 297 3083 lubrico
313 3029 431 3098 lapsam,
446 3027 567 3098 primum
585 3029 644 3082 viro
659 3029 780 3084 maxime
800 3030 846 3100 pio
864 3029 984 3097 iuliano,
1028 3026 1147 3081 dilectus
1164 3035 1192 3082 et
1207 3029 1334 3082 omniurn
1349 3028 1570 3085 studiosissimus
1581 3028 1668 3093 irater
1682 3034 1778 3094 noster
1794 3034 1823 3083 et

189 3118 237 3191 qul
252 3134 314 3172 earn
320 3116 355 3171 ad
362 3116 506 3171 meliorem
518 3117 628 3187 itugem
643 3118 775 3184 restituit,
789 3117 890 3174 deinde
898 3094 1014 3174 etiam⁰
1025 3116 1328 3189 cooperatorElpldius.
1337 3118 1457 3179 Multum
1465 3117 1621 3173 enimfebre
1629 3121 1823 3190 consumptus,

188 3223 239 3278 per
252 3207 360 3261 litteras
374 3206 535 3261 chromatio
545 3207 749 3261 commendavit
761 3208 850 3279 (Hier.
864 3206 984 3277 epictii
1026 3205 1143 3276 penuria
1153 3205 1303 3261 nutrientis
1317 3207 1450 3271 materia,
1462 3205 1542 3269 arida
1555 3206 1710 3273 baccarne,
1719 3205 1820 3271 reulus

189 3301 213 3351 et
229 3295 288 3363 43).
1026 3311 1175 3349 comarum
1191 3312 1307 3368 papyro,
1321 3294 1519 3362 circumdatus,
1541 3295 1667 3349 marcida
1680 3295 1825 3365 longaque

225 3385 342 3450 Quando
361 3389 455 3438 autem
475 3384 626 3461 contigerit
638 3390 670 3439 ut
685 3385 745 3461 ipse
764 3386 804 3439 sic
824 3387 985 3440 monasticae
1026 3384 1195 3455 egritudine
1207 3384 1344 3439 laboravi:
1355 3383 1826 3454 antiquumvulnuslruicaecedens

188 3474 251 3529 vitae
261 3473 413 3545 arripuerit
425 3473 596 3537 institutum,
613 3472 741 3543 diligenti
756 3490 850 3528 rerum
871 3490 904 3527 ac
915 3481 986 3527 tem·
1026 3472 1121 3525 scibis
1131 3490 1176 3527 nre
1187 3473 1332 3539 abstraxit,
1343 3473 1566 3527 oculissornnunr
1581 3473 1696 3538 ademit,
1707 3471 1824 3526 taudem

189 3580 290 3636 porum
313 3561 487 3616 discussione
503 3561 750 3635 pervestigendum
766 3568 818 3625 cst.
834 3564 984 3626 Caeterum,
1026 3561 1150 3625 mortiet
1164 3562 1225 3625 vita
1239 3564 1377 3621 contineor
1403 3578 1449 3625 me
1468 3562 1568 3627 ellecrt,
1592 3567 1704 3616 tantum
1730 3561 1825 3615 vivere

189 3652 262 3723 quod
278 3652 306 3705 in
321 3669 351 3704 re
368 3650 492 3704 dubiost
506 3650 772 3717 incertaversemur,
790 3649 936 3704 nitendum
944 3656 987 3704 est
1029 3651 1204 3722 permittens,
1220 3656 1357 3722 quantum
1372 3652 1407 3705 ad
1423 3651 1546 3706 dolorem
1557 3651 1736 3705 sentiendum
1753 3666 1825 3720 opus

189 3739 365 3809 conjecturis,
373 3738 680 3808 aliisqueargumentis,
688 3737 986 3809 quantumlibctvideri
1028 3745 1071 3794 est
1086 3743 1192 3807 illusit,
1209 3744 1286 3808 epist.
1300 3740 1335 3801 8).
1350 3760 1361 3791 s
1379 3741 1444 3795 Haec
1458 3740 1555 3794 atalia
1567 3740 1648 3811 plura
1672 3739 1707 3793 de
1724 3739 1824 3792 eadem

189 3829 298 3900 possint
312 3845 329 3881 a
343 3827 425 3897 longe
438 3827 527 3897 petita
544 3845 550 3893 ;
581 3826 702 3881 sicenim
718 3844 791 3898 saepe
808 3828 910 3882 accidit
934 3845 985 3900 per
1028 3830 1152 3901 corporis
1166 3829 1328 3883 infirmitate
1342 3829 1472 3895 Basilius,
1480 3845 1565 3900 quam
1572 3830 1597 3883 oi
1613 3827 1764 3899 contigisse
1775 3845 1824 3882 su-

189 3922 323 3987 angustas
338 3916 454 3970 rimulas
469 3915 627 3986 perspicere
637 3915 986 3986 quaeindagatursolliclte
1028 3918 1124 3989 perine
1138 3918 1258 3973 diximus
1268 3934 1341 3972 anno
1357 3919 1445 3983 triano
1457 3916 1509 3972 369
1523 3923 1548 3972 et
1563 3914 1624 3984 370)
1641 3933 1696 3988 quo
1713 3922 1825 3970 creatus

189 4006 302 4061 ueritas.
1028 4014 1071 4061 est
1086 4009 1219 4062 uacasse
1230 4007 1386 4078 episcopus,
1404 4007 1451 4079 qul
1463 4011 1629 4061 numeratur
1640 4005 1752 4060 Domini
1760 4002 1823 4072 370,

149 4128 160 4145 ,
224 4097 270 4160 iit,
283 4094 542 4165 quodadhunerem
551 4094 683 4165 pertinet,
694 4094 770 4148 haud
780 4093 912 4150 assentiri
920 4110 985 4164 pos·
1028 4113 1083 4168 quo
1098 4096 1205 4166 pariter
1217 4095 1371 4149 dixerimus
1392 4096 1604 4167 Hieronymum,
1628 4111 1692 4149 cum
1722 4094 1823 4148 eodem

189 4201 286 4240 sumus
300 4185 462 4251 affirmanti,
478 4184 683 4255 Hieronymum
698 4200 761 4238 cunr
771 4182 884 4237 Ruffino
899 4188 986 4254 etque
1028 4185 1146 4255 Evagrio
1161 4190 1189 4238 et
1200 4183 1264 4238 aliis
1283 4185 1374 4251 sociis,
1398 4184 1542 4239 devenisse
1563 4185 1592 4238 ln
1607 4184 1718 4255 Syrium
1736 4201 1742 4249 ;
1758 4183 1825 4238 inde

188 4275 312 4346 collegis,
333 4273 443 4328 itineris
461 4272 553 4339 sociis,
573 4272 696 4343 primum
715 4272 920 4344 ierosolymam
935 4288 985 4343 pe·
1026 4289 1091 4327 vero
1106 4273 1232 4344 eiusdem
1248 4274 1395 4346 provincie
1409 4274 1520 4328 deserte
1537 4273 1661 4344 petiisse,
1679 4286 1736 4326 nou
1758 4276 1826 4326 ante

189 4364 349 4431 tilsse,inde
362 4379 427 4417 vero
441 4362 516 4417 inter
528 4379 558 4415 se
573 4362 685 4427 divisos,
698 4361 842 4417 Bullinum
855 4363 885 4417 in
899 4362 985 4432 iEgy·
1028 4367 1101 4425 (mee
1115 4364 1267 4431 sententia)
1280 4379 1386 4417 annum
1401 4363 1516 4417 Domini
1534 4360 1764 4417 trecentesimum
1779 4377 1826 4414 se-

187 4461 277 4525 ptum,
286 4454 489 4523 Hieronymum
499 4457 593 4505 autern
611 4450 639 4503 in
650 4440 1238 4523 diversasprovinciaspe·1)ptungesimum
1252 4453 1376 4524 primurn
1393 4471 1399 4505 s
1415 4451 1614 4522 quodquidam
1629 4456 1657 4504 et
1679 4450 1827 4505 insinuare

188 4543 407 4613 regrinationern
421 4539 578 4593 instituisse
591 4544 675 4608 atquc
684 4539 761 4597 illinc
773 4540 885 4594 deserta
895 4540 985 4610 Syriae
1027 4539 1522 4612 videntureltataeejusdemsuperius
1532 4538 1826 4594 litteraeadliuisrnum

189 4632 303 4702 petiisse
315 4632 446 4699 (Marica.
470 4630 565 4682 Victor.
579 4630 611 4680 in
631 4629 681 4681 vu.
692 4626 720 4683 S.
731 4631 798 4686 Hier
810 4629 911 4694 ).Nam
921 4628 987 4682 liui-
1029 4632 1125 4695 illicia,
1143 4634 1220 4698 episi.
1232 4631 1268 4697 l).
1286 4627 1325 4683 lirr
1339 4630 1384 4683 lrls
1399 4629 1489 4700 igitur
1502 4628 1663 4683 inducimur
1681 4632 1713 4682 ut
1727 4627 1827 4681 creda:

189 4721 278 4774 tinum
292 4720 381 4773 Home
404 4716 552 4771 recessisse
566 4733 630 4771 curn
639 4716 761 4773 llelsnls
772 4717 986 4788 profectumque
1028 4714 1827 4790 mus,praesentemanuumessesecundumejusineremo

189 4809 218 4867 in
233 4809 395 4879 AEgyptum,
412 4806 985 4878 indequeiercsolyrnsmpervenisso,cum
1027 4808 1174 4862 incolatus.

187 4899 246 4969 jam
255 4902 367 4951 sanctus
376 4896 686 4968 HieronymusinSyria
696 4895 849 4949 monachus
856 4896 982 4965 degeret,
1063 4900 1081 4954 A
1087 4914 1142 4952 uno
1150 4899 1254 4954 Christi
1269 4897 1316 4952 ati
1325 4899 1429 4952 diaron
1441 4897 1485 4950 cd.
1499 4912 1546 4950 on.
1560 4894 1634 4949 ara-
1645 4894 1716 4948 Ouru
1730 4897 1825 4946 autem

188 4992 249 5043 turn
264 5003 326 5057 qua
340 4985 469 5057 superius
484 4985 560 5041 dicta
571 4992 645 5050 sunt,
655 4991 717 5047 tum
729 5001 792 5055 qum
800 4984 929 5046 dicentur
943 4985 985 5039 in·
1028 4977 1192 5048 primumin
1207 4977 1317 5047 Sylissm
1333 4975 1417 5040 venit,
1443 4974 1483 5029 lbi
1511 4991 1575 5029 ⁰¹¹¹ss
1591 4973 1712 5044 Evagrio
1729 4972 1826 5025 *¹¹⁰⁰*

187 5077 284 5139 ledus,
297 5076 443 5146 perspicue
457 5074 697 5130 demonstrabunt.
711 5075 747 5128 Er
760 5073 985 5145 peregrinatione
1028 5067 1125 5131 cheno,
1141 5066 1171 5120 in
1185 5066 1229 5120 vie
1241 5065 1351 5129 cornito,
1368 5063 1668 5119 Antiocbioeccnsedii.
1682 5063 1749 5116 Erat
1759 5060 1827 5114 Eva·

188 5182 254 5220 egro
269 5166 357 5236 ipsius
373 5163 547 5234 Hieronymi,
564 5179 618 5217 aye
627 5163 775 5235 descripta,
784 5179 988 5235 possumuspa-
1026 5156 1106 5226 gillis
1120 5155 1255 5226 praedite!
1267 5154 1417 5219 adnoblllfl‚
1430 5151 1693 5223 dominusquevlliffl
1702 5149 1827 5204 liaconis

188 5251 985 5324 navinulligerelempusipsiusoxomdenuinonsn·
1027 5237 1825 5313 dictoesubidicusndomenslliemnymuscumEuserio

188 5350 245 5398 tarn
261 5342 458 5411 migmtionlsg
473 5341 508 5395 ad
524 5341 669 5395 RuliInum
683 5342 767 5407 enim,
784 5357 848 5394 cum
864 5341 910 5394 ille
923 5343 983 5411 Jarn
1027 5344 1127 5394 nactus
1138 5338 1176 5392 ibi
1191 5338 1397 5393 sanctissimum
1410 5337 1489 5390 illurn
1496 5337 1636 5390 Halchurn
1644 5333 1825 5391 monacnum,

189 5432 362 5505 pervenisset
375 5431 404 5484 in
415 5431 577 5501 AEgyptum‚
595 5447 628 5483 ex
637 5430 824 5501 emmouyrle
837 5429 943 5493 scribit,
954 5446 985 5483 se
1027 5429 1114 5483 totius
1129 5427 1413 5498 viaeipsiuscursurn,
1424 5442 1510 5496 quam
1525 5431 1622 5497 postea
1635 5423 1726 5476 iactus
1741 5437 1827 5475 senex

189 5521 281 5594 primo
294 5519 450 5592 proiectum
456 5519 648 5582 inThraciam,
657 5517 721 5572 inde
728 5518 758 5572 in
769 5519 890 5573 Pontum
898 5524 987 5588 atque
1029 5518 1317 5593 conscripsit,ccceprt
1326 5520 1460 5569 :testatur
1469 5515 1497 5568 id
1513 5513 1627 5584 quidem
1635 5513 1827 5582 Hieronymus

189 5608 360 5683 Bithyniam,
385 5614 483 5681 pestes
506 5608 535 5662 in
564 5605 705 5666 Galatiam
724 5611 753 5661 et
770 5606 985 5677 Cappadociam,
1029 5607 1255 5678 ipse,cun1elt:
1286 5604 1441 5665 «Maronia
1454 5603 1572 5675 triginta
1582 5602 1639 5657 iere
1653 5600 1778 5656 millibus
1790 5598 1826 5653 ab
