3818 6120
171 298 228 361 tt?
369 300 455 361 vnn
472 300 695 363 SANOEORUM
710 302 885 366 almuse
902 303 1073 367 12leAE
1090 303 1137 364 ΕΤ
1153 301 1337 363 sustensi*
1353 302 1467 362 INDIAE
1484 301 1601 362 REGIS.
1755 296 1818 365 Μ’

170 424 242 483 uem
254 424 393 493 inescant,
410 432 497 500 atqua
511 429 543 485 in
555 430 681 486 animum
695 430 776 487 nobis
789 431 927 490 inducunt
939 439 973 490 ut
980 432 1036 497 Ari
1050 436 1142 499 erant,
1157 431 1199 487 ita
1212 430 1343 499 evehens,
1353 435 1387 488 ut
1399 430 1469 504 ipsis
1476 430 1512 486 ab
1521 428 1747 487 erunibusbonor
1754 427 1809 486 tn·

171 512 299 571 derebus
307 516 420 573 caducu
429 517 757 587 etinterituris,velutde
765 520 971 578 immortalibus
1011 521 1126 578 buntur.

169 604 337 677 cogitemus,
360 612 496 680 tanquam
517 608 623 664 scilicet
645 626 743 665 earum
765 609 873 668 fructus
890 610 971 667 nobis
1046 613 1087 668 Ac
1100 626 1216 667 cernere
1229 616 1282 677 est,
1298 610 1445 668 hominum
1463 609 1605 684 genusita
1615 615 1810 682 comparatam

168 699 324 766 perpetuus
333 712 366 751 ac
379 697 569 769 sempitsmus
582 698 694 755 iuturus
708 700 754 756 sit.
763 700 834 756 (ium
844 700 971 772 igiturad
1012 716 1083 767 esse,
1096 706 1201 756 utente
1209 699 1707 773 credulemipsiustyrannidemuibil
1716 699 1810 756 omui·

170 781 372 842 huncmodum
379 785 491 860 decepti
505 792 591 860 atque
602 788 633 844 in
647 788 777 845 fraudem
796 789 911 862 impulsi
925 807 972 848 su·
1012 806 1048 845 no
1058 791 1171 846 firmum
1187 806 1221 845 ac
1234 788 1335 845 stabile
1348 789 1461 844 habeat.
1476 788 1720 856 Quemadmodum
1733 788 1810 844 enim

168 888 244 942 mus,
255 891 308 931 noc
316 875 352 931 de
360 876 444 933 certis
453 876 509 933 illia
517 893 551 933 ec
559 878 738 950 sempiternis
744 879 834 936 ullum
844 896 970 953 unquam
1011 878 1142 936 columba
1149 879 1275 952 aquilam
1284 884 1335 935 aut
1343 877 1504 951 accipitrem
1513 878 1635 951 llrgiens,
1643 879 1736 936 locum
1746 878 1811 935 sub-

169 962 320 1021 oonsilium
329 965 454 1035 iniimus,
464 966 780 1025 necuobisiniuturum
789 986 879 1026 evum
892 970 972 1043 quid·
1010 967 1496 1040 indecommutat,scuuucquidem
1506 968 1597 1026 inbac
1608 968 1718 1036 arbore,
1734 984 1810 1026 nunc

168 1070 256 1127 quem
262 1056 480 1125 recondidimus,
489 1058 654 1130 repentinus
672 1058 754 1115 nobis
763 1059 862 1116 mortis
870 1060 970 1117 interi-
1011 1063 1107 1115 autem
1119 1059 1149 1115 in
1161 1059 1210 1114 illo
1224 1059 1334 1125 bunne,
1343 1074 1376 1113 ac
1391 1057 1493 1113 deinde
1505 1057 1535 1113 in
1544 1056 1658 1131 rupium
1672 1059 1808 1127 sasernis,

167 1147 216 1199 tus
232 1143 342 1217 ingruit
351 1146 437 1219 (Proo.
448 1149 480 1217 ι).
490 1147 533 1203 Ad
546 1153 608 1203 tum
622 1148 738 1205 demum
753 1149 844 1206 nudos
859 1155 971 1209 nonat-
1010 1165 1044 1205 ac
1055 1149 1139 1204 variis
1154 1148 1245 1221 spinis
1257 1148 1358 1220 pedem
1373 1145 1501 1219 alligans,
1517 1163 1569 1202 nec
1580 1151 1674 1205 tutum
1688 1161 1810 1222 usquam

167 1250 225 1307 que
238 1234 372 1291 omnibus
385 1235 472 1308 hujus
481 1236 544 1294 sita
555 1237 640 1294 rebus
653 1237 789 1310 spoliatos
798 1238 920 1311 improbi
929 1239 970 1294 illi
1011 1238 1172 1310 perfugium
1191 1237 1346 1305 invenicus,
1357 1236 1386 1293 iu
1401 1242 1538 1310 perpetua
1549 1237 1705 1308 jactatmuo
1722 1244 1808 1312 atque

167 1338 202 1381 se
209 1324 277 1381 sevi
288 1324 469 1383 tenebrarum
479 1327 554 1382 ciues
563 1327 743 1400 accipientes,
754 1332 787 1385 ut
799 1328 849 1400 qui
857 1333 970 1401 tempus
1010 1343 1136 1383 erumna
1147 1332 1276 1384 versatur
1289 1342 1297 1383 ι
1315 1326 1414 1382 eodem
1428 1326 1512 1383 modo
1525 1342 1557 1383 se
1575 1325 1689 1392 habent,
1704 1327 1809 1399 quites

167 1411 226 1469 illis
240 1428 325 1471 omne
338 1413 569 1487 impenderimus,
584 1416 615 1471 in
628 1422 734 1472 terrem
747 1417 928 1473 tenebrosam
941 1423 971 1474 et
1010 1422 1163 1489 presentes
1176 1416 1212 1471 ed
1226 1422 1376 1489 stuporem·
1385 1430 1477 1488 usque
1490 1415 1640 1478 mirantur,
1651 1415 1810 1489 qulppequi

166 1500 316 1559 obscuram
327 1503 516 1573 abducunt‚in
526 1510 632 1561 terram
642 1506 820 1578 sempiterne
830 1506 967 1578 caliginis,
1010 1504 1221 1562 inconsiderato
1235 1506 1358 1578 quodam
1371 1505 1480 1578 impetu
1494 1504 1598 1561 misere
1612 1504 1810 1571 laborantum

166 1590 217 1649 ubi
230 1591 280 1648 lux
299 1598 422 1660 nonest,
437 1610 490 1650 uec
503 1595 666 1651 mortalium
679 1600 765 1650 urtam
790 1594 895 1651 intueri
906 1595 971 1651 licet
1010 1594 1166 1668 quidquam
1180 1595 1296 1650 omnino
1310 1595 1424 1651 firmum
1436 1600 1487 1650 aut
1499 1593 1601 1650 stabile
1615 1593 1746 1662 babeant,
1757 1610 1811 1651 neo

169 1683 236 1745 (iob.
254 1682 293 1752 x).
309 1683 364 1739 Per
387 1683 507 1755 probum
531 1701 596 1740 vero
619 1684 820 1751 consiliarium,
836 1684 885 1756 qui
901 1700 969 1757 pru·
1011 1682 1047 1739 ad
1064 1700 1147 1756 quem
1157 1683 1243 1739 linem
1253 1682 1415 1756 pervennrri
1425 1683 1493 1748 sint,
1505 1682 1676 1756 intelligent,
1690 1699 1743 1740 uec
1753 1696 1809 1757 quo

164 1768 246 1826 denti
254 1787 288 1827 ac
296 1789 434 1844 perquam
443 1773 564 1846 sapienti
583 1773 625 1829 illi
644 1773 705 1845 regi
714 1773 810 1845 omnia
818 1789 883 1829 vare
902 1790 970 1845 ape·
1011 1773 1126 1830 laudem
1135 1788 1207 1827 vana
1215 1773 1283 1839 vita,
1296 1772 1352 1838 cui,
1358 1786 1496 1845 perquam
1507 1771 1656 1828 infeliciter
1664 1789 1698 1828 ac
1706 1772 1810 1828 misere

164 1859 234 1927 ruit,
242 1877 275 1916 ec
293 1859 405 1917 sublata
413 1862 531 1919 consilia
547 1862 675 1929 tradidit,
685 1878 732 1918 me
741 1862 825 1917 vilem
834 1867 865 1917 et
877 1862 969 1919 humi·
980 1842 1086 1917 Bmals
1100 1861 1180 1918 bouis
1202 1861 1391 1935 preferentes,
1409 1877 1444 1917 ac
1462 1859 1611 1934 probitatis
1636 1862 1696 1918 loco
1708 1860 1809 1919 vitium

163 1948 219 2005 lem
232 1949 436 2007 homunculum
446 1951 582 2023 intellige,
593 1951 641 2023 qui
652 1951 820 2008 hucidcirco
830 1952 920 2018 renio,
937 1957 970 2009 ut
1010 1956 1213 2019 consectantes,
1223 1950 1653 2023 sesesubjeceruuteosducat:
1669 1966 1721 2007 nec
1735 1950 1810 2024 quis·

163 2038 216 2095 tibi
226 2038 303 2094 viam
311 2038 415 2096 bonam
426 2047 456 2097 et
465 2040 501 2097 ab
509 2041 586 2097 omni
594 2057 691 2096 errore
699 2040 969 2097 liberumcommon-
1010 2056 1076 2096 nam
1087 2040 1205 2113 frigidos
1215 2041 1369 2096 multorum
1382 2055 1416 2095 ao
1424 2040 1592 2096 miserorum
1603 2039 1733 2095 laborum
1746 2055 1810 2097 suo·

164 2132 264 2195 suem,
280 2133 366 2201 teque
378 2130 414 2185 ad
435 2130 608 2202 sempiterna
632 2135 662 2186 et
682 2146 828 2203 nunquam
846 2131 970 2187 finienda
1009 2146 1074 2186 rum
1086 2129 1195 2186 buctm
1208 2135 1375 2203 excepturus
1389 2129 1436 2196 sit,
1452 2130 1506 2185 boc
1524 2135 1576 2194 est,
1596 2129 1809 2202 propinquusne

163 2216 238 2273 dona
248 2218 405 2278 wedunam.
420 2218 543 2292 illucque
564 2220 659 2276 omnia
677 2224 728 2275 tua
742 2220 894 2276 recondere
906 2236 969 2277 sua·
1009 2236 1047 2275 an
1059 2219 1177 2285 alienus,
1193 2235 1226 2275 ac
1238 2234 1363 2292 persepe
1375 2234 1412 2274 ne
1425 2218 1534 2275 amicus
1555 2218 1668 2291 quidem
1688 2224 1740 2276 aut
1756 2234 1810 2276 nu·

163 2304 257 2373 dmm,
274 2314 428 2380 contraque
442 2314 471 2364 te
481 2308 516 2364 ab
530 2308 684 2381 impostore
696 2308 749 2365 hoc
758 2308 863 2365 mundo
878 2309 969 2366 abdu-
1009 2314 1066 2376 tus,
1083 2324 1180 2365 uerum
1193 2308 1325 2365 inimicus
1340 2314 1369 2364 et
1382 2307 1482 2365 hostis.

162 2410 235 2451 cam.
252 2396 343 2461 Quem
358 2397 472 2469 quidem
492 2398 553 2469 ipse
575 2414 687 2471 qnoque
701 2398 852 2471 aliquando
865 2400 968 2455 misere
1045 2399 1122 2465 ileo,
1132 2398 1258 2470 inquam,
1271 2397 1806 2470 omniaetquebisoonseuteuessuul,

163 2484 308 2551 amabam,
322 2487 440 2559 eiusque
454 2487 613 2559 voluptates
625 2492 655 2543 et
667 2487 876 2545 oblectamenta
889 2504 967 2543 com·
1009 2503 1073 2543 cum
1089 2488 1150 2560 ipsa
1161 2486 1192 2542 iu
1205 2486 1307 2543 ammas
1321 2502 1392 2542 mea·
1411 2485 1472 2543 loru
1495 2486 1704 2559 disceptassem,
1719 2487 1808 2544 totius

164 2574 320 2645 plectebar.
333 2577 473 2631 Ceterum
491 2594 555 2632 cum
580 2577 664 2632 rectis
687 2577 791 2632 ruentis
806 2578 894 2634 oculis
909 2579 968 2633 ani-
1007 2576 1071 2632 uta
1088 2592 1167 2644 mee,
1179 2592 1264 2648 quam
1277 2576 1308 2631 in
1322 2575 1407 2631 rebus
1419 2575 1500 2632 ranis
1513 2576 1683 2649 consumpsi,
1705 2590 1739 2632 se
1751 2582 1807 2633 ter·

164 2661 389 2730 madrertissem,
401 2664 639 2736 quemadmodum
648 2664 678 2721 in
691 2664 736 2720 his
744 2664 829 2721 rebus
837 2665 968 2721 universa
1008 2665 1084 2721 renis
1098 2664 1242 2721 laboribus
1256 2664 1386 2721 addictus
1398 2665 1533 2736 unnsegi,
1550 2665 1646 2721 odium
1660 2680 1707 2721 me
1720 2667 1805 2739 cepit.

164 2751 330 2807 mortalium
346 2752 574 2821 ritaconteritur,
591 2754 654 2809 aliis
663 2754 799 2810 nimirum
809 2754 967 2811 medenti-
1008 2754 1136 2826 cumque
1149 2770 1248 2811 eorum
1263 2770 1390 2811 amorem
1415 2770 1448 2809 ox
1467 2754 1562 2811 animo
1577 2754 1759 2812 excussissem
1777 2760 1808 2812 et

162 2836 225 2906 bus,
235 2840 300 2896 eliis
307 2841 514 2909 decedentibus,
528 2860 581 2899 nec
589 2844 647 2898 ullo
657 2844 773 2899 omnino
782 2845 866 2899 firma
874 2850 902 2899 et
912 2849 967 2899 sta-
1007 2845 1161 2915 rjecissem,
1173 2860 1208 2900 ea
1224 2860 1286 2900 sese
1302 2844 1389 2900 oeulis
1399 2842 1650 2912 meisobtuleruut,
1666 2858 1729 2917 qua
1741 2860 1807 2901 sere

163 2926 211 2985 bili
220 2930 290 2985 sede
302 2931 465 2998 constituto,
475 2933 529 2987 boc
538 2939 654 2993 estnec
667 2932 801 2988 divitibus
810 2937 839 2988 et
846 2933 965 3005 copiosis
1006 2930 1081 2988 bona
1094 2938 1169 2999 suot,
1184 2933 1238 2989 bot
1252 2938 1304 3000 est,
1316 2932 1368 2989 Ilei
1381 2938 1460 2990 metu
1474 2932 1624 3006 preditum
1638 2949 1709 3003 esse,
1721 2939 1806 3008 atque

162 3017 193 3075 iu
207 3018 320 3092 opibus,
336 3036 388 3075 nec
403 3020 563 3091 potentibus
576 3021 607 3076 iu
620 3022 756 3094 potentia,
772 3037 824 3077 nec
832 3021 966 3094 sepienti·
1006 3020 1094 3095 ipsius
1103 3022 1240 3079 voluntati
1250 3021 1458 3094 obsequiNsrn
1468 3022 1669 3080 bocbonorum
1678 3023 1805 3081 omnium

161 3105 258 3164 busin
272 3108 421 3180 sapientia,
433 3111 531 3166 neciis
546 3110 648 3183 quibus
661 3127 795 3183 prospere
808 3128 856 3167 res
868 3128 964 3167 succe·
1006 3116 1091 3183 caput
1102 3126 1165 3166 esse
1178 3116 1355 3184 compertum
1375 3110 1470 3168 babul-
1489 3112 1548 3168 lloc
1561 3112 1637 3168 enim
1659 3113 1805 3185 sapientie

161 3195 243 3264 dunt,
258 3197 289 3253 in
301 3199 499 3271 prosperitate,
513 3216 565 3256 nec
588 3200 667 3256 luxui
689 3199 794 3256 denus
806 3201 837 3256 in
852 3201 919 3256 luxu
938 3204 996 3267 etc
1005 3198 1120 3257 initium
1131 3215 1194 3256 esse
1208 3200 1322 3268 dicitur,
1333 3205 1420 3273 atque
1432 3200 1503 3256 adea
1517 3200 1641 3274 perfecta
1654 3202 1801 3274 amenus

166 3285 306 3359 cupediis,
328 3274 384 3344 nec
394 3287 429 3343 iis
444 3287 493 3360 qui
504 3305 601 3345 secure
613 3288 769 3344 sibisivere
782 3288 922 3357 ridentur,
936 3290 967 3344 in
1008 3288 1120 3344 Etenim
1135 3289 1268 3346 moeroris
1280 3302 1379 3362 expers
1393 3289 1451 3345 vita
1458 3295 1511 3356 est,
1527 3295 1613 3363 atque
1627 3288 1663 3345 ab
1676 3290 1803 3347 omnies·

160 3373 241 3431 mani
253 3392 307 3433 sua
331 3381 361 3432 et
378 3376 598 3433 imbecillissima
616 3378 777 3446 securitate,
793 3394 846 3434 nec
858 3379 889 3434 iu
908 3378 967 3435 ulla
1005 3376 1135 3433 tenemus
1145 3376 1235 3434 libera
1254 3377 1290 3433 lis
1302 3377 1351 3451 qui
1365 3392 1428 3433 earn
1441 3377 1659 3450 amplectuntur,
1674 3379 1766 3453 etqui
1776 3381 1803 3436 ei

159 3465 217 3521 slis
226 3481 260 3521 re
271 3465 352 3521 exiis
362 3466 411 3538 qui
421 3465 552 3523 laudibus
563 3467 842 3523 efferuntur.llerum
852 3468 912 3525 bac
919 3484 964 3524 res
1003 3471 1141 3539 tanquam
1155 3467 1275 3524 Domino
1287 3466 1458 3535 innituntur,
1473 3472 1537 3523 tute
1551 3473 1581 3523 et
1593 3465 1629 3523 ab
1643 3468 1721 3524 omni
1729 3469 1804 3543 peri·

158 3554 330 3610 torrentium
338 3571 476 3627 aquarum
491 3556 521 3611 in
535 3557 707 3629 profundum
714 3572 794 3612 mare
805 3555 961 3613 Ιιιίιοιιιὶιιιιι
1004 3556 1070 3613 culo
1083 3557 1228 3612 immunis.
1242 3557 1313 3612 curn
1326 3555 1424 3628 itaque
1436 3555 1565 3612 animum
1575 3570 1671 3613 meum
1681 3557 1717 3614 ad
1727 3572 1802 3615 erro·

158 3644 293 3700 bansitui
302 3643 402 3700 similis
412 3651 472 3708 est:
484 3645 583 3701 eudem
591 3646 667 3701 enim
677 3646 761 3702 modo
769 3646 849 3703 iluna
856 3652 925 3702 sunt
933 3653 962 3703 et
1001 3645 1043 3702 ris
1055 3646 1147 3702 omnis
1160 3650 1304 3719 apertam
1315 3644 1514 3701 mandatorum
1520 3643 1714 3701 Dominirism
1722 3645 1801 3719 adle-

157 3730 270 3807 bsgilia
286 3735 382 3790 omnia
397 3735 555 3806 prasentia.
577 3736 650 3791 Hinc
673 3736 781 3792 scilicet
792 3737 852 3793 brec
866 3737 962 3792 omnia
1001 3735 1249 3808 cissem,nibilqus
1263 3735 1293 3791 in
1304 3734 1375 3808 ipsis
1382 3733 1529 3807 obliquum
1538 3740 1568 3790 et
1579 3734 1798 3804 mnnduosum,

157 3835 230 3879 mua
243 3839 316 3890 esse,
330 3839 422 3896 neque
434 3825 589 3897 quidquam
610 3824 742 3881 utilitatis
762 3825 866 3882 habere
880 3825 962 3882 iutel-
1001 3841 1034 3881 nc
1048 3824 1228 3898 voraginibus
1242 3830 1272 3880 et
1294 3823 1415 3897 scopulis
1444 3828 1473 3879 et
1500 3823 1626 3881 sentilnrs
1646 3830 1676 3881 et
1688 3824 1801 3882 tribulis

154 3907 409 3984 textumnpotim
419 3913 657 3986 quemadmodum
674 3914 770 3987 priora
782 3916 879 3972 omnia
892 3915 961 3971 obli·
999 3915 1186 3988 plenumesse
1197 3918 1274 3970 certo
1283 3912 1493 3987 comperissem,
1503 3929 1602 3970 verum
1611 3914 1800 3971 eamomnino

152 4000 423 4059 uoneobruumnt
436 4002 632 4076 (sivegloriam
642 4003 957 4076 dixeris,siveregnurn,
999 4003 1113 4075 planam
1129 4009 1158 4059 et
1169 4001 1335 4075 aquatilem
1345 4017 1425 4070 esse3
1443 4002 1800 4076 eorumquidemquibanc

146 4090 211 4147 u'se
224 4091 400 4162 dignitatum
409 4093 598 4164 splendorem,
609 4092 668 4148 siue
681 4093 815 4164 potentie
828 4095 960 4166 amplitu-
998 4091 1197 4164 ingrediuntur
1215 4108 1265 4164 per
1279 4090 1449 4147 clarissimas
1463 4091 1715 4164 oontemplationes
1729 4108 1799 4150 acu·

139 4176 263 4246 dinem,
280 4180 337 4236 sire
350 4186 536 4254 tyrannorum
556 4182 714 4249 audaciam,
729 4182 788 4237 sive
800 4182 868 4253 quid
881 4183 958 4239 aliud
999 4179 1041 4236 los
1055 4181 1253 4249 oblectantem,
1269 4179 1443 4253 pedibusque
1456 4180 1693 4253 pulchritudinem
1708 4182 1799 4238 muci·

136 4269 287 4344 ejusdem
306 4270 428 4341 genens)
443 4270 542 4326 eodem
566 4271 651 4327 modo
678 4271 828 4342 presentia
845 4288 958 4345 quoqne
998 4268 1223 4341 liantem,atque
1236 4284 1286 4324 sos
1298 4269 1334 4322 ad
1348 4268 1582 4340 preparationem
1595 4269 1798 4342 Evangeliips-

126 4356 273 4417 tamdem
284 4364 408 4415 uetustas
418 4358 586 4416 obscurabit.
594 4361 721 4425 Quorum
731 4360 955 4418 innumerorum
997 4358 1037 4413 sis
1051 4359 1231 4424 nemnem,
1243 4372 1290 4412 me
1302 4357 1395 4428 ipsum
1406 4356 1508 4427 prioris
1519 4356 1681 4429 impostum
1695 4374 1729 4414 ac
1740 4363 1798 4415 stc·

124 4440 210 4524 ipse
223 4448 406 4521 quoquesim,
413 4451 752 4507 consuetoeimmutatiuui
767 4467 884 4524 prorsus
893 4452 957 4508 sub
996 4447 1060 4503 lide
1081 4447 1190 4503 fraudis
1215 4444 1330 4502 nomine
1350 4445 1486 4501 miserum
1508 4445 1675 4514 existimari,
1696 4462 1729 4503 ac
1745 4463 1797 4520 per

114 4532 247 4605 jicior.
259 4537 298 4593 Ut
307 4538 384 4594 euim
395 4538 432 4594 iis
443 4539 491 4612 qui
501 4546 567 4596 ante
581 4556 628 4596 me
642 4540 821 4609 exstiterunt,
832 4557 957 4615 proesen·
996 4542 1102 4593 rectam
1118 4535 1196 4593 illam
1210 4534 1342 4592 incedere
1351 4550 1502 4607 aggressus
1514 4550 1595 4592 sum:
1609 4551 1693 4609 quam
1709 4536 1796 4593 οιιιιιι

119 4626 225 4685 tium
237 4642 335 4682 rerum
345 4627 534 4700 voluptatibus
541 4634 678 4703 perpetuo
693 4630 749 4687 trui
763 4631 879 4688 minime
889 4648 955 4688 con-
964 4646 989 4705 ῃ
998 4628 1172 4700 optimojurs
1181 4626 1265 4683 rebus
1277 4624 1408 4682 omuibus
1413 4624 1542 4692 antetuli,
1554 4626 1796 4700 atquecoilapssm

117 4726 265 4773 cessum
280 4720 333 4782 est,
347 4716 389 4773 sic
403 4731 438 4773 ne
460 4718 530 4773 mihi
558 4718 673 4791 quidem
695 4719 872 4775 concedetur.
886 4720 958 4776 Ani·
997 4722 1027 4773 et
1038 4717 1161 4773 dirutum
1170 4717 1273 4773 animas
1286 4730 1356 4772 mee
1369 4715 1484 4771 domum
1499 4714 1660 4772 instaurare
1676 4715 1758 4789 cepi.

118 4804 391 4873 madverusnim,
402 4807 641 4879 quemadmodum
650 4813 789 4880 tyrannus
803 4809 959 4865 hicactur·
1033 4807 1105 4863 Cum
1116 4803 1521 4880 ergcadbuocmodumrcbus
1530 4803 1793 4874 meisconsulerem,

118 4884 420 4952 buleutusmundus
429 4897 557 4953 homines
567 4901 679 4965 tractet,
693 4913 740 4954 ecs
759 4896 895 4955 nimirum
902 4900 957 4955 buc
997 4911 1030 4952 sc
1039 4897 1144 4952 mentis
1153 4896 1293 4953 lubricum
1302 4895 1445 4964 corrigere
1453 4893 1797 4968 smnusmsepieoussa-

117 4988 240 5056 {tque
258 4980 482 5050 illucinverteus,
494 4985 546 5041 bos
556 4985 664 5042 scilioet
677 5001 713 5041 ex
725 4985 824 5060 opibus
838 4986 874 5044 ad
888 5003 954 5058 ege·
993 4986 1107 5058 jusdam
1116 4985 1244 5058 magistri
1252 4998 1347 5041 vocem
1355 4982 1594 5047 auuirl,haecmil1i
1603 4983 1793 5042 inclamantis:

120 5078 268 5139 tinem,
283 5071 347 5127 illos
367 5089 466 5130 rursus
492 5091 526 5129 ex
548 5075 714 5146 gravissima
733 5081 900 5149 paupertate
918 5077 954 5132 ad
996 5075 1178 5147 Egredimiui,
1198 5073 1299 5146 lnquit.
1314 5087 1432 5137 omnes,
1448 5088 1520 5144 quos
1537 5072 1638 5130 salutis
1656 5073 1795 5152 cupiditas

120 5159 284 5235 gloriam,
295 5159 347 5217 hos
358 5161 560 5230 esitadncens,
573 5164 637 5219 illos
652 5180 766 5221 rursum
781 5181 880 5222 eorum
894 5167 954 5222 loco
994 5170 1081 5234 must,
1096 5169 1180 5239 atque
1194 5160 1321 5219 emundi
1334 5160 1522 5218 anomaeos
1534 5170 1684 5232 removete,
1691 5164 1795 5223 transit

124 5244 175 5307 in
185 5250 282 5305 vitam
290 5249 440 5320 inducens;
453 5253 596 5325 sapientes
604 5253 741 5325 quosdam
751 5260 781 5311 et
793 5255 954 5327 ingeniosos
995 5254 1070 5311 enim
1085 5253 1173 5327 ipsius
1184 5254 1276 5325 ligure
1286 5252 1312 5320 (l
1324 5252 1387 5310 dett·
1397 5254 1458 5318 ssu:
1467 5251 1538 5307 'lam
1549 5252 1677 5327 jamque,
1687 5260 1718 5312 et
1730 5270 1794 5313 ecce

132 5338 398 5411 virosimprcbans
415 5357 448 5396 sc
467 5342 607 5414 rejiciens,
624 5359 728 5415 eosque
742 5344 790 5417 qui
801 5344 831 5401 in
846 5346 953 5400 honore
994 5343 1125 5400 nouerit.
1144 5341 1288 5399 irretortis
1303 5338 1393 5397 oculis
1403 5340 1542 5411 exmdite3
1557 5358 1610 5400 neo
1620 5349 1716 5401 umen
1730 5344 1793 5402 ina·

134 5440 179 5485 uc
192 5427 348 5499 splendore
360 5436 451 5498 erant,
463 5437 639 5504 contemptos
653 5438 682 5488 et
694 5432 878 5506 despicabiles
891 5434 954 5491 red·
994 5432 1284 5502 rectractationum
1292 5429 1470 5502 sempiterne
1479 5430 1542 5488 vita
1551 5431 1652 5489 viatim
1659 5434 1791 5490 terentes.

142 5516 240 5587 dens3
256 5517 328 5574 alios
340 5526 440 5577 eontra
452 5520 619 5596 insipientes
634 5538 668 5578 ac
680 5522 798 5580 stolidos
812 5523 843 5580 in
856 5525 953 5598 glorie
993 5521 1107 5579 Etenim
1118 5522 1235 5595 longum
1248 5521 1304 5577 lter
1323 5519 1402 5576 vobis
1419 5519 1574 5580 meandum
1587 5527 1640 5591 cst,
1660 5522 1792 5597 quodque

142 5604 624 5688 tbmnocodocansm‘easque
635 5611 685 5687 qui
697 5610 802 5686 abisse
814 5612 955 5672 «obsce
993 5611 1084 5670 nubs
1102 5611 1220 5686 marce
1231 5606 1412 5671 musto
1425 5618 1500 5685 opus
1516 5610 1738 5684 balmastms
1753 5610 1792 5674 sd
