3818 6120
135 247 187 309 299
643 249 690 303 DE
709 249 803 336 lll'l'IS
821 248 970 305 Parnon
987 248 1096 304 tiana
1114 246 1260 303 PRIMUS.
1717 245 1773 307 300

134 371 201 442 poni
217 388 280 426 eam
294 370 410 441 rogavit.
425 368 478 432 Qui
493 369 603 440 scripsit
615 370 715 422 horuin
729 368 896 423 solutionem
908 370 936 422 in
946 374 968 427 Α
979 386 1011 423 eo
1027 370 1141 422 veniens
1150 367 1295 421 descendit
1309 367 1459 439 inaquam,
1468 371 1497 422 et
1505 367 1621 424 turbata
1632 384 1778 439 aquacon·

134 460 225 516 trihus
233 459 414 516 editionibus:
429 459 729 528 pnorauteinsuscepit
737 476 784 513 eos
795 459 931 527 gaudens,
975 458 1077 511 volavit
1090 458 1120 510 in
1134 458 1251 524 coelum3
1271 456 1300 509 lii
1319 474 1382 511 vero
1403 457 1451 528 qui
1468 457 1599 512 astabant
1621 456 1776 513 tremefacti

136 555 164 604 et
181 550 292 604 diliculo
315 548 408 619 pergit
421 547 456 603 ad
480 546 637 605 Libanium,
654 552 682 600 et
696 548 745 600 dat
763 547 788 599 oi
802 563 933 600 versuum
973 545 1309 616 glorificaveruntBeuin3
1325 545 1482 617 baptizatus
1489 552 1584 601 autem
1591 546 1776 602 Basiliusexi·

135 637 365 695 enucleationem.
381 636 528 707 accipiens
550 643 644 690 autern
665 635 807 701 Libanius,
825 642 853 688 et
867 651 933 688 coii-
975 635 1399 705 vitabaqua.hdiniransautem
1407 635 1776 692 MaximinusBasiliidilec·

133 728 275 781 sternutus
284 725 648 797 supertranslatione,dixit
659 743 665 778 ε
675 724 933 778 PerdivinainPro·
975 723 1171 794 tionemquam
1178 724 1207 776 in
1213 725 1304 778 Deum
1311 723 1439 786 habebat,
1449 725 1609 779 etorutione
1622 724 1776 799 susasupe'r

134 815 286 868 videntium
305 810 400 869 nullus
419 815 600 887 presentium
614 814 782 886 sapientium
797 814 852 866 tale
867 814 933 884 quid
976 829 1040 865 euin
1050 813 1270 866 induiti-estibus
1279 813 1491 867 resurrectionis
1498 813 1776 885 Christissaptizavit

133 906 226 975 potest
235 904 426 975 interpretari.
436 905 516 958 Unde
526 920 593 974 crgo
601 908 644 957 est
653 904 754 957 horum
770 903 934 956 innovator?
976 905 1069 954 autem
1085 912 1116 954 et
1134 900 1283 966 Eubulum,
1304 906 1332 955 et
1345 918 1453 973 ungens
1469 901 1555 957 etiam
1576 906 1675 958 sancto
1690 903 1777 959 chris-

133 992 173 1048 ait
185 1011 257 1065 puer
272 1012 277 1047 :
295 993 464 1063 Peregrinus
475 992 588 1064 quidam
602 992 716 1046 veniens
730 992 765 1045 ad
780 991 933 1062 hospitium
976 995 1051 1043 mate
1064 988 1133 1057 (25),
1153 990 1270 1044 tradidit
1283 990 1420 1045 vivificam
1440 992 1679 1060 communionem,
1695 998 1725 1047 et
1734 1010 1777 1048 rc·

133 1099 237 1147 meum,
246 1083 426 1154 paratissime
436 1081 570 1136 disseruit
579 1081 646 1135 milii
659 1082 759 1136 horum
772 1080 932 1135 dissolutio·
973 1078 1050 1147 gavit
1061 1079 1197 1132 Basilium
1212 1079 1262 1133 Dei
1278 1080 1406 1134 sacerdos
1420 1085 1484 1152 post
1494 1081 1652 1136 orationem
1661 1099 1775 1137 sumere

133 1172 369 1243 nemNihil'ergo
378 1170 672 1242 negligensLibanius,
682 1171 785 1224 cursim
795 1171 830 1223 ad
838 1170 934 1241 hospi·
976 1166 1079 1234 cibum,
1097 1169 1171 1238 quod
1189 1174 1216 1222 et
1234 1168 1299 1223 fecit
1319 1168 1414 1223 dicens
1429 1179 1435 1224 2
1451 1169 1570 1224 Domine
1584 1171 1652 1224 Jesu
1663 1170 1775 1226 Christe

134 1261 205 1315 tium
217 1261 304 1326 venit,
321 1268 350 1314 et
365 1260 460 1314 videns
475 1260 610 1315 Basiliam
624 1277 758 1314 unacum
774 1258 889 1321 Eubolo,
906 1265 934 1314 et
976 1254 1050 1308 Deus
1062 1261 1165 1318 noster.
1175 1256 1215 1310 ita
1227 1258 1309 1311 credo
1326 1258 1490 1328 evangelica
1500 1259 1559 1314 voci
1570 1263 1636 1325 tuae,
1654 1266 1683 1315 et
1693 1275 1776 1331 spero

135 1366 336 1420 recognoscens
360 1367 416 1415 ecs,
438 1349 645 1420 obstupefactus
660 1354 704 1402 est
727 1366 777 1419 pro
797 1349 932 1418 inspirato
976 1343 1489 1414 inbenignitatetuaaii.manducans
1504 1354 1533 1401 et
1547 1347 1776 1416 bibens,vincam

134 1439 281 1513 utriusque
296 1439 426 1493 adventu,
447 1439 563 1509 Rogavit
580 1444 675 1492 autem
690 1455 736 1491 eos
751 1437 887 1490 divertere
902 1437 931 1491 in
973 1432 1151 1486 resistentem
1170 1434 1251 1488 nobis
1269 1434 1412 1489 diabolum
1436 1437 1633 1508 cooperatione
1652 1438 1774 1510 Spiritus

132 1528 249 1582 domum
264 1544 361 1594 suam;
377 1533 405 1580 et
423 1527 475 1580 hoc
487 1530 660 1591 consecutus,
678 1525 786 1595 rogavit
799 1524 884 1579 etiam
899 1531 931 1579 ut
973 1522 1061 1575 sancti
1085 1523 1137 1576 tui.
1155 1523 1333 1594 stupefactus
1351 1529 1444 1579 autem
1460 1526 1590 1580 sacerdos
1606 1526 1657 1580 Dei
1673 1527 1705 1581 in
1720 1526 1773 1582 fide

133 1632 245 1671 suavem
260 1632 310 1669 seu
321 1614 462 1671 conditam
472 1619 617 1668 sumerent
636 1631 737 1668 escam.
747 1613 801 1677 Qui
817 1631 888 1684 pane
903 1621 932 1668 et
972 1611 1057 1677 iilius,
1068 1628 1195 1665 reversus
1204 1619 1315 1667 estcum
1323 1613 1399 1667 eisin
1408 1620 1535 1669 sanctam
1545 1615 1701 1670 civitatem,
1712 1618 1771 1671 An·

132 1721 215 1776 aqua,
228 1704 381 1759 secundum
395 1705 624 1774 consequentiam
641 1720 701 1773 quae
719 1702 753 1756 ab
768 1703 837 1774 ipsis
851 1710 931 1757 tene·
941 1689 1125 1754 Rniversario
1135 1718 1199 1755 vero
1214 1708 1340 1773 tempore
1352 1702 1408 1757 illic
1422 1704 1611 1767 demorantes,
1627 1707 1770 1761 communi

132 1793 224 1859 batur,
240 1800 401 1847 mensurate
412 1793 560 1864 perceptis,
572 1792 679 1863 gratias
693 1797 812 1862 egerunt
825 1793 893 1858 Deo,
903 1799 931 1847 et
972 1789 1087 1844 consilio
1109 1797 1249 1845 venerunt
1266 1793 1455 1859 Antiochiam,
1470 1799 1498 1848 et
1519 1793 1640 1849 Basilius
1655 1813 1673 1848 a
1688 1795 1770 1850 Mele-

132 1880 931 1951 omniumdatoribonorum.ParatissimeitaqueLibanius
972 1877 1012 1930 tio
1024 1876 1081 1947 (26)
1091 1880 1217 1949 ejusdem
1228 1880 1305 1935 urbis
1326 1882 1455 1954 episcopo
1470 1883 1505 1936 ad
1517 1882 1628 1938 diaconi
1641 1884 1770 1939 ordinem

131 1971 215 2042 coepit
227 1988 291 2029 cum
307 1970 340 2025 iis
364 1988 497 2042 quarere,
520 1988 552 2024 ac
567 1971 734 2042 protendere
748 1969 930 2025 verbositates
972 1974 1126 2036 promotus,
1135 1975 1164 2023 et
1176 1969 1390 2025 Proverbiorum
1401 1970 1454 2042 (27)
1463 1989 1624 2027 sermonem
1634 1973 1770 2045 iuterpre-

131 2059 295 2117 rhetoricas.
313 2060 357 2114 llll
368 2067 464 2114 autem
479 2065 688 2133 proposuerunt
706 2059 731 2112 ei
756 2059 790 2112 de
805 2060 859 2113 lide
874 2075 930 2113 scr·
971 2060 1056 2121 tatus
1074 2059 1165 2112 multa
1179 2064 1221 2113 est
1235 2060 1422 2115 admiratione
1435 2069 1591 2132 provectus

131 2151 371 2205 monemiltvero
384 2148 519 2203 Libanius
530 2149 654 2203 sentiens
669 2166 731 2220 quae
747 2148 927 2205 dicebantur:
1009 2145 1073 2199 Ciiv.
1090 2147 1124 2200 V.
1141 2149 1256 2202 -Post
1274 2165 1330 2203 non
1354 2151 1443 2204 multo
1471 2155 1598 2222 tempore
1616 2157 1768 2219 transacto,

131 2239 261 2293 Nondum
272 2244 324 2303 est,
334 2238 437 2308 inquit,
449 2244 560 2309 tempus
573 2238 657 2309 hujus
668 2237 853 2309 operationis3
866 2254 930 2292 euni
973 2237 1132 2305 properavit
1142 2254 1199 2290 una
1209 2254 1272 2291 cum
1283 2238 1390 2293 Eubulo
1407 2240 1442 2293 ad
1458 2241 1721 2313 Cappadocensium
1731 2260 1773 2298 re·

130 2333 226 2382 autem
231 2328 349 2399 jusserit
358 2344 480 2399 superna
495 2326 684 2394 Providentia,
696 2343 751 2380 nou
766 2328 869 2398 estqui
890 2344 931 2380 re·
971 2323 1083 2391 gionem
1095 2344 1101 2391 ς
1113 2330 1142 2379 et
1157 2342 1219 2379 cum
1232 2329 1292 2396 jani
1307 2328 1424 2399 jamque
1438 2329 1593 2399 ingressuri
1607 2337 1703 2385 essent
1717 2332 1772 2387 (5ae-

130 2417 220 2472 sistat.
234 2416 288 2470 Sed
298 2416 364 2487 quia
379 2417 408 2469 in
423 2415 552 2469 maximis
567 2415 636 2468 inihi
648 2415 786 2486 prodiisti,
799 2434 815 2467 o
833 2416 929 2479 Basili,
973 2412 1297 2481 saiicnsiumcivitatein,
1311 2417 1451 2471 invisione
1473 2419 1563 2474 noctis
1577 2420 1719 2475 revelatus
1731 2425 1773 2477 est

130 2505 275 2576 disputare
291 2521 402 2576 quoquc
417 2504 452 2557 ad
468 2504 587 2557 novitios
602 2521 679 2557 ineos
704 2521 738 2557 iic
752 2505 925 2574 dedigneris.
973 2507 1039 2554 tunc
1062 2503 1191 2574 episcopo
1217 2504 1304 2576 ipsius
1329 2506 1415 2571 urbis,
1434 2507 1560 2562 Eusebio
1576 2507 1631 2577 (28)
1647 2511 1771 2577 nomine,

131 2593 185 2657 Qui
215 2593 346 2647 celeriter
374 2592 549 2664 congregatis
565 2592 727 2664 juvenibuS,
749 2594 866 2648 docebat
885 2611 932 2648 eos
973 2590 1073 2643 hoium
1083 2592 1230 2657 adventus,
1243 2600 1272 2648 et
1286 2596 1360 2666 quod
1375 2596 1646 2667 BasiliuseJusesset
1661 2598 1773 2655 futurus

131 2681 300 2736 munditiam
312 2681 447 2736 animaeet
456 2681 712 2752 impassibilitatem
720 2684 933 2753 corporisgres-
974 2695 1127 2734 SUCCGSSOP·
1144 2682 1197 2745 Qui
1213 2685 1424 2754 expergefactus
1439 2686 1546 2740 vocavit
1560 2687 1717 2760 principem
1732 2704 1775 2743 ec·

131 2787 195 2824 sum
211 2769 319 2835 mitem,
336 2786 430 2823 vocem
445 2776 642 2840 temperatam,
652 2788 810 2825 sermonem
821 2772 932 2827 ordina-
973 2769 1135 2824 ciesiasiica
1151 2772 1413 2841 administrationis
1436 2781 1464 2828 et
1477 2776 1614 2846 quosdalii
1629 2776 1774 2833 venerabi-

131 2864 202 2923 tum,
213 2857 307 2913 cibum
320 2863 348 2912 et
360 2864 457 2929 potum
463 2859 832 2929 imperturbabilem‚c0ram
839 2861 931 2916 senio·
973 2855 1041 2911 lium
1057 2859 1230 2925 clericorum,
1239 2868 1267 2915 et
1281 2863 1357 2916 misit
1369 2879 1416 2917 eos
1431 2863 1466 2917 ad
1481 2865 1648 2920 orientalem
1660 2871 1773 2936 portam

133 2947 210 3002 ribus
219 2947 372 3012 silentium,
382 2953 447 3002 aute
462 2948 646 3019 sapientiores
661 2949 846 3014 auditionem,
856 2951 932 3004 circa
972 2945 1058 3008 urbis,
1083 2948 1177 3003 dicens
1192 2949 1231 3003 eis
1252 2951 1400 3013 visioiieint
1423 2969 1543 3023 cumque
1558 2953 1634 3007 irent
1653 2955 1689 3009 ad
1707 2973 1773 3027 por·

131 3038 260 3110 praelatos
274 3036 486 3106 subjectionem,
502 3038 576 3093 cirea
595 3039 716 3109 equales
738 3056 788 3093 seu
808 3039 1040 3111 ininoresgtam,
1057 3035 1130 3090 obvii
1159 3038 1274 3093 fuerunt
1298 3040 1347 3104 eis,
1364 3057 1428 3094 cum
1452 3041 1680 3111 ingrederentur.
1697 3044 1773 3108 Quos

129 3125 295 3182 charitatem
312 3142 368 3179 non
383 3126 486 3193 fictam,
502 3143 590 3197 pauca
610 3127 698 3193 ellari,
715 3128 796 3199 plura
810 3145 874 3181 vero
889 3128 930 3183 in·
971 3123 1096 3178 videntes
1122 3132 1150 3180 et
1173 3134 1369 3196 agnoscentes
1390 3136 1561 3200 rogaverunt
1584 3136 1617 3185 ut
1641 3133 1773 3189 ascende·

130 3215 273 3287 telligcre;
288 3231 344 3269 non
361 3216 520 3286 exasperari
534 3232 737 3281 sermonumad
754 3216 929 3287 superabun·
970 3217 1034 3266 roni
1045 3214 1080 3267 od
1094 3215 1264 3287 episcopum.
1283 3218 1410 3289 Cumque
1423 3220 1572 3286 iutrarent,
1589 3220 1712 3276 intuitus
1725 3238 1772 3279 eos

128 3305 197 3359 dare
206 3304 334 3377 loquelis,
358 3321 413 3359 non
429 3321 490 3359 esse
506 3310 651 3376 promptos
666 3306 700 3359 ad
712 3305 811 3370 risum,
824 3307 930 3377 pudore
971 3303 1165 3358 sanctissimus
1178 3307 1333 3377 episcopus
1350 3314 1379 3361 et
1402 3309 1572 3381 stupefactus
1586 3309 1616 3363 in
1641 3310 1773 3366 similitu·

130 3394 308 3460 ornari,cum
318 3393 700 3465 mulieribusimpudicisnon
711 3394 841 3464 colloqui,
851 3395 930 3449 deor·
970 3391 1034 3445 dine
1047 3391 1171 3456 visionis,
1187 3394 1245 3448 Deo
1259 3397 1365 3465 gratias
1379 3397 1447 3466 egit.
1464 3398 1652 3470 Interrogavit
1676 3404 1773 3455 autem

129 3501 193 3538 sum
206 3483 297 3538 visum
312 3482 425 3540 habere.
438 3500 549 3537 sursum
562 3483 704 3548 animam;
719 3484 930 3554 fugerecontra·
970 3480 1044 3533 uode
1055 3481 1191 3548 venirent,
1204 3490 1231 3535 et
1244 3501 1298 3555 quo
1310 3484 1430 3549 abirent,
1443 3490 1471 3539 et
1488 3503 1548 3556 quae
1564 3503 1663 3541 corum
1678 3492 1773 3544 esseut

129 3574 276 3640 dictiones,
290 3589 346 3627 non
357 3572 554 3627 didascalicam
569 3572 648 3642 sequi
663 3572 840 3642 dignitatem,
859 3573 929 3626 nihil
970 3568 1112 3636 vocabula,
1129 3575 1158 3626 et
1171 3571 1290 3637 discens,
1303 3573 1372 3627 dixit
1383 3573 1545 3628 diaconibus
1561 3575 1688 3648 praebere
1711 3592 1773 3650 qua

130 3663 269 3719 aetimare
284 3678 300 3715 a
313 3660 649 3734 quibuscunquccollatos
671 3662 797 3715 honores.
815 3661 928 3726 Quodsi
970 3657 1004 3709 ail
1020 3659 1145 3729 requiem
1160 3678 1257 3715 eorum
1267 3668 1470 3733 congruerent:
1485 3663 1532 3733 qui
1542 3664 1716 3720 adducentes
1726 3683 1774 3722 eos

130 3752 278 3824 quisquam
293 3749 488 3805 vestruinaliis
501 3749 585 3803 etiam
594 3749 725 3819 prodesse
737 3751 928 3820 potestalleo
970 3745 1004 3798 ad
1025 3746 1135 3818 insigne
1160 3750 1353 3805 habitaculum
1371 3750 1435 3823 (29),
1452 3752 1545 3806 omnia
1561 3751 1773 3810 obtulerunted

130 3840 288 3897 mercedem
304 3843 455 3910 exspectet,
472 3842 500 3891 et
514 3842 683 3892 aeternorum
699 3837 836 3892 bonorum
850 3839 929 3892 vicis·
970 3836 1137 3891 suavitatem
1153 3856 1259 3894 eorum.
1290 3840 1394 3894 Eadem
1416 3847 1511 3895 autem
1535 3842 1604 3896 liora
1631 3843 1772 3899 advocans

130 3929 282 3985 altudinem
293 3945 310 3982 a
320 3927 432 3983 Christo
442 3927 510 3981 lesu
527 3927 646 3980 Domino
661 3933 767 3981 nostro.
777 3927 927 3993 llisdictis‚
971 3926 1163 3982 sanctissimus
1181 3928 1223 3981 vir
1236 3929 1401 3984 lectissimos
1424 3930 1491 3984 cleri
1506 3935 1535 3984 et
1548 3931 1679 3998 civitatis,
1692 3949 1772 3988 enar·

131 4017 250 4073 Basilius
261 4017 296 4071 ad
308 4015 460 4091 discipulos
475 4015 597 4080 Libanii‚
614 4021 644 4069 et
657 4016 736 4070 miris
751 4016 785 4069 ab
800 4017 929 4071 omnibus
970 4016 1042 4070 ravit
1056 4016 1095 4070 eis
1111 4033 1143 4069 en
1161 4034 1221 4086 qum
1243 4034 1260 4070 a
1280 4017 1338 4071 Deo
1353 4018 1466 4073 fuerant
1488 4019 1541 4073 sibi
1566 4021 1702 4075 revelata.
1718 4022 1770 4087 Qui

130 4105 260 4165 laudibus
274 4105 441 4166 cumulatus,
454 4121 511 4158 una
526 4120 588 4158 cuni
600 4104 707 4158 Bubulc
723 4104 855 4176 carpebat
863 4104 926 4159 iter.
970 4122 1027 4159 una
1036 4104 1202 4160 vocedixeru
1209 4111 1253 4159 nt:
1271 4106 1507 4162 feraciterethoc
1517 4107 1604 4179 digna
1614 4110 1768 4166 estmundi

167 4194 278 4250 oinlv
292 4225 323 4234 —-
333 4194 671 4265 Cumqueierosolymam
682 4201 884 4264 pervenissent,
901 4201 929 4248 et
969 4194 1026 4248 vita
1038 4199 1096 4260 tua,
1111 4199 1143 4248 ut
1153 4195 1286 4250 divinitus
1300 4196 1334 4250 de
1352 4197 1421 4250 coelo
1436 4198 1698 4271 revelareturisqui
1709 4204 1768 4270 post

129 4283 996 4385 omnemlocunisacrosaiictumfideetamoreperlustras-Dte
1010 4284 1121 4337 futurus
1140 4289 1183 4336 est
1197 4284 1385 4355 pontificalem
1406 4285 1541 4340 thronum
1560 4304 1674 4341 ornare.
1691 4288 1765 4343 Unde

128 4381 200 4442 seut,
212 4375 279 4429 etin
288 4373 329 4429 eis
343 4373 443 4436 Deum,
466 4372 514 4442 qui
531 4372 724 4443 superomnia
747 4378 799 4436 est,
816 4373 928 4426 adoras·
968 4372 1038 4426 nihil
1051 4372 1187 4426 haesitans
1202 4372 1245 4425 fac
1260 4375 1335 4444 quod
1349 4373 1399 4428 tibi
1416 4374 1535 4428 videtur.
1552 4375 1709 4448 Episcopus
1722 4393 1765 4432 au·

129 4470 201 4531 sent,
216 4461 358 4519 manifesti
368 4461 434 4517 facti
445 4467 511 4514 sunt
525 4460 654 4531 episcopo
670 4461 800 4528 civitatis,
815 4462 929 4517 nomine
968 4467 1026 4516 tem
1041 4462 1174 4515 advocato
1196 4461 1298 4516 Basilio
1312 4479 1369 4517 una
1383 4480 1447 4518 cum
1463 4463 1580 4527 Bubulo,
1595 4466 1681 4537 coepit
1694 4470 1765 4521 scru-

128 4550 281 4610 Maximino
295 4551 358 4622 (2³2).
373 4551 408 4604 Bt
425 4549 490 4604 huic
506 4549 691 4619 procidentes,
717 4552 929 4621 postulaverunt
968 4551 1023 4604 tari
1035 4567 1097 4604 cuin
1109 4551 1149 4604 cis
1161 4568 1254 4605 sacras
1269 4551 1443 4622 Scripturas3
1460 4557 1489 4606 et
1498 4554 1642 4608 admirans
1652 4555 1765 4627 pelagus

129 4641 245 4713 adipisci
274 4640 397 4699 divinam
426 4635 668 4708 regenerationem
683 4638 712 4690 iii
735 4639 856 4693 iordane
873 4637 926 4710 (23)
969 4640 1113 4712 sapientia
1125 4656 1186 4710 quae
1197 4641 1289 4694 inerat
1309 4640 1374 4706 illis,
1384 4647 1412 4696 et
1425 4641 1530 4696 habitis
1546 4642 1587 4696 eis
1599 4642 1711 4698 idoneis
1724 4660 1767 4701 as·

130 4728 255 4789 flumine.
273 4729 349 4794 Quos
369 4729 483 4783 intuens
503 4730 617 4781 sanctus
637 4725 682 4778 hic
697 4724 738 4778 vir
760 4726 819 4791 Dei,
835 4728 928 4796 gratia
968 4728 1189 4792 sistoribusuon
1202 4730 1396 4802 postmultum
1410 4731 1544 4802 temporis
1567 4729 1647 4803 obiit.
1665 4733 1766 4788 Conve-

128 4817 237 4888 plenus‚
254 4817 418 4889 adimplevit
432 4815 596 4888 petitionem
612 4814 786 4887 ipsorum,et
796 4832 928 4870 unacum
969 4818 1078 4872 nientes
1093 4835 1159 4888 ergo
1174 4818 1296 4890 episcopi
1311 4820 1347 4872 ad
1363 4819 1501 4890 synodum
1517 4818 1584 4887 (30),
1597 4836 1663 4874 cum
1674 4836 1770 4892 operm

128 4900 258 4959 fidelibus
265 4905 334 4960 viris
348 4906 424 4963 venit
434 4905 469 4960 ad
483 4904 645 4959 Jordanem.
656 4903 727 4958 Cum
738 4909 832 4958 autem
847 4904 927 4959 Basi-
968 4907 1043 4960 tione
1059 4907 1179 4978 Spiritus
1198 4908 1286 4962 sancti
1302 4907 1410 4979 eligunt
1433 4907 1568 4962 Basilium
1583 4908 1620 4962 ad
1634 4909 1771 4965 thronum

104 5026 110 5031 -
129 4993 183 5048 lius
193 4993 354 5049 accessisset
367 4995 403 5048 ad
418 4993 638 5066 ripam,projicit
652 5010 682 5047 se
699 5010 784 5064 super
797 4994 924 5061 humum,
969 4995 1163 5066 episcopalem.
1181 4996 1235 5060 Qui
1250 4996 1377 5051 videlicet
1398 5001 1577 5052 consecratus
1590 4997 1770 5069 gemmant

129 5088 157 5140 et
171 5099 236 5136 cum
250 5080 382 5152 lacrymis
404 5087 432 5135 et
446 5082 567 5137 clamore
582 5081 673 5136 valido
687 5081 801 5153 patebat
815 5082 927 5152 signum
968 5086 1118 5140 Ecclesiam
1128 5086 1178 5140 Dei
1189 5085 1373 5156 providentia.

128 5190 185 5227 suae
196 5169 261 5225 fidei
271 5169 398 5227 revelari.
417 5170 452 5224 Et
470 5187 533 5225 inoii
546 5188 610 5225 cuin
624 5177 746 5225 tremore
754 5185 927 5243 consurgens
1003 5176 1067 5229 Cir.
1077 5176 1123 5230 Vl.
1135 5206 1167 5215 -
1179 5174 1245 5228 Post
1259 5175 1372 5246 aliquod
1384 5193 1449 5231 vero
1464 5183 1577 5248 tempus
1591 5177 1770 5248 postulaiil'a

132 5264 225 5333 155
237 5259 352 5330 deponit
367 5259 534 5314 vestimenta
546 5276 606 5324 sua,
620 5264 649 5314 ct
658 5260 767 5314 cumeis
775 5260 927 5333 proculdu·
967 5264 1024 5317 Deo
1040 5281 1095 5334 quo
1111 5262 1275 5318 concederet
1290 5263 1343 5318 sibi
1353 5264 1474 5334 gratiam
1486 5265 1632 5335 sapientie
1648 5270 1678 5319 et
1690 5265 1770 5320 intel-¹

128 5348 175 5407 bic
189 5355 312 5403 veterem
327 5342 481 5411 hominem,
499 5347 539 5399 sic
565 5348 678 5401 demum
705 5348 876 5404 descendens
897 5348 925 5403 iii
968 5352 1063 5415 lectus
1077 5353 1226 5407 utollerret
1240 5369 1290 5423 per
1306 5351 1417 5423 propria
1427 5351 1510 5406 verba
1521 5369 1572 5407 sua
1586 5353 1769 5410 incruentum

127 5434 531 5510 aquamombatetaccedens
547 5435 832 5508 sacerdosbaptizavit
847 5454 922 5494 cuin.
965 5441 1022 5495 lico
1051 5441 1227 5506 sacrificium,
1245 5446 1273 5495 et
1296 5441 1402 5495 veniret
1427 5440 1455 5495 in
1472 5443 1654 5514 presentiam
1676 5442 1769 5501 sanai

128 5525 163 5581 Bt
175 5543 236 5581 ecce
244 5525 339 5598 fulgur
351 5524 424 5594 ignis
436 5522 627 5594 praefulsiteis,
642 5531 670 5579 et
677 5526 805 5580 columba
819 5525 876 5593 (tii
890 5543 923 5581 ex
965 5530 1102 5600 Spiritus:
1120 5535 1148 5584 et
1168 5536 1231 5602 post
1245 5548 1292 5585 sex
1311 5530 1379 5601 dies,
1397 5531 1516 5587 velutin
1535 5546 1651 5587 excessu
1661 5532 1769 5588 mentio
