3818 6120
131 248 183 310 935
701 247 748 303 DE
767 244 862 303 VITIS
881 244 1029 304 Parnon
1048 247 1155 305 LIBER
1173 247 1207 302 V.
1724 245 1776 306 936

129 383 161 436 et
173 377 292 436 incende
305 392 339 436 ex
351 393 393 434 oa.
409 375 446 433 Et
460 375 525 430 lecit
544 375 593 432 sic.
605 376 641 432 Et
653 375 724 431 dixit
746 375 832 431 obbas
847 376 1099 439 loen-Areversns
1113 381 1156 432 est
1169 376 1206 431 ad
1219 391 1330 444 senem;
1343 390 1427 433 senex
1438 378 1533 432 autem
1545 373 1619 432 dixit
1632 374 1673 431 ei:
1689 375 1774 431 dcce-

130 483 181 526 nes
203 470 263 525 seni
279 486 286 523 ε
300 468 342 524 Ne
363 466 470 540 aliquid
482 466 549 523 laesa
564 470 607 522 est
621 466 746 535 lucerna,
762 465 830 538 quia
844 482 878 521 or
896 481 931 521 ea
971 467 1067 523 lerasti
1082 466 1185 534 venire,
1201 465 1299 521 frater.
1315 466 1350 521 Et
1369 465 1417 521 ille
1437 464 1564 520 namavit
1582 465 1610 520 ei
1630 465 1776 538 qniacum

129 557 201 614 alias
218 555 391 613 incendisti?
411 558 447 611 Et
462 556 532 611 dixit
549 575 554 611 :
570 557 642 612 Non.
669 557 713 612 lta
735 573 786 611 nec
807 557 930 611 loannes
970 557 1153 626 tetendissem
1164 560 1387 611 manumtenere
1401 555 1519 621 elavem,
1535 554 1703 610 recordatus
1713 570 1774 610 sum

128 645 249 716 inditur,
266 646 290 702 si
301 651 363 702 tota
383 646 497 718 Scythia
510 646 605 701 veniat
623 637 727 714 adme,
743 662 795 701 nec
811 645 931 717 impedit
970 646 1108 702 sermonis
1131 662 1213 718 quem
1238 644 1407 717 quaerebam,
1428 649 1459 700 et
1472 660 1529 699 non
1549 644 1652 716 aperui
1665 644 1774 712 cellam,

129 752 207 791 mea
229 735 369 792 charitate
381 735 432 791 Dei
445 755 451 804 ;
471 735 582 808 quando
601 736 689 806 igitur
707 735 759 804 vis,
776 735 837 790 veni
858 734 929 789 nihil
970 737 1020 792 sed
1030 753 1093 792 mox
1108 736 1144 790 ad
1159 741 1187 791 te
1202 752 1265 791 snm
1279 750 1418 793 reuersus.
1432 735 1500 790 Erat
1513 739 1612 789 autem
1626 733 1774 805 longitudo

128 824 270 880 haesitans.
279 826 314 880 Et
323 825 364 880 ita
373 842 424 898 per
432 825 598 898 patientiam
608 831 803 896 utrorumque,
814 823 932 879 abstulit
971 826 1021 881 viar
1042 826 1132 881 multa
1154 825 1248 881 nimIs.
1272 822 1390 880 Dicebat
1409 829 1505 879 autem
1530 823 1557 878 ei
1580 838 1689 878 senex:
1706 822 1776 878 Vere

129 913 205 969 Deus
222 913 390 971 obliuionem
414 932 431 971 a
451 931 533 983 sene,
558 915 611 970 hoc
633 915 709 970 enim
724 919 862 986 eratopus
883 913 932 968 ha·
970 930 1089 986 gregum
1103 915 1218 982 Pastor;
1229 911 1424 969 nominabitur
1437 912 1513 968 enim
1527 927 1635 968 nomen
1650 915 1735 967 tunm
1747 910 1774 966 in

129 1001 281 1060 bitantinm
296 1005 326 1060 in
337 1004 478 1077 Scythi,nt
488 1005 649 1060 animarent
661 1004 768 1076 eosqui
781 1003 933 1076 impugna·
971 1009 1032 1059 tota
1044 1009 1120 1059 terra
1132 1003 1256 1075 AEgypti.

128 1092 262 1149 bantnra
277 1110 443 1166 quacunque
457 1095 598 1167 passione,
616 1100 645 1148 et
661 1092 865 1165 extorquebant
878 1091 934 1148 sibi
1007 1093 1051 1151 20.
1073 1093 1157 1149 Venit
1171 1091 1260 1148 abbas
1273 1094 1395 1148 Ammon
1409 1091 1446 1147 od
1471 1090 1603 1147 abbatem
1617 1091 1773 1156 Pastorem,

129 1181 265 1252 laborem,
280 1183 357 1239 unde
371 1184 491 1239 invicem
502 1184 679 1239 lucrarentur
691 1182 773 1238 bono.
972 1188 1000 1239 et
1015 1183 1083 1239 dicit
1099 1183 1124 1238 ei
1147 1201 1153 1236 :
1171 1183 1200 1238 Si
1215 1182 1286 1237 vado
1305 1182 1341 1237 ad
1356 1182 1456 1237 cellam
1471 1181 1565 1247 uicini,
1578 1185 1630 1236 ant
1644 1181 1671 1236 si
1681 1180 1730 1236 ille
1743 1180 1776 1236 ad

168 1272 212 1330 16.
225 1273 412 1345 Interrogavit
423 1273 510 1328 frater
520 1272 909 1338 abbatcmloannem,dicens
925 1289 932 1328 :
975 1289 1021 1328 me
1032 1273 1139 1328 venerit
1152 1288 1202 1344 pro
1217 1272 1313 1344 aliqua
1333 1288 1372 1338 re,
1388 1286 1521 1327 veremur
1538 1270 1671 1338 invicem,
1688 1286 1726 1325 ne
1739 1269 1778 1325 in·

131 1358 205 1426 uuio
218 1361 299 1428 facio,
316 1362 381 1434 quia
394 1362 558 1436 frequenter
570 1363 648 1418 venit
659 1362 773 1434 qnidam
788 1361 886 1428 trater,
901 1365 934 1416 ut
975 1368 1071 1417 currat
1083 1363 1179 1434 ahqua
1190 1362 1384 1434 incompetens
1408 1359 1513 1429 sabula,
1532 1366 1561 1416 et
1576 1360 1673 1416 aliena
1687 1375 1706 1414 a
1719 1375 1778 1432 pro·

130 1449 213 1505 tollat
226 1466 271 1506 me
284 1467 379 1507 seeum
393 1451 429 1507 ad
443 1469 513 1525 opus
524 1451 599 1524 quod
613 1449 770 1517 laborabat
781 1466 833 1522 ego
846 1449 933 1504 miser
974 1434 1065 1525 posito
1080 1451 1219 1507 monachi.
1239 1452 1274 1507 Et
1288 1450 1359 1506 dixit
1372 1450 1398 1506 ei
1413 1467 1516 1506 senex:
1533 1450 1611 1506 Bene
1631 1448 1719 1517 iacis;
1734 1465 1777 1504 ne·

130 1556 194 1595 snm
204 1538 342 1609 infirmus,
352 1545 381 1596 et
389 1541 490 1596 delicio
497 1540 527 1596 in
534 1540 585 1596 tali
596 1557 643 1609 re:
655 1540 724 1613 quid
735 1556 801 1612 ergo
811 1540 845 1595 dc
856 1555 934 1594 man-
974 1541 1124 1596 cessariam
1139 1541 1214 1596 enim
1229 1540 1316 1596 habet
1327 1541 1461 1611 iuventus
1474 1539 1647 1597 custodiam.
1664 1538 1741 1593 Dicit
1753 1537 1778 1592 ei

131 1628 196 1685 dato
210 1629 261 1686 Dei
275 1629 581 1704 saciamlRespondens
591 1647 675 1685 senex
685 1630 756 1685 dixit
766 1629 792 1684 ei
806 1648 812 1684 :
827 1630 934 1702 Oaleph
974 1629 1060 1685 abbas
1069 1632 1190 1686 Ammon
1208 1649 1214 1685 ε
1231 1629 1318 1685 Senes
1332 1644 1399 1700 ergo
1411 1628 1478 1700 quid
1488 1625 1654 1683 faciebant?
1665 1627 1703 1681 nt
1712 1626 1779 1682 dixit

131 1718 207 1775 illius
228 1720 354 1792 Jephone
380 1719 453 1775 dixit
470 1721 538 1776 Jesn
562 1720 619 1774 lilio
646 1720 723 1774 Nave
756 1720 843 1789 (lusae
867 1723 905 1789 n)
925 1716 1014 1778 :Bei:
1027 1721 1090 1775 Jam
1103 1719 1381 1792 senesprolicientes,
1396 1724 1482 1790 atque
1496 1716 1613 1785 firmati,
1626 1731 1688 1771 non
1699 1715 1779 1772 habe-

132 1807 550 1879 Qnadragintaannorumeram
563 1809 674 1881 qnando
682 1808 760 1864 misit
769 1824 815 1863 me
822 1809 933 1881 Moyses
973 1808 1043 1864 bant
1055 1809 1086 1864 in
1101 1827 1131 1865 se
1150 1808 1227 1864 aliud
1238 1808 1306 1880 quid
1315 1812 1366 1863 ant
1377 1807 1558 1880 peregrlnum
1572 1805 1602 1861 in
1614 1822 1665 1862 ore
1678 1820 1740 1873 suo,
1752 1809 1780 1861 ut

130 1913 227 1952 servus
244 1898 358 1954 Domini
377 1904 471 1954 tecum
493 1898 529 1953 ad
548 1903 655 1952 terram
681 1899 785 1965 istam;
804 1903 833 1952 et
858 1914 933 1953 nunc
973 1898 1003 1954 id
1017 1898 1208 1970 loquerentur.
1229 1898 1265 1952 Et
1278 1897 1325 1952 ille
1339 1897 1429 1952 dixit:
1447 1896 1477 1952 Si
1496 1913 1563 1968 ergo
1578 1895 1779 1952 masconius

133 1986 275 2058 octogiuta
291 2002 432 2043 annorum
451 2005 529 2058 snm;
560 1991 589 2043 ct
607 1987 846 2059 quemadmodum
864 1993 933 2042 tunc
974 2005 1039 2044 cum
1055 1987 1147 2044 ricino
1169 1987 1312 2059 loquendI‚
1335 1986 1447 2043 videtur
1460 1985 1512 2041 tibi
1527 1990 1561 2040 nt
1575 1985 1612 2041 de
1626 1984 1780 2056 seripturis

133 2090 210 2130 eram
224 2075 314 2146 sortis,
338 2076 421 2133 itaet
440 2093 515 2132 nnnc
528 2078 607 2133 valeo
626 2078 733 2133 intrare
752 2083 781 2132 et
801 2077 877 2132 exire
897 2076 934 2132 ad
974 2094 1038 2134 cum
1046 2094 1079 2132 eo
1089 2078 1197 2150 loquar,
1206 2082 1258 2133 ant
1267 2077 1302 2131 de
1313 2075 1405 2131 verbis
1415 2081 1444 2131 et
1455 2074 1605 2131 sententiis
1617 2073 1780 2130 seniorum?

132 2163 248 2220 bellum.
262 2166 361 2238 ltaque
373 2172 402 2222 ct
415 2172 457 2234 tu,
481 2167 506 2221 si
523 2172 613 2240 potes,
627 2172 660 2222 ut
679 2167 752 2222 sicut
765 2166 931 2237 ingrederis,
974 2168 1010 2223 Et
1026 2166 1096 2222 dicit
1111 2167 1138 2222 ei
1151 2182 1237 2222 senex
1252 2184 1258 2220 :
1280 2165 1381 2222 Sinon
1395 2170 1475 2238 potes
1489 2171 1596 2232 tacere,
1612 2164 1725 2219 bonum
1739 2167 1779 2218 est

131 2253 173 2309 ita
192 2254 354 2326 egrediaris,
378 2256 467 2325 rode3
492 2256 516 2311 si
539 2261 635 2312 autem
652 2273 710 2312 non
732 2262 812 2328 potes
836 2255 866 2311 id
893 2256 934 2310 su·
974 2255 1066 2328 magis
1089 2259 1122 2311 ut
1141 2256 1177 2311 de
1200 2254 1292 2312 verbis
1312 2255 1457 2312 seniorum
1480 2253 1617 2327 loquaris,
1645 2251 1779 2326 quamde

133 2358 206 2412 cere,
226 2344 292 2400 sede
318 2345 348 2400 in
371 2346 442 2401 cella
467 2352 518 2401 tua
540 2347 654 2419 plorans
677 2350 792 2418 peccata
814 2349 874 2401 tua.
898 2344 934 2400 Et
975 2344 1136 2417 Scripturis.
1152 2345 1311 2401 Periculum
1326 2344 1454 2401 ostenim
1468 2359 1525 2399 non
1538 2359 1673 2416 parvum.

132 2433 156 2488 si
170 2432 328 2489 invenerim
341 2439 369 2489 te
383 2435 537 2506 lugentem,
553 2452 610 2491 non
622 2440 650 2490 te
664 2435 832 2507 compellent
846 2434 931 2490 exice.
1007 2434 1052 2492 21.
1064 2435 1259 2506 Interrogatus
1273 2431 1412 2490 estahbas
1423 2434 1524 2488 Pastor
1535 2431 1571 2488 de
1581 2432 1779 2504 inquinamen-

171 2521 213 2581 I'I.
228 2523 306 2578 Dixit
328 2521 414 2579 abhas
433 2524 567 2591 Isidorus,
584 2524 633 2596 qui
658 2529 720 2579 erat
738 2521 888 2596 presbyter
902 2523 932 2577 in
973 2524 1022 2595 tis,
1035 2529 1063 2580 et
1077 2523 1239 2596 respondit:
1257 2523 1329 2589 Quia
1343 2522 1368 2579 si
1378 2521 1536 2579 stabiIImus
1555 2520 1682 2578 activam
1696 2523 1777 2578 vitam

133 2609 254 2683 Scythi:
279 2611 337 2683 Ego
352 2613 464 2684 quando
479 2629 557 2669 eram
574 2611 686 2685 juvenis
701 2617 730 2668 et
748 2611 881 2668 sedebam
903 2612 933 2670 in
974 2619 1101 2670 nostram
1119 2613 1220 2669 timore
1234 2613 1286 2669 Dei
1314 2617 1343 2669 et
1360 2611 1523 2681 sobrietate,
1543 2627 1602 2669 non
1620 2611 1779 2669 invenimus

135 2698 205 2754 cella
216 2715 354 2767 memnon
368 2699 507 2757 habebam
517 2718 668 2758 numerum
677 2703 852 2774 psalmorum
863 2719 933 2775 quos
975 2703 1005 2758 in
1016 2701 1096 2758 nobis
1109 2702 1336 2775 inquinamenta.

135 2787 262 2843 dicebam
272 2788 301 2843 in
311 2789 522 2847 ministerioDei
536 2810 543 2846 :
556 2808 610 2847 nox
625 2791 699 2847 enim
710 2791 780 2848 mihi
795 2797 824 2847 et
834 2792 934 2848 diesin
1011 2791 1056 2850 Ὦ.
1076 2791 1213 2848 Dicebant
1229 2792 1264 2849 de
1284 2791 1385 2848 abbate
1404 2792 1531 2862 Pastore,
1551 2791 1622 2864 qnia
1640 2807 1708 2848 cnm
1727 2790 1779 2847 exi-

135 2877 189 2933 hoc
207 2877 425 2951 expendebatur.
976 2887 1057 2938 turus
1071 2887 1133 2939 erat
1146 2881 1182 2938 ad
1195 2898 1265 2955 opus
1288 2882 1339 2938 Dei
1353 2882 1522 2951 iaciendum,
1536 2880 1658 2937 sedebat
1672 2881 1778 2954 primus

173 2964 216 3024 18.
232 2968 364 3024 Narravit
376 2966 462 3024 abbas
476 2970 626 3026 cassianus
638 2970 674 3026 dc
689 2960 810 3042 quodam
823 2987 890 3027 senc
903 2957 964 3027 ini}
975 2988 1073 3028 eorum
1081 2971 1244 3028 discernens
1252 2972 1437 3044 cogitationes
1446 2971 1778 3044 suasjngiterunahora,

134 3072 229 3112 eremo
236 3057 352 3113 sedente
362 3057 430 3129 quia
439 3059 580 3130 rogaverit
588 3060 679 3116 Deum
690 3066 723 3115 nt
734 3059 852 3116 donaret
865 3059 933 3116 eine
975 3067 1003 3117 et
1018 3061 1057 3117 sic
1071 3060 1276 3133 egrediebatur.

135 3147 303 3203 dormitaret
315 3147 547 3220 aliquando,cum
561 3148 722 3221 spirituales
732 3150 933 3218 rosiaceret3si
1010 3149 1055 3208 2³.
1071 3150 1147 3207 Dixit
1160 3149 1246 3206 abbas
1260 3150 1368 3218 Pastor,
1386 3149 1452 3223 quia
1466 3150 1655 3223 interrogavit
1664 3149 1779 3225 quidam

135 3241 230 3292 autem
244 3236 426 3294 detractionis
440 3243 491 3294 ant
504 3239 560 3295 odii
573 3239 657 3295 verba
670 3245 774 3307 essent,
791 3240 888 3296 statim
903 3240 934 3295 in
974 3239 1107 3296 abbatem
1134 3240 1312 3313 PaysIonem,
1333 3240 1430 3296 dicens
1450 3259 1458 3297 :
1478 3240 1552 3306 Quid
1577 3240 1653 3296 facio
1679 3240 1780 3295 animae

134 3341 233 3382 somno
245 3332 399 3395 corrueret,
410 3332 441 3384 ut
454 3345 511 3384 non
525 3329 688 3400 hujusmodi
706 3346 843 3385 venenum
852 3346 943 3397 aures,
976 3346 1054 3397 meae,
1065 3329 1132 3402 quia
1139 3329 1309 3385 insensibilis
1319 3328 1392 3386 facta
1404 3335 1457 3409 est,
1473 3334 1503 3385 et
1511 3346 1569 3386 non
1578 3327 1781 3386 timetDenmI

135 3415 197 3488 ejus
221 3417 390 3489 echperent.
408 3417 460 3472 Hic
481 3416 591 3474 dicebat
610 3417 754 3475 diabolum
776 3419 935 3475 studiosum
976 3420 1011 3475 Et
1025 3419 1096 3475 dixit
1107 3419 1241 3488 eitllade,
1256 3424 1285 3474 et
1296 3419 1416 3491 jungere
1431 3418 1539 3474 homini
1546 3419 1664 3476 timenti
1674 3418 1777 3486 Deum:

134 3521 196 3561 esse
205 3510 238 3561 ut
247 3511 372 3563 moveret
386 3505 515 3562 homines
529 3507 559 3563 in
572 3505 657 3563 rerba
673 3508 773 3576 otiosa,
788 3508 936 3581 impugna·
977 3514 1006 3564 et
1019 3525 1083 3565 eum
1096 3508 1137 3563 illi
1151 3508 1305 3576 inhaeseris,
1321 3507 1465 3565 doceberis
1479 3514 1509 3565 et
1519 3512 1552 3564 tu
1562 3508 1668 3565 timere
1679 3508 1778 3564 Deum

134 3600 226 3650 torem
239 3595 325 3650 etiam
343 3595 430 3651 totins
443 3596 577 3652 doctrinae
605 3596 770 3669 spiritualis.
790 3596 833 3653 Ad
848 3614 934 3669 quam
1009 3597 1054 3656 Di.
1071 3597 1147 3654 Dixit
1160 3598 1263 3654 iterum
1280 3615 1286 3651 :
1301 3597 1374 3664 Quia
1387 3597 1557 3671 principium
1570 3602 1601 3653 et
1615 3597 1683 3654 finis
1696 3596 1780 3653 timor

134 3700 195 3739 rem
206 3683 258 3740 hoc
270 3683 404 3740 utebatur
412 3686 538 3756 exemplo
551 3703 556 3738 :
571 3686 715 3757 Loquente
727 3703 772 3741 me
783 3686 934 3759 aliquando
975 3686 1087 3744 Domini
1102 3705 1109 3756 ;
1125 3687 1165 3743 sic
1179 3688 1255 3742 enim
1270 3687 1406 3760 scriptum
1420 3691 1483 3743 est:
1501 3687 1621 3743 Initium
1636 3685 1779 3760 sapientie

135 3773 170 3827 de
178 3771 301 3828 utilitate
308 3773 467 3828 animarum
475 3773 510 3828 ad
521 3773 657 3846 quosdam
669 3774 935 3843 fratrae,mtantum
975 3777 1061 3833 timor
1078 3776 1191 3833 Domini
1209 3777 1290 3847 (Psoi.
1307 3780 1361 3847 ox).
1377 3777 1412 3833 nt
1425 3777 1539 3844 iterum,
1561 3776 1679 3849 qnando
1692 3774 1777 3832 Abra-

135 3876 234 3916 somno
259 3861 396 3933 profundo
412 3862 540 3934 occupati
560 3867 636 3929 sunt,
652 3867 684 3919 ut
710 3880 761 3919 nec
788 3863 936 3936 palpebras
977 3866 1043 3922 ham
1062 3866 1180 3939 perfecit
1200 3864 1289 3922 altare
1308 3866 1379 3921 dixit
1399 3866 1426 3923 ei
1443 3867 1603 3923 Dominus:
1623 3866 1706 3923 Nunc
1719 3864 1775 3921 seio

137 3948 283 4004 oculorum
296 3965 407 4006 movere
419 3957 546 4023 possent:
560 3968 612 4023 ego
626 3959 721 4009 autern
736 3954 831 4009 volens
841 3958 938 4010 osten·
977 3955 1111 4028 qnoniam
1125 3955 1227 4011 timeas
1237 3955 1329 4011 Deum
1340 3954 1414 4027 (Gen.
1433 3958 1476 4025 11).

137 4039 205 4095 dere
215 4054 284 4112 opus
294 4039 496 4097 demoniacum
510 4058 580 4110 esse,
588 4043 742 4099 otiosarum
750 4059 843 4100 rerum
851 4043 937 4099 verba
1011 4043 1279 4101 naamitarum:
1296 4043 1414 4100 Discede
1428 4043 1464 4099 ab
1475 4043 1554 4100 omni
1561 4044 1680 4102 homine
1690 4044 1739 4118 qni
1750 4043 1779 4100 in

136 4128 293 4199 introduxi3
309 4128 345 4186 ad
355 4130 429 4203 quod
440 4129 481 4185 illi
495 4132 660 4202 gaudentes,
674 4132 771 4188 statim
785 4148 884 4189 somno
894 4149 936 4188 ra·
976 4133 1161 4190 collocutione
1175 4133 1350 4189 iacessunter
1363 4134 1554 4190 contentiosus
1568 4138 1622 4191 est.

135 4218 233 4275 luctati
246 4224 322 4276 sunt.
338 4220 396 4291 Ego
417 4225 512 4276 autem
527 4220 714 4292 ingemiscens
729 4222 785 4278 dixi
807 4240 814 4278 ι
840 4222 937 4294 Usque
1014 4220 1059 4281 td.
1075 4223 1151 4278 Dixit
1164 4223 1407 4294 iterumhlppcnd.
1422 4226 1515 4291 liert,
1532 4223 1780 4293 n.25):‚1nterro-

137 4325 212 4366 nnnc
231 4314 330 4378 010
354 4309 389 4364 de
413 4309 573 4366 coelestibus
597 4309 681 4367 rebus
699 4311 893 4384 loquebamur,
910 4316 940 4367 et
980 4312 1202 4385 gavialiquando
1214 4311 1344 4368 abbatem
1352 4312 1661 4392 Petrum,diseipulum⁸
1672 4312 1779 4369 ahbah‘a

136 4399 263 4455 omniurn
278 4403 402 4455 vestrum
417 4400 490 4455 oculi
505 4416 603 4456 somno
617 4401 783 4473 gravissimo
799 4396 1155 4471 teneban·DLot,dicens:
1169 4402 1286 4467 Quando
1296 4418 1359 4458 sum
1373 4402 1403 4457 in
1418 4403 1497 4468 cella,
1509 4402 1619 4474 inpace
1633 4402 1780 4459 munima

135 4495 196 4559 tur;
212 4487 325 4562 quando
352 4495 448 4545 autem
471 4505 564 4545 sermo
591 4491 697 4546 otiosus
723 4491 854 4547 inventus
883 4496 934 4559 est,
978 4492 1059 4562 iirea3
1076 4508 1141 4548 cum
1161 4496 1258 4547 autem
1279 4491 1387 4547 venerit
1400 4491 1490 4546 Irater
1503 4491 1609 4564 aliquis
1627 4491 1734 4559 adme,
1751 4495 1780 4547 et

136 4594 234 4635 omnes
247 4577 371 4651 prompti
384 4578 621 4650 audirecoepistIs.
635 4581 754 4653 Propter
768 4581 842 4652 qnod
856 4597 934 4652 rogo,
978 4581 1107 4638 retulerit
1114 4581 1184 4636 mihi
1191 4579 1275 4636 verba
1288 4597 1385 4636 corum
1400 4597 1462 4653 quae
1476 4579 1545 4636 soris
1555 4585 1635 4650 sunt
1650 4580 1781 4637 turbator

25 4725 29 4732 ,
136 4667 293 4726 charissimi
320 4667 431 4735 fratres,
447 4673 647 4738 cognoscentes
671 4670 788 4741 mahgni
802 4669 937 4726 osmonte
978 4672 1073 4726 anima
1087 4671 1207 4729 meaEt
1221 4670 1295 4725 dixit
1312 4670 1382 4725 mihi
1395 4669 1482 4726 abbas
1495 4671 1609 4738 Petrus,
1623 4670 1692 4743 qnia
1705 4670 1780 4726 diee-

137 4774 208 4830 opus
224 4774 294 4826 esse,
309 4756 446 4813 attendite
459 4754 673 4830 vobismetipsis,
685 4758 875 4814 custodientes
889 4775 937 4815 vos
977 4760 1026 4816 bat
1040 4759 1126 4815 abbas
1137 4760 1206 4816 Lot:
1219 4759 1311 4816 clavis
1322 4765 1374 4815 tua
1386 4759 1499 4832 apenuit
1511 4759 1619 4816 ostium
1634 4759 1780 4816 menmsst

138 4863 157 4902 a
169 4863 269 4904 somno
283 4846 396 4920 qnando
423 4845 530 4919 aliquid
549 4846 694 4920 spirituale
709 4849 751 4904 vel
775 4849 867 4905 facitis
894 4850 937 4905 vel
978 4866 1032 4921 ego
1046 4848 1151 4904 dixiei:
1168 4849 1249 4915 Quod
1260 4853 1304 4904 est
1318 4847 1434 4904 verbum
1445 4847 1517 4905 hocl
1527 4849 1563 4904 Et
1574 4848 1650 4905 dixit
1663 4868 1670 4903 :
1682 4846 1784 4921 Siquis

139 4932 253 4992 auditis.
977 4939 1055 4995 venit
1078 4940 1114 4994 ad
1137 4943 1175 5005 te,
1192 4942 1222 4994 et
1244 4937 1402 5010 interrogas
1422 4954 1497 4994 eum.
1521 4937 1671 5004 Quomodo
1685 4937 1779 5005 habe,

174 5022 216 5081 19.
231 5021 309 5080 Abiit
320 5024 471 5099 aliquando
481 5023 568 5083 abbas
578 5028 681 5083 Pastor
698 5045 762 5084 cum
774 5033 847 5085 esset
855 5030 937 5100 jure·
977 5029 1053 5085 unde
1066 5028 1153 5097 venis,
1170 5028 1291 5100 qualiter
1304 5028 1398 5101 agitur
1412 5029 1486 5084 circa
1501 5026 1565 5084 illos
1579 5028 1626 5084 rel
1646 5028 1711 5084 illos
1723 5027 1780 5083 fra·

138 5111 183 5168 nis
197 5110 234 5168 ad
246 5115 396 5184 quemdam
418 5133 526 5184 senem,
543 5121 576 5172 ut
589 5117 780 5190 interrogaret
798 5135 863 5173 eum
878 5124 936 5175 tres
977 5122 1274 5190 tres,susccperuntte
1283 5134 1320 5174 an
1330 5135 1386 5174 non
1397 5137 1403 5172 :
1415 5123 1483 5175 tunc
1494 5116 1587 5189 aperis
1597 5118 1721 5189 januam
1730 5117 1783 5173 oria

139 5218 293 5259 sermones.
311 5203 381 5259 Cum
394 5211 490 5261 autem
504 5207 676 5278 pervenisset
689 5208 725 5263 ad
740 5224 846 5276 senem,
870 5207 938 5265 obli·
978 5208 1061 5264 fratri
1073 5214 1132 5275 tuo,
1151 5213 1179 5264 et
1201 5208 1281 5264 audis
1295 5225 1357 5280 quse
1368 5224 1424 5264 non
1440 5207 1491 5264 vis.
1505 5207 1541 5263 nt
1554 5222 1608 5277 ego
1620 5205 1679 5263 dixi
1688 5207 1716 5263 ei
1726 5224 1733 5260 :
1743 5206 1784 5263 lm

136 5297 185 5349 tus
200 5295 344 5347 estunam
359 5309 392 5347 ex
406 5293 497 5351 tribus
511 5296 698 5365 sermonibus,
709 5302 737 5353 et
751 5312 881 5353 reversus
895 5304 939 5355 est
979 5302 1031 5354 est.
1048 5297 1103 5353 Sed
1118 5297 1185 5369 quid
1207 5297 1295 5353 lacIat
1316 5297 1412 5366 homo,
1429 5313 1495 5352 enm
1513 5295 1627 5352 tenent
1640 5296 1730 5353 frater
1748 5295 1782 5352 od

137 5381 174 5438 ad
188 5378 289 5436 callam
303 5396 394 5436 snam.
411 5382 525 5439 Etcum
539 5386 706 5442 tetendisset
717 5403 841 5457 manum,
857 5393 890 5444 ut
899 5392 939 5444 te-
980 5388 1063 5444 cum?
1078 5389 1113 5443 Et
1126 5387 1196 5442 dixit
1209 5388 1235 5443 ei
1249 5403 1334 5444 senex
1349 5407 1355 5443 :
1374 5388 1407 5444 ln
1421 5387 1499 5443 luctu
1513 5386 1634 5443 omniuo
1658 5385 1784 5443 doctrine

137 5475 219 5530 neret
232 5471 348 5538 elavem,
364 5472 527 5529 reeordatus
541 5479 585 5530 est
597 5477 735 5532 sermonis
747 5477 824 5533 illius
854 5494 940 5550 quem
978 5483 1021 5535 est
1036 5497 1042 5547 ;
1060 5477 1106 5534 ubi
1121 5482 1218 5533 autem
1232 5477 1324 5534 luctus
1345 5493 1402 5534 non
1421 5482 1474 5545 est,
1489 5475 1668 5550 impossibile
1681 5481 1726 5532 est
1741 5489 1785 5532 eu·

139 5566 206 5665 ante
220 5559 313 5626 luerat
326 5557 429 5623 oblitus
444 5580 451 5637 5
468 5568 497 5626 et
511 5563 625 5629 sustulit
648 5582 765 5626 manum
783 5567 894 5647 aelati,
910 5573 939 5628 et
979 5566 1085 5629 stodire
1098 5572 1234 5628 mentem.
1252 5565 1287 5627 ht
1300 5566 1372 5627 dixit
1384 5567 1411 5627 ei
1430 5585 1436 5625 :
1452 5566 1571 5639 Quando
1586 5567 1620 5630 in
1637 5565 1711 5629 oolla
1723 5579 1784 5626 sun
