3832 6120
134 273 188 330 887
649 273 698 328 DE
713 272 809 328 virts
828 271 975 327 Paruum
992 270 1100 326 LIBER
1117 266 1262 329 PRIMUS.
1719 269 1775 327 888

135 399 202 453 dine
212 415 244 452 ae
256 397 469 453 miserationum
482 394 662 450 multitudine
676 396 831 466 continget.
843 394 934 466 Ipsius
944 398 970 456 Α
979 393 1053 465 quod
1067 409 1117 465 per
1131 394 1234 448 multas
1243 392 1438 452 tribulationes
1447 399 1559 468 oportet
1571 411 1623 450 nos
1632 392 1776 451 innuen

138 488 214 542 enim
237 488 296 541 haec
317 484 401 539 verba
414 490 503 539 sunt:
530 483 560 538 Si
586 484 692 538 fuerint
710 489 823 555 peccata
843 488 937 537 vestra
977 499 1096 552 regnum
1109 482 1243 537 coelorum
1262 481 1329 553 (Act.
1346 482 1409 549 xiv),
1427 483 1457 538 in
1472 484 1500 538 id
1513 483 1592 539 omni
1607 482 1696 538 animi
1710 498 1775 539 con·

138 576 210 630 sicut
228 574 379 639 coccinum,
398 573 477 644 quasi
492 573 538 626 nix
559 572 765 627 dealbabuntur
779 592 785 639 3
801 572 826 626 si
840 578 935 626 autem
976 571 1101 625 tentione
1114 570 1311 639 incubuerunt,
1323 579 1355 627 ut
1365 577 1430 644 post
1442 571 1625 643 baptismum,
1640 572 1776 628 immacu·

137 670 170 718 ut
181 662 356 728 vermiculus,
368 662 448 732 quasi
458 662 524 715 lana
537 660 600 714 alba
614 667 706 716 erunt.
976 659 1065 714 latum
1073 675 1105 714 ac
1116 659 1185 713 labis
1191 660 1282 714 omnis
1292 677 1390 731 expers
1400 660 1774 733 incorruptionisiudumen·

173 752 270 822 Operae
282 750 403 822 pretium
417 755 460 804 est
469 749 566 820 itaque
578 756 609 804 ut
619 755 802 820 posteaquam
812 747 937 802 veritatis
976 753 1037 802 tum
1045 749 1642 820 conservarent.Acproindequidameorum
1652 749 1776 805 alarum

137 840 326 910 cognitionem
337 839 503 909 accepimus,
515 843 601 908 atque
610 837 851 908 regenerationem
863 843 891 891 et
905 838 937 892 fl-
977 835 1774 910 etiambaptismuminsuperassumpserunt,hocest,enm

136 929 238 983 liorum
253 929 432 999 adoptionem
445 928 585 981 consecuti
595 944 702 993 sumus,
713 926 862 998 divinaque
872 942 935 997 my·
977 924 1061 995 quiin
1072 930 1169 991 που
1176 925 1322 996 sanguinis
1332 926 1501 998 profusione,
1513 944 1546 981 ac
1555 925 1694 998 martyrio
1703 925 1775 982 situs

137 1017 224 1071 steria
238 1017 422 1088 percepimus,
438 1017 514 1071 omni
534 1016 627 1070 studio
641 1032 673 1069 ac
686 1014 832 1085 diligentia
841 1015 935 1085 provi·
977 1016 1028 1066 est.
1044 1012 1204 1083 Baptismus
1218 1013 1294 1068 enirn
1308 1014 1352 1069 hic
1374 1031 1485 1087 quoque
1503 1014 1661 1086 appellatus
1674 1021 1727 1082 est,
1747 1019 1776 1071 et

138 1107 266 1172 deamus,
277 1122 313 1159 ne
321 1121 494 1160 corruamus.
502 1106 600 1175 Neque
609 1104 684 1159 enim
692 1104 791 1158 radere
801 1104 936 1158 athletam
977 1101 1090 1172 quidem
1096 1102 1357 1172 praestantissimus,
1368 1119 1400 1157 ac
1414 1120 1525 1158 summa
1536 1103 1717 1158 veneratione
1730 1101 1774 1158 di·

139 1195 228 1260 decet,
246 1194 473 1264 quandoquidem
492 1193 584 1257 multi,
601 1210 665 1247 cum
680 1193 853 1257 cecidissent,
874 1207 936 1246 sese
975 1206 1057 1260 gnua,
1072 1205 1164 1260 neque
1179 1190 1254 1245 enim
1269 1191 1469 1262 posterioribus
1478 1192 1584 1264 peccati
1596 1190 1776 1248 sordibusin·

83 1317 85 1321 ν
139 1284 247 1353 erigere
262 1282 377 1337 minime
392 1287 553 1354 potuerunt
566 1281 676 1336 Etenim
691 1280 748 1346 alii,
761 1297 824 1335 curn
833 1282 936 1351 januas
977 1278 1120 1348 quinatur.
1141 1279 1231 1343 Quem
1252 1279 1338 1334 etiarn
1362 1280 1497 1336 Dominus
1521 1298 1600 1337 meus
1622 1279 1773 1352 accipiens,

138 1371 245 1425 vitiosis
265 1370 456 1425 allectionibus
475 1369 659 1441 aperuissent,
677 1375 761 1440 atque
780 1367 936 1423 arctissimo
976 1364 1148 1436 baptismum
1158 1366 1260 1421 merito
1272 1368 1451 1439 nuncupavit.
1467 1369 1572 1424 Deinde
1583 1368 1673 1440 ipsius
1682 1367 1777 1431 imita·

139 1477 211 1514 nexu
226 1460 293 1531 ipsis
308 1459 462 1523 haesissent,
474 1475 530 1513 non
538 1460 597 1529 jam
610 1458 646 1511 ad
664 1457 859 1528 poenitentiam
875 1472 936 1511 sese
977 1458 1053 1508 tores
1065 1453 1166 1521 eflecti,
1178 1454 1300 1526 primum
1313 1455 1426 1526 quidem
1444 1456 1532 1528 ipsius
1546 1462 1729 1529 spectatores,
1746 1462 1777 1513 et

139 1554 299 1603 conuertere
310 1548 636 1619 potuerunthliiautem
646 1546 818 1617 morteprius
828 1544 936 1616 abrepti
978 1541 1115 1614 discipuli,
1132 1549 1216 1614 atque
1226 1544 1354 1615 apostoli,
1371 1544 1501 1616 deinceps
1516 1551 1612 1600 autem
1625 1546 1776 1602 universus

140 1654 224 1707 quam
241 1643 398 1691 contractas
411 1637 545 1691 vitiorum
562 1636 658 1690 sordes
678 1651 728 1706 per
742 1633 937 1705 poenitentiam
977 1636 1138 1685 sanctorum
1152 1638 1309 1703 martyrum
1324 1633 1435 1698 chorus,
1450 1633 1589 1689 idolorum
1606 1633 1774 1702 cultoribus,

139 1725 345 1791 abstersissent,
359 1725 538 1780 condemnati
552 1729 630 1778 sunt.
639 1725 792 1794 Propterea
802 1713 1090 1793 periculo-Bregibus
1105 1737 1137 1775 ac
1151 1722 1280 1793 tyrannis
1294 1722 1400 1794 seipsos
1409 1740 1459 1794 pro
1469 1723 1573 1778 Christi
1583 1723 1777 1795 nomineobji·

139 1831 201 1869 sum
209 1820 253 1868 est
262 1814 291 1867 in
301 1814 409 1879 vitium,
418 1813 602 1884 quodcunque
611 1812 724 1866 tandem
736 1810 804 1865 illud
815 1811 861 1877 sit,
869 1809 935 1864 labi.
976 1808 1090 1875 cientes,
1107 1810 1202 1864 omnia
1226 1810 1426 1881 suppliciorum
1444 1828 1549 1882 genera
1566 1812 1775 1881 sustinuerunt,

140 1901 288 1967 Caeterum,
313 1901 336 1954 si
350 1901 406 1955 labi
419 1901 576 1971 contigerit,
594 1900 690 1955 statim
709 1900 870 1954 enitendum
895 1903 940 1953 est
976 1897 1042 1952 feris
1053 1897 1181 1951 videlicet
1194 1897 1306 1969 objecti,
1316 1906 1402 1971 atque
1412 1899 1477 1970 igne
1491 1901 1617 1968 cremati,
1634 1905 1664 1956 et
1671 1900 1778 1972 gladiis

140 1994 172 2043 ut
185 1989 352 2053 resiliamus,
371 2006 539 2061 rursumque
554 1989 589 2043 ad
609 1989 774 2060 praclarum
796 1995 938 2043 certamen
977 1985 1456 2058 obtruncatimumquepraeclaram
1464 1988 1779 2045 confessionemedidis·

139 2078 300 2132 obeundum
313 2083 428 2132 stemus.
445 2079 480 2132 Et
491 2078 599 2149 quoties
611 2077 711 2132 cadere
723 2077 880 2148 contigerit,
895 2083 937 2132 to·
978 2079 1050 2138 sent,
1059 2079 1205 2129 etcnrsum
1211 2082 1466 2144 consummassent,
1473 2093 1506 2130 ac
1513 2077 1596 2132 tidem
1604 2082 1776 2146 serrassent,

139 2167 193 2222 ties
208 2167 292 2221 etiam
305 2166 401 2221 statim
412 2183 500 2238 usquc
515 2167 550 2221 ad
565 2170 721 2222 extremum
732 2166 794 2220 vitae
806 2166 881 2220 diem
890 2183 938 2221 cu·
975 2161 1093 2232 justitiae
1108 2163 1231 2234 palmam
1243 2165 1384 2219 consecuti
1401 2172 1477 2228 suni,
1493 2167 1657 2237 angelorum
1672 2171 1777 2222 contu·

139 2256 260 2310 randum
274 2262 324 2322 est,
333 2261 365 2311 ut
374 2272 565 2327 resurgamus,
579 2262 663 2326 atque
678 2256 706 2310 in
720 2254 865 2326 procinctu
879 2262 937 2310 ste-
977 2249 1115 2317 bernales,
1127 2256 1156 2305 et
1162 2251 1266 2306 Christi
1274 2253 1431 2307 cohaeredes
1439 2253 1539 2308 effecti.
1550 2253 1676 2318 Quorum
1684 2254 1778 2311 virtus

140 2361 213 2398 rnus.
237 2345 438 2400 Convertimini
458 2346 531 2400 enim
555 2345 591 2399 ad
606 2361 661 2410 me,
679 2349 708 2398 et
723 2360 773 2414 ego
791 2348 938 2398 convertar
978 2340 1149 2410 usqueadeo
1163 2340 1288 2409 emicuit,
1303 2341 1374 2396 utin
1388 2358 1500 2396 omnem
1510 2347 1616 2397 terram
1626 2360 1777 2400 eorumeo-

138 2433 174 2487 ad
187 2450 245 2498 vos,
262 2433 302 2486 ait
315 2433 451 2487 Dominus
465 2434 594 2504 (Zochor.
611 2436 641 2501 ι).
978 2444 1031 2482 nus
1045 2428 1153 2496 exierit,
1169 2428 1240 2484 etin
1263 2431 1334 2484 fines
1357 2429 1432 2485 orbis
1456 2438 1538 2486 terra
1560 2431 1653 2502 fulgor
1675 2448 1777 2489 eorum

175 2521 238 2575 Cer.
250 2522 312 2576 xil.
326 2550 360 2561 -
374 2521 417 2575 Ad
435 2521 492 2575 baec
504 2526 599 2575 antem
613 2521 627 2574 J
630 2520 747 2591 osaphat
760 2518 831 2574 dixit
841 2536 848 2571 ι
860 2518 938 2582 Qua·
976 2518 1061 2583 (Paul.
1077 2520 1166 2586 xvul),
1185 2535 1247 2589 quae
1258 2525 1333 2574 recte
1346 2536 1411 2574 curn
1420 2521 1686 2591 virtutegesserunt‚
1703 2520 1777 2577 ruti·

143 2604 937 2679 iramigiturrationcseipsumquispiampostbaptismum
978 2605 1052 2659 larit.
1069 2608 1176 2661 Horum
1190 2624 1247 2662 non
1260 2607 1346 2662 verba
1355 2609 1490 2664 duntaxat
1504 2615 1533 2664 et
1539 2627 1634 2680 opera,
1651 2611 1702 2665 sed
1715 2610 1777 2683 ipse

141 2695 176 2750 ab
187 2696 263 2749 omni
273 2696 380 2766 peccati
393 2695 455 2749 labe
465 2712 567 2766 purum
581 2695 801 2749 servabitham
813 2693 866 2748 etsi
876 2709 938 2764 peo-
979 2711 1089 2765 quoque
1102 2711 1183 2750 cruor
1198 2700 1227 2749 et
1239 2712 1312 2764 ossa,
1326 2697 1403 2751 omni
1417 2698 1565 2752 sanctitate
1589 2699 1670 2770 plena
1696 2704 1776 2755 sunt.

140 2784 279 2849 cantibus,
292 2790 325 2839 ut
337 2784 396 2854 ipse
406 2783 457 2850 ais,
466 2783 632 2855 poenitentia
640 2788 727 2854 patet,
739 2787 834 2837 tamen
842 2783 937 2837 labore
978 2782 1124 2838 Daemones
1136 2800 1257 2854 namque
1268 2784 1383 2856 pervim
1397 2785 1426 2839 in
1439 2785 1535 2856 fugam
1547 2793 1677 2855 vertunt3
1689 2793 1779 2860 atque

139 2879 169 2927 et
182 2873 355 2943 fatigatione,
372 2889 404 2927 ac
423 2875 491 2927 fletu
507 2877 535 2928 et
549 2873 626 2928 luctu
641 2889 710 2943 opus
724 2879 768 2926 est
784 2890 790 2924 :
805 2889 866 2943 quaa
877 2871 937 2942 qui-
978 2869 1012 2924 iis
1018 2871 1066 2941 qui
1075 2888 1138 2927 cum
1150 2873 1205 2926 fide
1216 2873 1360 2941 accedunt,
1371 2873 1538 2930 incurabiles
1548 2875 1653 2946 alioqui
1661 2875 1779 2932 morbos

138 2962 203 3016 dem
217 2962 356 3032 ejusmodi
371 2961 439 3015 mihi
454 2979 516 3016 esse
530 2961 670 3028 ridentur,
684 2967 717 3015 ut
736 2977 793 3015 non
807 2977 841 3015 ea
855 2960 936 3014 multi
977 2959 1139 3029 profligant.
1156 2960 1230 3024 Quin
1240 2966 1448 3034 vestesquoque
1458 2962 1533 3035 ipsa,
1545 2963 1606 3018 etsi
1620 2964 1688 3035 quid
1698 2964 1779 3021 aliud

137 3050 218 3104 facile
231 3050 364 3120 consequi
375 3051 491 3121 possint.
499 3051 635 3114 Quocirca
648 3050 721 3105 riam
732 3049 824 3121 potins
839 3046 963 3107 nauci-C
974 3047 1139 3118 adpretiosa
1147 3066 1244 3104 eorum
1252 3067 1368 3122 corpora
1384 3051 1499 3122 propius
1510 3052 1636 3119 accessit,
1644 3052 1778 3109 omnium

138 3138 178 3192 sci
189 3155 329 3208 cuperem,
345 3155 401 3209 qua
415 3138 522 3192 sincere
535 3144 619 3209 atque
629 3143 724 3193 exacte
738 3138 788 3192 Dei
799 3142 938 3209 praecepta
978 3137 1150 3192 venerationi
1165 3145 1240 3194 sunt.

127 3228 289 3294 servarem,
306 3244 357 3282 nec
371 3227 407 3281 ab
422 3227 457 3281 iis
471 3227 660 3294 deflecterem,
675 3244 726 3282 nee
740 3232 803 3298 post
812 3226 938 3298 priorum
1014 3227 1054 3280 De
1068 3227 1169 3299 quibus
1179 3229 1264 3299 longa
1277 3229 1403 3284 oratione
1414 3228 1482 3285 mibi
1492 3247 1562 3302 opus
1578 3231 1695 3300 assensi
1708 3249 1779 3305 pra·

139 3321 316 3386 peecatorum
324 3316 434 3370 reniam
448 3316 639 3387 impetratam,
649 3315 845 3370 suavissimum
856 3315 936 3370 illum
978 3316 1054 3369 clara
1068 3332 1166 3370 eorum
1190 3317 1312 3372 facinora
1336 3318 1480 3389 sigillatim
1501 3334 1640 3391 exponere
1661 3323 1776 3378 vellem.

141 3404 292 3459 Dominum
304 3422 336 3459 ac
350 3406 439 3459 Deum
453 3405 488 3458 ad
502 3404 675 3459 iracundiam
690 3420 879 3476 provocarem.
979 3404 1165 3476 Posteaquam
1180 3411 1274 3460 autem
1288 3406 1414 3462 crudoles
1430 3402 1470 3462 illi
1480 3425 1513 3462 ac
1527 3408 1644 3465 belluini
1660 3410 1777 3483 tyranni

174 3493 328 3563 Respondit
339 3500 435 3547 autem
448 3494 579 3547 Barlaam
591 3511 597 3545 :
610 3495 694 3547 Recte
705 3493 763 3546 haec
773 3492 937 3559 dixisti,do·
977 3491 1089 3558 misere,
1103 3499 1135 3548 ut
1148 3510 1246 3549 eorum
1256 3493 1420 3567 improbitas
1435 3494 1604 3564 merebatur,
1618 3499 1775 3570 perierunt,

139 3578 214 3634 mine
228 3580 267 3634 mi
283 3597 314 3634 ac
329 3597 386 3646 rex,
403 3586 487 3650 atque
500 3580 553 3635 hoc
565 3580 636 3634 mihi
647 3584 810 3650 pergratum
821 3585 877 3646 est;
893 3596 937 3634 ve·
978 3581 1189 3653 persecutioque
1203 3583 1289 3638 finem
1304 3585 1420 3655 accepit,
1437 3601 1469 3639 ac
1482 3586 1521 3656 pii
1534 3586 1723 3658 imperatores
1734 3593 1776 3644 to-

141 3684 205 3721 rum
220 3668 340 3722 arduum
354 3672 406 3734 est,
417 3668 552 3722 nedicam
566 3667 747 3738 impossibile,
759 3674 791 3722 ut
797 3667 937 3738 quispiam
977 3670 1033 3724 tius
1043 3670 1118 3724 orbis
1131 3671 1250 3743 imperio
1262 3673 1427 3743 potitisunt,
1437 3674 1617 3730 succedentes
1628 3676 1688 3742 alii,
1698 3693 1777 3733 acac·

138 3755 169 3809 in
179 3755 244 3825 igne
258 3761 392 3821 versetur,
399 3772 450 3810 nee
459 3761 554 3811 tarncn
562 3757 639 3811 fumo
654 3757 824 3810 offundatur.
832 3755 937 3810 Eodem
978 3758 1036 3812 lum
1052 3759 1132 3813 illurn
1149 3759 1328 3833 divinamque
1342 3761 1525 3833 cupiditatem
1540 3763 1594 3819 sibi
1607 3764 1777 3821 imitandam

143 3841 211 3896 item
227 3844 310 3897 modo
324 3843 443 3898 arduum
456 3850 499 3898 est
512 3861 544 3898 ac
558 3861 694 3916 perquam
712 3844 824 3898 difficile
839 3849 871 3898 ut
889 3844 938 3916 qni
978 3852 1174 3916 proponentes,
1183 3848 1337 3919 eodemque
1349 3849 1580 3905 timoresanciam
1588 3851 1716 3908 animam
1725 3854 1776 3910 ba·

141 3931 257 4001 hujusce
271 3931 335 3985 ritae
349 3931 468 4002 negotiis
482 3937 618 4004 tanquam
637 3933 753 3988 vinculis
769 3932 938 4004 quibusdam
978 3930 1084 4000 bentes,
1096 3934 1166 3989 illud
1174 3935 1278 4007 optime
1288 3953 1384 3992 secum
1394 3938 1609 3994 considerabant
1618 3946 1706 4013 atque
1715 3958 1776 4015 ape·

139 4019 270 4075 astrictus
287 4024 408 4087 tenetur,
419 4022 535 4092 ejusque
547 4021 622 4075 curis
632 4038 664 4075 ac
678 4021 846 4076 tumultibus
856 4020 937 4075 disti·
978 4021 1100 4090 ctabant,
1108 4028 1140 4078 ut
1153 4023 1188 4077 ab
1202 4024 1279 4079 omni
1294 4025 1426 4097 spurcitie
1434 4044 1534 4099 puram
1542 4029 1709 4086 animamac
1718 4046 1777 4087 cor·

138 4114 231 4173 netur,
248 4115 333 4180 atque
348 4110 378 4165 in
392 4109 493 4181 opibus
503 4126 536 4164 ac
548 4109 655 4164 deliciis
667 4110 743 4177 vivit,
754 4111 815 4165 sine
829 4110 888 4166 ulla
896 4110 938 4165 in·
978 4127 1029 4181 pus
1043 4111 1101 4166 Deo
1116 4111 1298 4170 exhiberent:
1314 4114 1354 4169 sic
1366 4115 1499 4170 nimirum
1513 4133 1543 4171 se
1567 4126 1774 4192 comparantes,

138 4198 255 4254 flexione
271 4199 469 4253 mandatorum
478 4199 529 4253 Dei
540 4198 612 4253 viam
626 4205 766 4271 peragret,
779 4215 937 4271 purumque
978 4204 1011 4253 ut
1028 4216 1126 4254 omnes
1139 4201 1302 4257 vitiosarum
1316 4204 1495 4260 affectionum
1509 4206 1634 4263 actiones
1645 4214 1776 4282 amputa·

138 4287 261 4360 seipsum
280 4288 365 4358 abdue
384 4288 553 4343 incolumem
566 4287 602 4342 ab
616 4288 651 4342 iis
668 4293 768 4343 servet.
792 4289 840 4343 nit
861 4288 938 4343 enim
978 4293 1051 4356 rent,
1071 4289 1232 4362 seipsosque
1242 4291 1277 4345 ab
1292 4293 1369 4347 omni
1376 4293 1467 4348 carnis
1480 4299 1509 4348 et
1517 4292 1635 4366 spiritus
1643 4297 1777 4370 inquina-

137 4376 274 4431 Dominus
286 4378 390 4447 tlfotth.
405 4379 442 4445 vr)
461 4393 468 4430 :
483 4377 573 4431 Nemo
587 4382 680 4448 potest
693 4377 802 4433 duobus
816 4360 1073 4431 doministento
1082 4386 1278 4450 repurgarent.
1291 4381 1429 4446 Quoniam
1437 4388 1530 4439 numm
1539 4384 1592 4439 hoc
1600 4400 1658 4440 non
1668 4386 1777 4445 aliaru-

137 4464 316 4520 servire.Aut
325 4464 401 4516 enim
415 4479 503 4517 unum
514 4462 577 4518 odio
590 4463 712 4531 habebit,
725 4471 756 4519 et
764 4464 886 4519 alterum
896 4463 937 4520 di·
978 4464 1062 4531 tione,
1070 4482 1155 4536 quam
1162 4483 1214 4537 per
1221 4469 1419 4524 mandatorum
1427 4470 1532 4526 Christi
1540 4471 1775 4543 observationem,

137 4552 218 4622 liget;
230 4557 280 4606 aut
289 4551 338 4605 uni
350 4551 513 4617 adhaerebit,
524 4556 553 4605 ot
565 4553 683 4607 alterum
693 4558 862 4607 contemnet.
873 4554 937 4608 Non
978 4569 1033 4607 ase
1039 4556 1165 4624 prestari
1175 4572 1257 4626 posse
1267 4556 1468 4630 intelhgebant,
1483 4560 1683 4619 mandatorum
1693 4580 1777 4636 porro

137 4641 255 4711 potestis
264 4641 322 4694 Deo
334 4640 438 4694 serviro
450 4645 479 4694 et
493 4657 669 4695 mammonae.
686 4641 855 4705 Quinetiam
869 4642 937 4697 cha·
978 4640 1200 4698 observationem
1214 4661 1246 4698 ac
1261 4645 1396 4702 virtutum
1405 4648 1513 4703 cultum
1521 4649 1552 4704 in
1564 4651 1667 4707 madiis
1678 4651 1777 4711 mundi

137 4745 186 4782 rus
199 4728 287 4799 ipsius
298 4728 449 4799 discipulus
463 4730 584 4783 loannes
594 4729 764 4800 evangelista
777 4733 806 4783 et
817 4729 937 4784 Theolo·
977 4730 1145 4786 tumultibus
1159 4749 1232 4803 aegre
1251 4736 1383 4805 consequi
1399 4753 1429 4791 se
1453 4754 1535 4810 posse
1558 4740 1776 4812 perspiciebant,

137 4832 190 4886 gus
203 4816 233 4869 in
256 4815 375 4887 epistola
389 4832 442 4872 sua
456 4816 496 4871 ait
511 4838 518 4871 ε
542 4816 635 4872 Nolite
659 4817 774 4886 diligere
789 4817 935 4883 mundum,
978 4819 1080 4873 noruni
1095 4820 1236 4890 quoddam
1246 4827 1330 4894 atque
1344 4824 1379 4878 ab
1390 4825 1453 4879 aliis
1462 4825 1604 4882 diversum
1614 4828 1678 4884 ritae
1687 4846 1777 4901 gmnn

138 4920 230 4975 neque
243 4921 276 4959 ea
290 4921 351 4976 quae
366 4905 394 4960 in
406 4906 510 4960 mundo
523 4911 597 4960 sunt.
614 4905 754 4969 Quoniam
766 4922 849 4959 omne
862 4905 936 4977 quod
977 4905 1297 4979 sibiipsisinstituerunt‚
1307 4928 1339 4966 ac
1343 4913 1424 4984 juxta
1430 4914 1779 4984 divinamrocem,relietia

138 4992 217 5047 estin
226 4994 340 5060 mundo,
355 4993 639 5066 autconcupiscentia
651 4993 743 5048 carnis
754 5000 804 5060 est,
817 4999 867 5048 aut
876 5009 940 5048 con·
980 4996 1109 5051 omnibus
1119 4997 1211 5066 rebus,
1222 5000 1275 5054 hoc
1285 5007 1329 5055 est
1338 5002 1510 5072 parentibus,
1535 5004 1640 5072 liberis,
1667 5008 1775 5077 amida,

137 5082 307 5154 cupiscentia
323 5084 478 5150 oculorum,
494 5088 543 5137 aut
564 5081 697 5155 superbia
714 5083 786 5144 vita,
806 5099 867 5154 qua
881 5100 938 5137 non
979 5084 1114 5154 cognatis,
1130 5085 1238 5158 opibus,
1253 5089 1369 5156 deliciis,
1380 5092 1648 5164 cunctisquemundi
1655 5111 1779 5153 commo·

135 5178 178 5227 est
189 5189 222 5226 ex
237 5173 330 5238 Patre,
346 5173 395 5227 sed
412 5190 444 5227 ex
459 5172 564 5226 mundo
580 5178 632 5226 est.
650 5172 684 5226 Et
699 5172 820 5226 mundus
836 5171 939 5226 transit
979 5171 1022 5226 dis
1031 5166 1209 5246 contemptis,
1223 5176 1253 5231 in
1267 5179 1585 5252 solitudines,tanquam
1595 5184 1711 5239 exsules
1719 5185 1779 5259 qui·

136 5266 165 5315 et
178 5260 404 5331 concupiscentia
417 5261 487 5330 ejus.
506 5259 559 5323 Qui
573 5265 669 5314 autem
685 5259 752 5314 facit
764 5260 937 5314 voluntatem
978 5260 1053 5328 dam,
1070 5279 1132 5317 sese
1146 5266 1333 5332 contulerunt,
1350 5274 1474 5338 egentes,
1488 5271 1652 5341 angustiati,
1668 5273 1777 5341 afflicti,

135 5349 196 5415 Dei,
214 5354 311 5403 manet
324 5348 354 5402 in
368 5353 504 5403 aternum
520 5349 544 5416 (I
557 5351 638 5403 loun.
652 5352 695 5414 ul.
979 5348 1080 5420 quibus
1094 5351 1196 5422 dignus
1210 5370 1267 5408 non
1282 5357 1476 5412 eratmundus
1493 5359 1583 5428 (Hebr.
1599 5371 1653 5431 xil:
1669 5361 1701 5416 in
1715 5362 1780 5418 soli·

170 5436 332 5506 lloecigitur
342 5453 406 5490 curn
422 5435 507 5489 divini
518 5435 692 5491 acdirinitus
702 5436 831 5508 inspirati
841 5441 936 5508 patres
978 5439 1123 5496 tudinibus
1133 5448 1269 5511 errantes,
1288 5444 1318 5499 in
1333 5445 1485 5513 montibus,
1493 5453 1523 5502 et
1535 5448 1688 5519 speluncis,
1704 5456 1732 5506 et
1749 5450 1781 5508 in

132 5523 935 5597 nosuianimadvertissentatqueilludapostoliaudissent,
976 5529 1101 5585 cavernis
1110 5533 1360 5604 terrae,acseipsos
1369 5533 1781 5612 abomnibnsterrenisjucun·
