3818 6120
144 215 203 273 1145
605 216 690 273 vira
707 218 861 278 SANUPAE
880 217 1141 293 EUPHROSYNAE,
1161 214 1334 272 vmclnls.
1735 215 1788 275 aaa

145 336 236 395 abbas
249 338 422 407 monasterii,
437 338 472 396 de
485 355 541 413 quo
551 343 947 414 supradiximus,misitabbas
955 351 979 411 Α
993 364 1055 404 meo
1066 344 1229 402 inobediens
1238 342 1562 417 essepatrimeo,etquid
1572 343 1672 400 faciam
1681 346 1787 401 nescio.

146 444 238 486 uuum
253 446 270 485 e
283 429 415 486 iratribus
431 431 467 485 ad
481 431 683 502 Paphnutium,
699 440 732 489 ut
745 435 948 494 invitareteum
989 435 1088 489 Totam
1099 434 1175 488 enirn
1192 437 1303 489 noctem
1320 432 1423 505 absque
1435 449 1533 489 somno
1546 434 1673 499 censivi,
1689 439 1787 506 postu-

143 518 184 573 ad
194 518 402 575 solemnitatem
414 518 523 575 abbatis
535 540 541 574 :
551 522 599 592 qui
609 521 705 578 abiens
713 524 742 579 in
752 525 868 582 domum
876 529 946 599 ejus,
988 523 1050 578 lans
1063 525 1153 579 Deum
1163 523 1471 579 utostenderetanimae
1482 540 1551 578 meae
1565 524 1787 579 misericordiam

142 607 295 679 requisivit
309 624 382 664 eum.
401 609 484 664 Pueri
494 615 589 665 autem
599 612 732 668 dixerunt
741 615 767 669 ei
779 633 784 669 ε
797 616 946 672 Processit.
989 628 1085 680 suam,
1103 619 1131 667 ct
1144 613 1319 678 manasseto,
1335 612 1440 683 placuit
1454 613 1524 666 mihi
1535 613 1647 669 mittere
1660 613 1689 667 in
1702 615 1787 669 ecclc·

183 697 250 754 Cea.
268 697 315 753 VI.
333 699 504 754 -Audiens
525 716 590 755 vero
609 701 803 775 Euphrosyne,
820 710 849 759 et
867 707 949 761 advo-
988 701 1068 769 siam,
1082 707 1110 757 et
1119 702 1257 757 adducere
1268 718 1356 756 unum
1368 701 1534 770 fratrem,ut
1542 703 1669 758 audirem
1680 703 1715 757 ab
1725 703 1786 776 ipso

142 801 214 841 cans
233 786 315 841 illum
336 786 463 855 tratrem,
487 789 572 860 coepit
591 807 655 844 eum
679 790 876 864 interrogare:
897 797 948 850 Dic
988 790 1104 847 verbum
1116 790 1226 860 mistis,
1243 797 1272 846 et
1283 791 1349 864 quid
1364 791 1454 845 facere
1469 791 1595 846 debeam.
1611 793 1726 848 Postulo
1737 810 1786 849 au·

141 874 215 930 mihi
225 893 276 948 pro
288 876 436 943 charitate,
453 877 566 933 domine
578 879 616 933 mi
625 879 722 947 frater,
733 885 831 952 quanti
843 884 946 939 fratres
987 884 1045 934 tem
1055 885 1093 943 ta,
1104 881 1196 946 Pater,
1207 896 1258 952 pra
1271 880 1400 934 mewade
1414 880 1515 936 1111111111
1529 885 1594 946 111ae,
1616 882 1673 936 scia
1688 882 1754 955 quia
1767 898 1785 937 a

140 964 214 1020 estis
228 965 258 1019 in
269 966 451 1021 monasterio.
463 968 501 1022 nt
513 965 562 1022 ille
572 968 642 1024 dixit
653 988 659 1023 :
670 970 799 1026 Trecenti
809 974 946 1046 quinqua·
986 967 1044 1023 Deo
1055 970 1156 1024 missus
1171 986 1210 1036 es,
1222 970 1290 1024 doce
1305 985 1349 1023 me
1370 985 1431 1040 quae
1446 969 1497 1023 Dei
1518 975 1593 1026 sunt.
1612 971 1686 1024 Dicit
1700 971 1725 1026 ei
1738 988 1783 1027 se·

140 1053 225 1126 ginta
245 1054 311 1110 duo.
326 1054 404 1111 Dixit
414 1056 441 1110 ei
455 1056 549 1127 puella
566 1076 571 1111 :
588 1059 641 1123 Qui
652 1060 772 1114 voluerit
784 1063 878 1117 venire
890 1063 946 1118 illic
986 1058 1049 1113 nior
1064 1078 1069 1112 :
1088 1059 1225 1114 Dominus
1248 1059 1318 1113 dicit
1333 1077 1339 1111 :
1357 1059 1387 1113 Si
1402 1059 1464 1130 quis
1477 1075 1534 1114 nou
1546 1059 1785 1118 abrenuntiaverit

140 1141 409 1210 adconversionem,
424 1144 539 1217 suscipit
560 1146 641 1202 illum
662 1148 747 1204 abbas
761 1152 872 1205 vester?
893 1153 945 1207 Re·
985 1151 1105 1218 patrem,
1122 1153 1150 1203 et
1164 1153 1294 1215 matrem,
1314 1153 1343 1202 et
1357 1148 1468 1216 fratres,
1483 1153 1511 1203 et
1525 1148 1609 1215 filios,
1624 1149 1739 1222 insuper
1755 1156 1784 1206 et

141 1232 259 1303 spondit
269 1234 296 1287 ei
313 1253 319 1287 :
338 1233 430 1290 Etiam
440 1251 504 1290 cum
512 1235 601 1291 multo
611 1238 714 1308 gaudio
725 1239 841 1311 suscipit
850 1240 941 1306 illum,
984 1238 1128 1309 propriam
1143 1238 1278 1305 animam,
1287 1253 1344 1292 non
1358 1243 1451 1309 potest
1461 1254 1540 1293 meus
1556 1254 1616 1294 esse
1631 1238 1784 1311 discipulus

141 1321 267 1377 maxime
280 1324 633 1394 proptervocemuomina
645 1325 692 1397 qui
704 1326 944 1394 uxitzuuivenit
986 1326 1071 1391 (aava
1084 1327 1149 1389 xxv).
1165 1327 1224 1397 Ego
1237 1326 1288 1380 tibi
1306 1327 1370 1398 plus
1390 1326 1482 1381 dicere
1506 1326 1609 1381 nescio·
1630 1325 1736 1382 Tamen
1760 1327 1785 1382 si

141 1409 178 1464 ad
202 1427 258 1479 me,
278 1426 336 1467 non
363 1413 474 1482 ejiciam
491 1413 567 1468 foras
582 1415 670 1484 (loon.
697 1424 742 1485 vr).
764 1416 837 1472 Dicit
851 1419 877 1472 ei
892 1419 945 1474 Eu·
984 1418 1064 1483 poles
1077 1414 1150 1469 ferra
1165 1419 1340 1469 tentamenta
1363 1414 1464 1480 camis,
1489 1414 1785 1486 10111111100100111101

140 1498 311 1571 phrosyna:
333 1499 438 1557 Omnes
453 1502 483 1556 in
507 1503 623 1559 ecclesia
644 1510 738 1560 vestra
761 1507 889 1577 psallitis,
915 1514 943 1563 et
983 1500 1048 1573 suge
1062 1503 1208 1559 facultates
1223 1506 1310 1575 patris
1324 1504 1376 1570 tui,
1384 1519 1445 1574 quae
1457 1503 1561 1558 multos
1568 1502 1769 1560 inveniunthae

141 1589 290 1661 aequaliter
299 1591 457 1662 jejunatis?
471 1592 545 1648 Dicit
559 1593 585 1647 ei
598 1595 752 1649 monachus
767 1595 814 1650 ille
835 1614 841 1650 :
858 1592 1074 1691 Com-Bredas.
1084 1593 1152 1649 Ecce
1162 1593 1274 1665 ptochia
1290 1591 1335 1663 (3),
1351 1592 1524 1649 hierocomia
1532 1593 1582 1666 (a),
1599 1593 1781 1663 xenodochia,

141 1678 389 1750 muniterquidem
398 1681 555 1753 psallimus,
562 1683 942 1758 jeiuniarerounusquisque
983 1683 1163 1750 monasteria,
1180 1683 1279 1750 viduae,
1295 1682 1404 1754 pupilli,
1428 1683 1580 1755 peregrini,
1604 1683 1719 1751 infirmi,
1739 1700 1783 1738 ca·

141 1769 284 1839 quomodo
297 1769 367 1836 vult,
380 1775 430 1825 aut
444 1776 581 1841 quantum
595 1773 678 1842 valet,
692 1779 790 1829 utnon
809 1775 860 1831 fiat
879 1792 944 1832 con·
982 1771 1060 1843 ptivi,
1074 1771 1123 1826 ubi
1137 1771 1256 1826 voluerit
1271 1776 1300 1826 et
1309 1772 1448 1844 placuerit
1461 1773 1535 1843 patri
1549 1778 1607 1839 tuo,
1620 1773 1780 1845 relinquet;

139 1860 239 1911 tumax
252 1858 404 1914 voluntatis
417 1860 600 1929 conversatio,
617 1863 667 1917 sed
680 1864 785 1935 proprii
795 1864 942 1921 arbitriiet
981 1867 1014 1915 tu
1029 1860 1098 1926 sola,
1115 1877 1150 1915 ne
1162 1861 1263 1933 perdas
1277 1861 1401 1916 animam
1415 1866 1505 1916 tuam.
1526 1861 1600 1917 Dicit
1618 1863 1643 1917 ei
1667 1863 1779 1934 puella:

138 1952 297 2016 nonanes
327 1948 481 2019 voluntate.
513 1950 634 2005 Omnem
665 1969 732 2023 ergo
760 1960 940 2024 perscrutans
982 1949 1098 2004 Confido
1119 1951 1149 2004 in
1174 1951 1264 2006 Deum
1289 1956 1318 2006 et
1340 1950 1514 2005 orationibus
1532 1951 1599 2018 tuis,
1616 1951 1683 2022 quia
1706 1951 1782 2007 labo·

139 2035 343 2092 monachorum
378 2038 642 2106 conversationem,
675 2040 746 2095 dixit
776 2042 812 2097 ad
844 2059 940 2098 mona·
980 2055 1044 2094 rare
1059 2039 1148 2095 habeo
1165 2057 1216 2112 pro
1231 2040 1326 2095 anima
1344 2056 1418 2108 mea,
1441 2040 1499 2096 Deo
1523 2041 1685 2096 auxiliante.
1706 2041 1782 2096 Dicit

138 2123 224 2179 chum
240 2144 246 2179 :
263 2125 398 2182 Volebam
413 2126 499 2195 abire,
514 2132 544 2183 et
560 2145 707 2201 pervenire
727 2131 763 2185 ad
778 2131 940 2203 hujusmodi
980 2128 1007 2184 ei
1026 2145 1110 2183 senex
1126 2149 1132 2184 :
1149 2130 1229 2184 Talia
1243 2129 1383 2185 desideria
1399 2130 1562 2185 afirmitate
1577 2147 1634 2185 non
1647 2129 1780 2185 decidan-

138 2213 359 2271 iuenarrabilem
374 2217 460 2272 vitam
473 2236 479 2285 3
492 2218 541 2272 sed
551 2219 638 2275 timeo
648 2218 810 2276 inobediens
821 2239 882 2278 esse
892 2239 941 2294 pa·
980 2221 1028 2273 tur
1041 2237 1048 2286 ;
1064 2218 1232 2273 modoenim
1242 2223 1408 2291 esttempus
1418 2219 1682 2292 poenitentiaeDicit
1692 2220 1781 2275 111111·

137 2303 175 2358 tri
192 2320 269 2371 meo,
285 2304 352 2376 quia
363 2321 414 2377 pro
426 2323 497 2362 vana
512 2313 540 2363 et
554 2308 659 2363 caduca
670 2310 755 2381 hujus
768 2311 862 2366 saeculi
876 2311 940 2367 sub-
980 2306 1122 2379 phrosyna
1134 2325 1139 2360 :
1151 2308 1185 2363 Et
1194 2307 1257 2362 ideo
1266 2314 1295 2362 te
1305 2307 1428 2379 fatigavi,
1439 2314 1471 2363 ut
1480 2308 1597 2380 impleas
1607 2307 1779 2364 desiderium

138 2393 245 2448 sunus
256 2394 335 2465 cupit
346 2411 391 2450 me
413 2396 525 2452 tradere
543 2397 610 2451 viro.
628 2398 702 2453 Dicit
720 2400 745 2453 ci
760 2401 914 2456 monachus
930 2421 937 2459 :
979 2412 1090 2465 meum3
1107 2402 1135 2451 et
1148 2397 1222 2452 tacta
1236 2397 1363 2452 oratione
1375 2396 1524 2453 benedicas
1541 2415 1595 2460 me,
1607 2404 1636 2452 et
1651 2396 1777 2453 abscidas

138 2481 236 2545 Soror.
251 2498 310 2539 non
320 2485 466 2555 permittas
477 2490 510 2541 ut
519 2487 627 2558 polluat
640 2488 725 2543 homo
735 2505 836 2560 corpus
846 2496 936 2560 tuum,
980 2501 1089 2541 comam
1103 2486 1203 2559 capitis
1218 2487 1284 2556 mei.
1299 2487 1334 2542 Et
1346 2502 1502 2557 exsurgens
1517 2486 1619 2552 senior,
1631 2486 1704 2541 sacta
1717 2503 1779 2541 ora·

137 2575 165 2626 et
173 2571 273 2626 tradas
282 2572 367 2628 talem
374 2574 612 2646 pulchritudinem
619 2577 678 2648 pati
689 2578 880 2649 opprobrium,
889 2581 938 2634 sed
978 2575 1056 2630 tione
1066 2575 1184 2630 abscidit
1193 2593 1301 2631 comam
1311 2576 1410 2647 capitis
1421 2577 1491 2646 ejus,
1499 2575 1647 2647 induitque
1658 2592 1720 2630 cam
1731 2582 1777 2631 tu·

136 2658 438 2732 desponsateChristo,
451 2665 499 2735 qui
509 2665 561 2720 tibi
571 2672 665 2737 potest
676 2667 938 2739 proipsisornnibus
979 2664 1071 2719 nicam
1082 2665 1232 2720 schematis
1244 2667 1291 2735 (5),
1303 2672 1331 2720 et
1340 2682 1423 2723 orans
1433 2682 1483 2736 pro
1493 2681 1527 2720 ea
1536 2664 1623 2719 dixit:
1639 2666 1714 2720 Deus
1729 2667 1777 2738 qui

136 2751 349 2806 nauseantibus
360 2752 555 2824 dareregnum
570 2756 714 2824 culorum,
724 2763 752 2811 et
766 2758 939 2813 consortium
980 2753 1110 2809 liberavit
1121 2755 1220 2810 ¹omnes
1233 2760 1345 2809 sanctos
1368 2771 1443 2821 suos,
1463 2755 1523 2825 ipse
1538 2753 1677 2809 custodiat
1694 2759 1722 2809 te
1742 2755 1777 2808 ab

136 2840 313 2910 augelorum.
323 2842 436 2898 Occulta
452 2853 547 2899 autem
560 2845 664 2912 exiens,
675 2845 745 2900 vade
755 2847 939 2903 admonaste·
979 2843 1056 2897 omni
1072 2845 1156 2898 malo.
1169 2845 1204 2899 Et
1212 2844 1271 2899 hac
1281 2844 1376 2898 dicens
1386 2859 1479 2912 senex,
1500 2843 1629 2898 discessit
1642 2843 1677 2898 ab
1690 2860 1732 2912 en,
1749 2848 1778 2897 et

135 2929 222 2996 1111111,
235 2936 343 2987 mutato
357 2931 455 2987 lubitu
471 2934 597 2989 saeculari
616 2935 701 2990 indue
715 2941 825 2991 vestem
838 2953 937 2992 mona·
979 2931 1143 2988 ambulabat
1156 2934 1185 2987 in
1199 2934 1243 2987 via
1254 2950 1305 2988 sua
1318 2933 1454 3004 gaudeas-

135 3017 256 3085 chalem
273 3024 306 3074 ut
314 3021 405 3092 possis
419 3023 545 3077 evadere.
562 3023 703 3089 Quacum
714 3024 772 3080 hac
786 3027 868 3082 audis
882 2997 969 3101 set,C
1014 3026 1110 3088 ³⁰5
1124 3023 1190 3076 er.
1205 3021 1732 3093 11111--131111111081081610008110118
1747 3022 1776 3077 111

136 3107 245 3181 placuit
257 3108 309 3175 illi,
326 3115 355 3165 et
367 3110 441 3166 dixit
450 3112 485 3167 ad
501 3129 586 3169 eum:
602 3114 637 3168 Et
648 3115 713 3186 quis
725 3132 770 3171 me
783 3116 937 3173 habetton-
979 3109 1130 3181 semetipsa
1139 3110 1221 3165 dixit:
1236 3111 1264 3165 si
1274 3109 1455 3165 ambulavero
1463 3110 1494 3165 in
1506 3111 1678 3166 monasterio
1696 3113 1776 3183 puel·

133 3196 221 3253 dere?
231 3198 381 3255 Nolebata
397 3201 468 3256 laico
487 3203 608 3271 tonderi,
616 3205 665 3276 qui
675 3212 830 3261 nonservat
838 3207 933 3262 fidem,
978 3199 1080 3266 larum,
1096 3205 1177 3271 pater
1191 3217 1271 3255 meus
1281 3200 1428 3271 requirens
1437 3199 1561 3255 iuveniat
1571 3216 1627 3268 me,
1637 3206 1666 3255 et
1674 3201 1777 3256 violen-

133 3284 210 3343 Dicit
227 3287 255 3343 ei
268 3288 422 3345 monachus
435 3289 483 3345 ille
499 3310 504 3346 :
522 3291 592 3347 Ecce
605 3298 686 3365 pater
699 3300 766 3350 tuus
780 3296 873 3351 veniet
880 3313 937 3352 me·
978 3291 1123 3344 1011181101
1131 3306 1176 3344 me
1185 3290 1250 3345 inda
1262 3295 1377 3362 propter
1384 3304 1519 3361 sponsam
1534 3305 1638 3344 meum·
1655 3290 1777 3346 Proinde

133 3392 198 3432 cum
214 3377 251 3432 ad
264 3379 477 3444 monasterium,
494 3386 522 3436 et
537 3381 619 3436 saciet
633 3382 671 3436 ibi
681 3388 739 3437 tres
747 3383 806 3438 dies
816 3386 859 3439 vel
869 3400 936 3456 qua·
977 3395 1092 3450 pergam
1099 3379 1134 3434 ad
1141 3377 1636 3453 monasteriumvirorum,ubinullus
1643 3379 1777 3451 suspiciet

133 3470 209 3521 tuor.
223 3466 266 3522 ’111
280 3472 376 3523 autem
396 3468 488 3524 adduc
501 3486 588 3525 unum
609 3471 643 3525 de
658 3473 811 3539 monachis,
827 3479 857 3528 et
871 3490 938 3546 quo-
978 3485 1024 3523 me
1033 3485 1104 3523 esse.
1117 3468 1152 3523 Et
1160 3469 1220 3523 haec
1231 3469 1326 3524 dicens
1342 3469 1461 3540 projecit
1473 3474 1579 3523 vestem
1598 3468 1774 3537 muliebrem,

134 3555 221 3612 modo
234 3556 321 3624 voles,
336 3565 464 3614 occurret
474 3559 524 3614 tibi
539 3577 603 3615 cum
618 3576 720 3632 magno
734 3563 848 3632 gaudio.
976 3557 1124 3630 induitque
1144 3575 1174 3613 se
1193 3558 1313 3625 virilem,
1327 3563 1357 3612 et
1374 3575 1436 3614 sero
1450 3558 1524 3613 sacto
1545 3557 1629 3613 exivit
1643 3558 1677 3613 de
1692 3559 1775 3614 domo

170 3645 238 3700 011.
253 3645 316 3702 vn.
332 3674 363 3688 -
376 3648 443 3703 ilaec
457 3654 486 3704 et
495 3648 539 3703 his
546 3649 650 3705 similia
659 3650 707 3705 illo
723 3651 936 3709 dicenteadEu·
977 3662 1038 3714 sua,
1045 3648 1184 3719 accipiens
1192 3664 1287 3703 secum
1297 3648 1466 3719 quingentos
1477 3647 1623 3712 solidos,et
1631 3646 1778 3703 abscondit

134 3733 319 3807 phrosynam,
328 3737 405 3792 venit
411 3738 596 3811 Paphnutius,
609 3745 638 3795 et
649 3740 744 3796 videns
754 3743 934 3812 monachum,
976 3754 1007 3794 se
1021 3737 1051 3792 in
1061 3739 1156 3811 aliquo
1167 3738 1227 3793 loco
1240 3756 1291 3810 per
1301 3743 1390 3793 totam
1403 3742 1524 3793 noctem.
1534 3738 1616 3792 Mane
1626 3743 1723 3794 autem
1732 3738 1776 3793 fa-

134 3824 323 3897 interrogavit
344 3841 418 3894 eura,
434 3827 530 3882 dicens
550 3848 556 3882 ε
576 3829 648 3893 Quid
663 3830 698 3884 ad
721 3847 771 3885 nos
791 3830 936 3887 fastidium
977 3832 1031 3894 cto,
1047 3828 1124 3882 venit
1138 3833 1218 3899 pater
1231 3829 1291 3899 ejus
1314 3828 1345 3882 iu
1363 3827 1523 3894 civitatem3
1550 3826 1659 3882 volente
1679 3834 1775 3883 autem

133 3913 292 3986 sumpsisti,
307 3914 442 3971 domine?
457 3916 492 3971 Et
505 3917 576 3972 dixit
589 3917 624 3972 ad
638 3933 720 3973 eum:
738 3920 937 3976 huniversaria
977 3916 1045 3983 Deo,
1053 3917 1148 3972 statim
1159 3917 1189 3972 in
1199 3917 1316 3971 eeclesia
1322 3916 1677 3989 ambulavitEuphrosyna
1686 3917 1776 3988 igitur

133 4001 196 4059 dies
209 4009 254 4059 est
265 4005 524 4071 monasterii,misit
539 4023 584 4061 me
598 4006 683 4062 abbas
694 4012 726 4062 ut
734 4010 830 4064 venias
845 4015 873 4064 et
888 4027 935 4065 ac·
977 4006 1105 4076 pervenit
1114 4006 1149 4060 ad
1160 4006 1362 4061 monasterium
1370 4006 1448 4072 illud,
1460 4004 1508 4061 ubi
1520 4011 1549 4060 et
1556 4011 1638 4077 pater
1648 4007 1776 4078 ejuserat

134 4091 739 4163 cipiasbenedictionem.Gavisusestautem
750 4097 933 4168 Paphnutius,
976 4094 1773 4166 notissimus,etnuntiavitperostiariumabbati,dicens:

133 4179 335 4252 ingressusque
344 4197 408 4237 cum
423 4198 456 4239 eo
471 4183 500 4238 in
514 4184 681 4251 naviculam,
691 4184 821 4241 abierunt
834 4186 864 4241 in
876 4204 934 4242 mo·
976 4184 1128 4239 Eunuchus
1143 4183 1257 4255 quidam
1272 4184 1307 4238 de
1322 4183 1426 4254 palatio
1440 4183 1565 4250 veniens,
1582 4190 1648 4241 aute
1669 4186 1773 4239 ostium

133 4269 480 4328 materiamcumautem
490 4280 564 4328 esset
572 4273 739 4338 ibi,mittens
749 4276 934 4349 Euphrosyne
974 4277 1039 4340 stat,
1055 4273 1170 4344 cupiens
1183 4273 1260 4343 loqui
1272 4278 1377 4326 tecum.
1402 4271 1521 4341 Egresso
1547 4275 1641 4325 autem
1661 4272 1771 4338 abbate,

132 4374 224 4415 unum
237 4358 375 4416 famulum
389 4361 594 4430 fidelissimum,
605 4363 676 4418 dixit
687 4382 692 4417 :
703 4364 780 4419 Vade
794 4364 824 4419 in
838 4356 966 4420 mona-D
975 4363 1093 4434 projecit
1106 4379 1137 4417 se
1151 4362 1337 4433 Euphrosyne
1356 4361 1385 4414 in
1400 4366 1487 4426 terra,
1502 4365 1530 4414 et
1551 4359 1625 4414 sacta
1647 4360 1774 4415 oratione

133 4448 254 4504 sterium
274 4449 432 4517 Theodosii,
452 4452 652 4523 ingressusque
670 4452 825 4520 ecclesiam,
839 4471 936 4510 mona·
976 4452 1118 4507 sederunt.
1128 4450 1200 4506 Dicit
1214 4451 1240 4505 ci
1253 4466 1355 4504 senex:
1369 4448 1443 4513 Quid
1452 4453 1495 4503 est
1505 4449 1579 4520 quod
1594 4449 1648 4504 huc
1662 4449 1772 4518 venisti,

133 4538 220 4595 11111111
233 4554 318 4611 quem
327 4538 366 4594 ibi
375 4540 516 4596 inveneris
526 4541 616 4596 adduc
625 4547 728 4597 tecum.
745 4543 936 4600 Misericordia
976 4541 1032 4596 tilii
1041 4541 1114 4596 Dicit
1120 4541 1146 4596 ei
1156 4541 1353 4612 Euphrosyne:
1367 4539 1424 4611 Ego
1437 4539 1551 4611 quidem
1565 4539 1600 4593 de
1615 4539 1719 4612 palatio
1732 4539 1773 4595 fui

133 4632 232 4685 autem
244 4627 296 4683 Dei
311 4645 374 4685 ecce
387 4630 503 4700 quidam
516 4630 670 4685 monachus
684 4631 813 4686 veniebat
825 4632 859 4688 de
874 4649 936 4688 mo·
976 4631 1131 4694 eunuchus,
1140 4636 1169 4686 et
1179 4630 1350 4686 desiderium
1364 4628 1450 4684 habui
1464 4645 1575 4701 semper
1587 4629 1774 4687 conversatio·

133 4715 270 4784 mterio,
281 4718 404 4773 vendens
412 4735 474 4791 quae
483 4734 577 4775 secum
584 4720 713 4775 habebat.
722 4722 757 4775 Et
763 4721 860 4778 videns
869 4739 935 4778 eum
975 4737 1040 4775 uem
1052 4721 1263 4785 monachorum,
1271 4724 1300 4775 et
1311 4720 1407 4775 civitas
1416 4718 1678 4774 nostranuncvalde
1687 4718 1774 4774 habet

132 4821 216 4878 puer,
225 4807 337 4878 rogavit
349 4824 414 4864 eum
428 4814 461 4864 ut
469 4809 577 4864 veniret
590 4810 626 4863 ad
640 4810 864 4883 Euphrosynam.
880 4813 934 4877 Qui
975 4809 1027 4863 hoc
1033 4810 1158 4864 studium
1166 4808 1719 4866 conversationis.Notumautemfactum
1730 4813 1774 4864 est

131 4911 200 4952 eum
213 4895 343 4964 recuset,
359 4898 456 4953 videns
473 4914 538 4953 eum
550 4899 653 4971 puella,
669 4917 787 4971 surgens
804 4901 935 4957 salutavit
975 4898 1043 4953 mihi
1054 4899 1171 4955 debona
1181 4906 1274 4956 vestra
1283 4897 1502 4962 conversatione,
1510 4901 1539 4951 et
1552 4897 1634 4970 cupio
1644 4897 1774 4955 habitare

131 5000 211 5053 eum,
226 4985 339 5041 dicens:
357 4987 414 5042 Ora
426 5004 477 5059 pro
491 5004 546 5055 me,
556 4989 640 5043 Pater
651 4995 783 5056 3etorans
792 4988 935 5045 benedixit
974 4986 1125 5044 vobiscum.
1138 4989 1233 5044 Habeo
1246 4990 1322 5044 enim
1338 4994 1367 5042 et
1381 4986 1571 5060 possessiones
1585 4989 1699 5056 multas,
1710 4989 1773 5046 etsi

130 5088 208 5142 mm,
218 5075 338 5131 etsedit·
349 5075 425 5131 Dixit
437 5082 531 5132 autem
543 5077 742 5150 Euphrosyne:
755 5080 873 5135 Domine
884 5080 932 5147 mi,
974 5080 1105 5136 dominus
1119 5081 1228 5135 dederit
1242 5080 1379 5149 requiem,
1392 5079 1499 5135 adduco
1518 5094 1566 5134 eas
1579 5079 1643 5134 huc.
1660 5080 1733 5135 Dicit
1747 5081 1773 5136 ei

131 5179 187 5235 ego
201 5163 291 5218 habeo
304 5170 414 5236 patrem
429 5165 622 5221 Christianum
635 5173 664 5222 et
673 5183 784 5222 servum
798 5169 859 5236 Dei,
872 5186 934 5241 pos·
974 5186 1058 5226 senex
1074 5187 1080 5225 :
1099 5170 1172 5224 liene
1187 5168 1296 5233 venisti,
1307 5168 1360 5222 tili:
1374 5182 1437 5223 ecce
1447 5169 1652 5224 monasterium
1663 5188 1669 5237 ;
1681 5170 1705 5224 si
1714 5170 1774 5240 pla·

130 5268 275 5307 sessorem
288 5254 453 5311 substantia
466 5255 550 5310 nimis
560 5275 566 5322 3
578 5256 733 5327 habuitque
743 5275 861 5313 uxorem
872 5276 933 5330 quae
974 5264 1028 5326 cet,
1040 5259 1136 5313 habita
1145 5259 1301 5314 nobiscum.
1313 5257 1458 5312 Etdicitci
1467 5275 1551 5313 senex
1561 5259 1609 5314 ille
1621 5279 1626 5313 :
1641 5259 1720 5324 Quod
1730 5266 1774 5316 est

128 5357 179 5399 me
186 5341 296 5412 genuit,
306 5345 435 5416 quaejam
444 5345 574 5401 transivit
583 5346 617 5401 de
626 5347 678 5402 hac
688 5347 753 5401 vita.
766 5347 933 5404 Vultautem
974 5365 1077 5404 nomeu
1092 5348 1194 5403 tuum?
1209 5347 1282 5402 Dicit
1291 5347 1317 5402 ei
1328 5365 1335 5400 :
1346 5346 1524 5417 Smaragdos.
1537 5347 1612 5403 Dicit
1625 5349 1651 5404 ei
1664 5347 1769 5403 abbas:

128 5437 217 5506 peter
230 5449 311 5489 meus
325 5450 375 5505 pro
389 5432 519 5490 omnibus
533 5435 617 5491 rebus
631 5437 690 5491 suis
700 5437 812 5491 tradere
823 5455 867 5493 me
885 5456 935 5494 sae-
974 5439 1088 5495 iuvenis
1103 5455 1206 5503 ennon
1220 5442 1301 5509 potes
1315 5437 1391 5492 solus
1400 5436 1508 5504 sedere,
1522 5454 1592 5510 opus
1601 5444 1643 5493 cst
1653 5438 1704 5494 tibi
1717 5439 1769 5493 ha·

127 5522 197 5581 calo
208 5521 274 5579 huic
284 5522 389 5596 iniquo,
399 5530 429 5581 et
446 5540 498 5597 ego
506 5525 571 5583 uolo
581 5526 723 5599 inquinari
732 5527 762 5583 in
773 5543 816 5595 eo,
831 5528 879 5583 sed
895 5529 933 5584 ti·
974 5527 1041 5585 bere
1055 5528 1233 5598 magistrum,
1249 5534 1282 5584 ut
1295 5528 1385 5583 discas
1398 5528 1526 5599 regulam
1540 5533 1569 5583 ot
1582 5527 1770 5583 conversatio-
