3818 6120
97 336 102 348 Ι
176 252 247 318 lma
748 250 794 307 nu
812 249 907 307 vrrrs
926 249 1074 307 rnreuu
1091 250 1199 309 urana
1216 250 1264 306 v1.
1754 246 1820 306 roos

214 381 255 440 lt.
271 377 454 452 Temporibus
468 375 572 432 Juliani
583 372 617 444 (dl
633 380 776 448 apostatae,
791 393 853 431 cum
864 373 1080 436 descen-Auem
1096 375 1298 449 improperium
1323 374 1388 444 ejus
1402 372 1492 429 dixit:
1520 373 1612 429 Credo
1641 373 1672 430 in
1697 374 1817 443 Christo,

129 480 132 489 '
175 473 256 529 deret
270 471 299 526 in
315 467 437 533 Perside,
455 465 556 521 missus
571 465 736 521 estdaemon
750 465 785 519 ab
802 465 900 519 eodem
928 467 975 521 Ju·
1016 466 1082 536 quia
1091 467 1169 538 prius
1180 482 1263 537 quam
1272 465 1356 519 finem
1365 462 1478 530 faciam,
1490 461 1588 518 bibens
1598 463 1817 532 calicemistum,

175 563 260 626 hano,
271 548 304 614 ut
316 557 438 613 velocius
456 556 560 610 vadens
575 555 605 609 in
619 555 808 622 Occidentem,
820 555 934 609 allerret
947 555 974 611 ei
1015 556 1168 626 egredieris
1179 556 1214 610 ab
1228 572 1271 609 eo.
1283 555 1390 609 Etcum
1404 551 1535 624 coepisset
1548 570 1635 608 senex
1647 552 1755 621 bibere,
1766 555 1817 609 cla·

175 664 341 722 responsum
351 646 466 718 aliquod
474 642 623 699 inde.Cum
633 650 729 699 autem
743 644 974 716 pervenissetille
1015 645 1102 698 mavit
1123 644 1241 710 daemon,
1258 644 1353 698 dicens
1370 661 1376 696 :
1393 641 1523 698 Incendis
1534 659 1589 698 me.
1607 644 1642 698 Et
1664 648 1816 715 antequam

173 740 283 795 daemon
294 738 323 792 in
338 735 488 808 quemdam
501 733 604 801 locum,
620 734 668 788 ubi
684 733 798 805 quidam
819 733 973 789 monachus
1014 741 1222 789 consummaret
1238 732 1345 800 bibens,
1360 732 1444 787 exivit
1466 731 1548 787 abeo
1563 733 1675 788 daemon
1685 748 1737 804 per
1751 748 1815 803 gra·

171 827 326 894 habitabat,
343 825 422 881 stetit
431 823 535 879 ibidem
551 840 603 895 per
626 824 686 878 dies
697 824 791 878 decem
807 823 969 890 immobilis,
1012 822 1081 877 tiam
1092 823 1207 878 Christi.

171 935 205 974 eo
221 918 297 990 quod
310 931 367 971 non
379 918 490 987 poterat
499 913 575 967 ultra
582 912 723 984 progredi,
735 913 802 983 quia
817 912 970 968 monachus
1046 913 1092 966 ll.
1104 912 1303 984 Misitquidam
1309 910 1813 984 Patrumdiscipulnmsuumhaurire

170 1007 284 1063 illenon
298 1004 426 1062 cessabat
439 1003 555 1070 orando,
571 1018 662 1074 neque
672 1007 752 1056 nocte
765 1018 856 1073 neque
866 1002 921 1058 die.
936 1003 970 1057 Et
1011 1017 1114 1072 aquarn
1127 1021 1132 1055 :
1146 1008 1207 1056 erat
1220 1008 1314 1056 autem
1339 1007 1441 1073 puteus
1466 1001 1562 1072 procul
1590 1001 1673 1055 valde
1700 1017 1718 1055 a
1744 1001 1813 1056 cella

168 1113 313 1169 regressus
327 1094 439 1150 estsine
453 1093 552 1148 ellectu
566 1091 602 1146 ed
616 1108 681 1146 eum
697 1090 744 1162 qui
754 1091 965 1148 miserabillum.
1010 1091 1145 1162 ipsorum,
1162 1097 1191 1146 ct
1204 1091 1307 1147 oblitus
1320 1099 1363 1147 est
1377 1095 1489 1163 portare
1497 1090 1593 1145 sunem
1609 1107 1708 1146 secum
1721 1092 1810 1159 (Duff,

166 1186 242 1242 Dixit
256 1190 351 1240 autem
362 1184 387 1238 ei
403 1182 531 1238 Julianus
543 1199 548 1234 :
562 1180 655 1244 Quare
664 1180 800 1235 tardasti?
811 1179 968 1252 Respondit
1009 1182 1056 1238 lto.
1091 1196 1132 1247 111,
1149 1197 1178 1236 a.
1195 1179 1250 1248 ς28).
1269 1183 1340 1236 Duru
1352 1197 1417 1235 vero
1441 1181 1564 1235 venisset
1587 1180 1677 1234 frater
1704 1180 1753 1234 ille
1776 1179 1811 1236 ad

167 1276 193 1330 ei
208 1276 316 1330 daemon
332 1278 359 1329 et
379 1273 472 1327 dixit:
492 1273 525 1326 Et
539 1287 647 1325 moram
661 1269 722 1336 feci,
739 1275 767 1323 et
783 1270 842 1324 sine
857 1271 967 1325 actione
1008 1275 1135 1340 puteum,
1149 1276 1178 1325 et
1195 1270 1371 1339 cognovisset
1380 1271 1447 1341 quia
1464 1285 1521 1325 uon
1532 1274 1694 1340 portaverat
1703 1269 1808 1335 sunem,

167 1381 296 1421 reversus
308 1380 369 1418 sum
382 1381 388 1429 ;
401 1360 522 1416 sustinui
536 1361 612 1415 enim
625 1360 721 1414 decern
748 1359 808 1413 dies
835 1359 966 1415 Publium
1008 1358 1072 1413 fecit
1084 1360 1240 1415 orationem
1256 1366 1285 1414 et
1301 1361 1434 1426 clamans,
1450 1358 1540 1414 dixit:
1557 1358 1581 1415 0
1596 1363 1693 1430 putee,
1714 1364 1807 1430 putee,

167 1453 346 1515 monachum,
363 1451 387 1507 si
400 1451 470 1506 forte
484 1455 621 1505 cessasset
634 1447 668 1503 ab
684 1448 810 1504 oratione
822 1453 855 1503 ut
866 1443 967 1503 transi·
1007 1447 1093 1503 abbas
1104 1466 1182 1504 meus
1195 1449 1265 1504 dixit
1279 1456 1310 1504 ut
1320 1449 1467 1520 implerem
1477 1448 1610 1519 lagenam
1624 1448 1710 1503 istam
1724 1464 1808 1519 aqua.

167 1560 236 1610 rem,
248 1548 279 1600 et
288 1558 346 1599 uon
359 1540 486 1606 cessavit,
502 1545 532 1595 et
542 1537 700 1611 prohibitus
714 1554 777 1592 sum
788 1538 919 1604 transire,
935 1546 964 1594 et
1007 1538 1041 1592 Et
1051 1538 1185 1594 contiuuo
1194 1540 1320 1594 escendit
1333 1556 1407 1610 aqua
1419 1555 1508 1609 usque
1520 1538 1556 1593 ad
1567 1555 1712 1593 summurn
1719 1538 1808 1609 putei,

164 1631 235 1686 redii
241 1630 310 1686 nihil
319 1645 416 1701 agens.
427 1629 505 1684 Tunc
514 1627 715 1700 impiissimusl
718 1627 828 1682 ullanus
838 1627 964 1700 indigna·
1005 1634 1034 1682 et
1047 1628 1174 1700 implevit
1186 1629 1273 1683 frater
1285 1629 1471 1699 illclegeuam
1480 1644 1567 1695 suam,
1576 1633 1605 1683 et
1616 1627 1753 1683 restituta
1767 1633 1809 1684 est

164 1725 211 1775 tus
225 1719 294 1777 dixit
309 1738 314 1773 :
328 1720 399 1774 Cum
413 1734 557 1789 regressus
572 1716 659 1783 fuero,
674 1716 773 1771 faciam
789 1717 818 1771 iu
829 1734 893 1771 eum
904 1717 963 1772 vin·
974 1697 997 1758 Β
1007 1716 1109 1772 iterum
1123 1720 1153 1773 in
1165 1718 1256 1774 locum
1266 1736 1359 1774 suum.

163 1810 276 1865 dictam.
292 1809 327 1864 Et
344 1807 419 1863 intra
434 1823 537 1879 paucos
546 1805 607 1861 dies
621 1805 738 1861 interem
742 1810 807 1877 ptus
821 1811 864 1860 est
874 1822 965 1877 apro·
1232 1807 1404 1863 LIBELLUS
1417 1807 1579 1862 TERTIUS.

161 1899 285 1954 videntia
294 1898 355 1953 Dei.
367 1898 402 1952 Et
413 1896 547 1952 continuo
560 1912 634 1951 unus
643 1911 676 1949 ex
686 1894 824 1966 praefertis
837 1895 885 1966 qui
899 1911 963 1949 cum
1039 1898 1076 1952 Dc
1087 1901 1290 1952 conuersatione
1299 1900 1403 1966 optima
1414 1899 1586 1952 diversorum
1597 1901 1774 1952 sanctorum.

162 2005 195 2044 eo
210 1993 300 2056 erant,
315 1988 419 2042 vadens
433 1985 558 2040 vendidit
582 1984 677 2040 omnia
702 2001 764 2056 quae
784 1984 919 2052 habebat,
935 1989 964 2039 et
1038 1987 1065 2040 l.
1083 1986 1191 2041 Retulit
1209 1986 1295 2041 abbas
1309 1987 1405 2053 Dulas,
1420 1985 1515 2040 diceus
1531 2004 1536 2039 :
1552 1984 1742 2040 Ambulantes
1761 1985 1808 2040 ali·

161 2077 239 2133 dedit
248 2076 428 2149 pauperibus,
444 2075 593 2130 etveniens
607 2076 642 2129 ad
654 2073 849 2140 senemillum,
865 2078 956 2140 051
1004 2075 1115 2145 quando
1128 2076 1157 2129 iu
1172 2092 1267 2130 eremo
1282 2092 1333 2146 ego
1343 2081 1373 2130 et
1383 2074 1469 2129 abbas
1481 2074 1804 2144 meusBesarionlllutl,

138 2167 249 2228 ,factus
266 2172 309 2221 est
323 2166 476 2221 monachus
497 2180 626 2235 magnus,
650 2168 679 2218 et
693 2163 731 2218 sic
746 2163 888 2235 quievitiu
904 2162 961 2218 Do·
1003 2166 1051 2219 lib.
1067 2179 1110 2230 111,
1123 2182 1152 2220 a.
1167 2164 1218 2222 tlte
1233 2167 1357 2232 3Pasclr.,
1370 2181 1393 2219 c.
1410 2163 1453 2230 34,
1471 2181 1549 2219 nuni.
1566 2162 1603 2234 3),
1620 2164 1754 2218 venimus
1765 2179 1805 2218 se·

159 2256 246 2311 mino.
1002 2269 1051 2308 cus
1069 2255 1219 2325 quamdam
1234 2255 1396 2326 speluncam
1409 2272 1415 2307 ι
1426 2253 1455 2308 in
1469 2253 1802 2326 quamingressi,inreui·

192 2345 238 2401 13.
248 2344 333 2400 Venit
343 2345 618 2415 aliquandoquidarn
629 2342 770 2398 saecularis
781 2342 814 2396 ad
828 2340 959 2397 abbatem
1000 2360 1063 2398 mus
1074 2344 1113 2398 ibi
1127 2345 1276 2415 quemdam
1293 2345 1409 2398 lratrem
1423 2343 1568 2398 sedentem
1592 2348 1623 2397 ct
1637 2348 1803 2414 operantem

158 2434 231 2490 Sisoi
241 2434 402 2490 inmontem
412 2432 521 2488 abbatis
530 2432 654 2497 Antonii,
663 2430 863 2485 habenstilium
874 2447 957 2485 suurn
999 2434 1120 2506 plectam
1134 2435 1169 2489 de
1179 2434 1296 2505 palmis;
1313 2434 1361 2505 qui
1373 2434 1464 2488 noluit
1476 2432 1618 2505 respicere
1631 2433 1668 2488 ed
1681 2449 1746 2500 nos,
1757 2449 1803 2488 ne·

157 2540 251 2579 secum
266 2525 357 2591 (llum,
372 2526 419 2578 lib.
438 2537 478 2588 111,
489 2539 519 2578 a.
537 2521 597 2591 lto)
612 2541 618 2589 ;
633 2521 701 2575 etin
712 2520 814 2574 itinere
828 2525 956 2575 mortuus
998 2540 1052 2594 que
1071 2524 1204 2589 salutare,
1222 2540 1273 2578 nec
1288 2523 1401 2577 omnino
1423 2518 1500 2594 loqui
1524 2521 1612 2577 soluit
1640 2520 1799 2577 nobiscum.

156 2613 282 2668 estlrlius
296 2613 367 2684 ejus,
384 2617 478 2667 etnon
493 2616 536 2665 cst
549 2609 742 2675 conturbatus,
759 2609 808 2663 sed
823 2625 887 2663 cum
900 2610 955 2665 tide
996 2611 1072 2666 Dixit
1082 2617 1178 2676 autem
1192 2610 1261 2666 mihi
1275 2628 1376 2666 senex:
1394 2611 1498 2666 Eamus
1516 2610 1592 2676 hinc,
1609 2609 1731 2665 forsitan
1746 2626 1799 2665 non

153 2702 218 2757 tulit
232 2718 297 2757 eum
311 2701 437 2755 edilium
452 2716 557 2764 senem,
575 2704 603 2754 et
614 2698 734 2770 procidit
751 2714 815 2752 cum
830 2698 888 2753 filio
902 2715 953 2753 suo
995 2706 1039 2755 est
1052 2701 1164 2756 enimus
1182 2700 1277 2755 fratris
1301 2701 1382 2755 istius
1403 2701 1480 2771 loqui
1504 2698 1664 2754 nobiscum.
1688 2700 1799 2771 Egressi

153 2789 496 2863 tanquampoenitentiam
510 2789 624 2853 faciens,
643 2792 676 2841 ut
691 2787 904 2842 benediceretur
917 2787 952 2842 ab
995 2806 1106 2861 quoque
1128 2789 1203 2855 inde,
1225 2789 1298 2844 illico
1313 2788 1516 2843 ambulavimus
1545 2788 1640 2843 ridere
1666 2787 1799 2842 abbatem

152 2880 252 2935 eodem
265 2896 342 2935 sene.
360 2880 395 2934 Et
405 2895 523 2950 surgens
536 2884 617 2950 pater
634 2877 715 2948 pueri
731 2877 844 2948 reliquit
863 2878 952 2932 silium
993 2879 1139 2933 Joaunem.
1159 2878 1319 2934 Redeuntes
1332 2895 1397 2932 vero
1411 2877 1539 2932 venimus
1554 2877 1659 2932 iterum
1675 2893 1799 2950 perspe-

108 2988 110 2993 ·
150 2986 234 3025 suum
249 2975 314 3025 ante
333 2969 418 3042 pedes
433 2968 521 3040 ipsius
531 2968 615 3033 senis,
632 2973 661 3021 et
676 2983 806 3038 egressus
820 2971 865 3021 est
877 2971 951 3021 toras
993 2966 1104 3022 luncam
1117 2967 1206 3035 illam,
1223 2966 1272 3023 ubi
1281 2968 1397 3025 fratrem
1407 2967 1487 3022 illum
1499 2967 1673 3023 videramus.
1687 2968 1723 3022 Et
1730 2967 1798 3022 dixit

150 3059 258 3115 cellam.
269 3061 357 3114 Porro
370 3062 572 3128 senexputans,
581 3056 1062 3128 quiapmnitentiamageretcmihi
1075 3073 1160 3111 senex
1176 3076 1181 3111 :
1196 3057 1392 3127 Ingrediamur
1403 3057 1437 3110 ad
1448 3055 1564 3110 fratrem
1580 3056 1680 3119 istum,
1693 3055 1797 3110 silone

150 3154 216 3204 ante
230 3149 315 3221 pedes
330 3148 418 3219 ipsius
424 3163 494 3218 puer
504 3147 561 3211 illc,
573 3146 674 3200 dixitei
688 3164 694 3198 :
712 3146 810 3216 Surge,
825 3146 894 3200 vade
907 3146 950 3200 so·
991 3145 1155 3200 revelaverit
1168 3145 1193 3201 ci
1204 3147 1279 3201 Deus
1292 3146 1370 3218 loqui
1379 3145 1533 3200 nobiscum.
1545 3146 1692 3200 latrantes
1703 3149 1795 3199 autem

152 3255 207 3293 ras.
221 3237 370 3294 No'nenim
385 3235 490 3291 sciebat
505 3237 571 3307 quia
583 3240 790 3290 mortuuserat.
804 3235 839 3289 Et
852 3235 949 3290 statim
989 3232 1148 3289 invenimus
1168 3252 1243 3298 curn,
1264 3235 1330 3306 quia
1351 3236 1506 3290 dormierat
1528 3235 1557 3289 in
1577 3250 1657 3306 pace.
1679 3236 1719 3289 nt
1733 3250 1793 3289 rere

150 3344 269 3398 surgens
287 3342 417 3398 egressus
426 3331 477 3380 est.
489 3325 523 3380 Et
536 3324 633 3379 videns
644 3341 708 3379 eum
724 3331 805 3396 pater
817 3325 888 3395 ejus,
903 3342 949 3379 ex·
988 3340 1073 3378 senex
1096 3323 1136 3378 nit
1163 3324 1231 3378 mihi
1248 3343 1253 3378 :
1268 3325 1350 3387 Veni,
1377 3325 1472 3389 imter,
1503 3324 1672 3395 colligamus
1694 3339 1791 3396 eorpus

147 3415 232 3488 pavit,
251 3422 280 3471 et
295 3416 414 3479 intrans,
441 3413 567 3468 adoravit
582 3430 688 3479 senem,
709 3419 737 3467 et
751 3413 820 3467 dixit
834 3413 861 3467 ei
880 3430 946 3468 ceu·
988 3417 1064 3482 ejus3
1080 3414 1110 3468 iu
1126 3415 1179 3469 hoc
1191 3414 1284 3486 ipsum
1298 3414 1374 3469 enlm
1389 3415 1467 3469 misit
1483 3430 1534 3468 nos
1548 3414 1625 3468 Deus
1642 3413 1680 3468 ad
1699 3431 1791 3469 recon-

148 3521 218 3560 sam.
235 3505 360 3560 Audiens
375 3509 471 3559 autern
493 3504 546 3558 hoc
570 3519 663 3567 senex,
685 3502 868 3557 contristatus
891 3508 943 3567 est,
987 3501 1109 3556 dandum
1120 3518 1193 3556 eum.
1207 3503 1277 3557 Cum
1288 3507 1383 3557 autern
1396 3502 1591 3573 colligeremus
1599 3502 1789 3569 eum,inveni·

146 3594 288 3650 nonenim
303 3593 412 3648 volebat
426 3591 559 3648 hocfieri.
572 3590 702 3662 Praecipit
715 3592 810 3663 itaque
825 3592 850 3645 ei
866 3591 947 3646 disci·
987 3606 1049 3645 mus
1060 3591 1127 3662 quia
1137 3598 1239 3648 natura
1249 3592 1351 3646 mulier
1362 3598 1433 3648 erat.
1448 3593 1484 3646 at
1501 3591 1659 3647 admiratus
1682 3597 1726 3646 est
1749 3608 1789 3646 sc·

112 3738 114 3743 ⁴
145 3684 229 3755 pulus
242 3684 318 3738 senis
336 3689 368 3737 ut
383 3682 488 3737 nemini
500 3681 645 3736 nuntiaret
662 3681 720 3734 haec
730 3696 819 3751 usque
834 3681 868 3734 ad
884 3680 943 3735 obi·
986 3696 1047 3743 nox,
1064 3680 1160 3735 dicens
1175 3700 1181 3734 :
1196 3682 1264 3736 Ecce
1273 3683 1411 3752 quomodo
1426 3688 1456 3736 et
1466 3681 1788 3736 rnulierescolluctantur

146 3779 206 3827 tum
221 3771 310 3843 ipsius
324 3771 408 3826 senis.
984 3769 1117 3825 adversus
1131 3770 1272 3826 diabolum
1293 3773 1320 3826 in
1347 3788 1450 3840 eremo,
1466 3777 1494 3826 et
1513 3787 1564 3826 uos
1584 3772 1616 3826 in
1630 3769 1786 3826 civitatibus

124 3894 127 3898 ,
154 3860 427 3916 ·ll.Tentatusest
444 3859 594 3930 aliquando
622 3857 764 3913 Abrabam
792 3857 945 3929 discipulus
986 3857 1213 3916 dehonestamur.
1224 3861 1419 3916 Glorificantes
1430 3877 1496 3932 ergo
1506 3860 1598 3916 Deum
1608 3857 1785 3933 quiprotegit

145 3949 271 4021 eiusdem
292 3948 401 4005 abbatis
425 3949 497 4004 Sisoi
511 3965 528 4002 a
541 3948 678 4003 daemonio
696 3966 703 4012 ;
720 3953 748 4002 et
766 3947 862 4002 ridens
877 3966 942 4004 eum
985 3947 1133 4021 diligentes
1147 3969 1186 4019 se,
1204 3953 1370 4008 recessimus
1381 3953 1455 4008 inde.

142 4037 217 4094 idem
231 4055 325 4105 senex,
342 4038 409 4111 quia
423 4037 531 4104 cecidit,
548 4037 669 4092 surrexit
683 4042 710 4090 et
726 4037 858 4108 expandit
884 4053 942 4092 ma-
1019 4038 1045 4097 2.
1067 4041 1185 4096 Dicebat
1194 4042 1278 4097 abbas
1293 4043 1467 4109 Vindemiae,
1483 4042 1550 4115 quia
1560 4044 1691 4098 narrarit
1704 4042 1784 4097 abbas

143 4144 196 4184 nus
205 4145 271 4184 suas
283 4127 318 4183 ad
327 4129 426 4194 Deum,
438 4126 533 4182 dicens
545 4145 551 4180 :
563 4126 697 4192 Denaris
710 4143 765 4180 non
775 4126 889 4192 vis,non
900 4127 941 4182 di·
981 4130 1127 4195 Macarius,
1143 4131 1239 4187 dicens
1254 4152 1260 4186 :
1274 4133 1396 4188 Sedente
1408 4149 1453 4187 me
1463 4132 1618 4204 aliquando
1632 4132 1664 4187 in
1680 4132 1782 4205 Scythi,

140 4218 223 4273 mitto
237 4218 291 4273 uisi
305 4217 446 4273 curaveris
461 4234 536 4272 eum.
552 4217 587 4272 Et
600 4220 715 4271 curatus
727 4221 771 4270 est
784 4216 871 4271 frater
880 4216 937 4271 ille.
981 4219 1185 4276 descenderunt
1199 4222 1255 4276 duo
1269 4223 1457 4278 adolescentes
1472 4222 1615 4294 peregrini
1626 4224 1723 4290 (Duff,
1738 4224 1782 4278 lib.

178 4307 219 4366 15μ
235 4308 323 4363 Senex
338 4307 453 4379 quidam
466 4312 526 4360 crat
540 4306 683 4361 solitarius
694 4307 774 4375 juxta
787 4307 802 4360 J
805 4306 938 4361 ordanem
980 4322 1022 4375 ru,
1035 4327 1066 4365 a.
1080 4308 1238 4379 195).Unus
1253 4311 1365 4383 quidem
1374 4312 1500 4383 ipsorum
1509 4310 1665 4382 incipiebat
1675 4311 1782 4365 mittere

140 4398 266 4464 linaium,
281 4403 309 4452 et
321 4397 466 4466 ingressus
480 4401 596 4467 propter
609 4412 709 4449 cauma
723 4395 752 4449 in
764 4396 936 4467 speluncam,
947 4384 1107 4466 Dbarbam,
1125 4400 1197 4455 alius
1207 4416 1272 4456 vero
1286 4417 1343 4456 non
1359 4401 1459 4456 adhuc.
1475 4400 1623 4455 Venerunt
1642 4405 1739 4456 autem
1748 4398 1780 4454 ad

137 4485 246 4542 invenit
259 4487 297 4541 ibi
312 4488 431 4547 leonem,
448 4492 477 4540 et
490 4485 574 4556 coepit
600 4484 644 4539 leo
668 4483 789 4539 fremere
809 4485 939 4540 dentibus
980 4504 1034 4554 me,
1051 4488 1175 4544 dicentes
1191 4489 1265 4545 :Ubi
1285 4494 1328 4545 est
1342 4490 1413 4544 cella
1431 4489 1539 4544 abbatis
1568 4489 1688 4544 Macarii
1701 4490 1714 4543 l
1727 4489 1779 4560 ago

138 4575 195 4630 suis
210 4575 356 4646 aerugire.
371 4574 446 4629 Dixit
455 4581 551 4628 autem
566 4574 591 4627 ei
606 4589 700 4629 senex:
715 4574 787 4638 Quid
797 4575 939 4645 angustia·
979 4582 1074 4633 autem
1088 4578 1144 4632 dixi
1155 4578 1194 4633 eis
1210 4601 1216 4636 :
1232 4579 1305 4643 Quid
1320 4565 1384 4634 eum
1408 4578 1492 4634 vultis
1511 4578 1524 4632 l
1537 4579 1757 4650 Responderunt
1770 4597 1776 4631 :

137 4664 199 4719 ris?
212 4670 255 4720 est
269 4666 346 4720 locus
367 4663 416 4735 qui
430 4663 524 4734 capiat
538 4669 566 4717 et
580 4679 623 4716 nre
643 4667 671 4716 et
689 4667 726 4717 te.
740 4663 769 4718 Si
796 4681 861 4718 vero
881 4682 936 4721 non
978 4667 1131 4722 Audientes
1145 4668 1180 4722 de
1195 4684 1237 4735 eo,
1263 4668 1293 4723 in
1319 4668 1416 4740 Scythi
1434 4667 1562 4723 venimus
1583 4667 1682 4722 videre
1706 4683 1776 4723 eum.

136 4755 187 4820 vis,
199 4770 316 4825 surgens
329 4754 462 4825 egredere
475 4752 548 4808 hinc.
560 4753 616 4808 Lco
638 4757 733 4807 autem
752 4768 809 4811 nen
832 4753 935 4821 ferens,
978 4755 1045 4811 Dico
1056 4756 1096 4811 eis
1109 4776 1114 4810 :
1129 4757 1188 4828 Ego
1200 4773 1273 4812 sum.
1287 4757 1341 4821 Qui
1352 4756 1547 4829 paenitentiam
1562 4762 1694 4828 agentes,
1705 4757 1777 4811 dixe·

135 4858 264 4913 egressus
283 4849 327 4898 cst
344 4844 409 4899 inde
424 4844 507 4898 ieras.
977 4850 1045 4899 runt
1061 4864 1066 4898 :
1082 4845 1134 4899 Hic
1148 4845 1275 4900 volumus
1294 4861 1418 4900 manere.
1434 4845 1493 4916 Ego
1507 4848 1605 4898 autem
1620 4861 1689 4900 cum
1700 4844 1776 4899 vidis

173 4929 215 4987 16.
230 4932 363 4986 Ascendit
377 4931 491 5004 quidam
507 4947 590 4986 senex
605 4930 757 5003 aliquando
768 4931 798 4987 in
812 4933 935 4990 Terenu-
976 4950 1034 4988 sem
1051 4951 1098 4989 eos
1115 4934 1257 4999 delicatos,
1270 4941 1299 4990 et
1312 4935 1391 5006 quasi
1408 4950 1426 4987 a
1439 4933 1556 5002 divitiis,
1571 4933 1630 4988 dixi
1640 4934 1702 4990 eis:
1718 4935 1777 4989 Non

134 5019 206 5075 thim
222 5020 257 5074 de
271 5021 376 5092 Scythi,
388 5021 461 5077 etibi
472 5020 595 5088 divertit3
611 5020 736 5076 videntes
751 5020 875 5077 laborem
884 5023 932 5078 ab·
975 5023 1093 5095 potestis
1103 5023 1148 5078 hic
1157 5024 1264 5078 sedere·
1278 5024 1353 5078 Dixit
1366 5024 1414 5078 ille
1430 5023 1543 5095 major:
1562 5023 1597 5077 Et
1606 5023 1632 5077 si
1648 5039 1706 5078 non
1719 5038 1776 5095 pos·

132 5108 272 5165 atinentice
286 5110 565 5180 eiuaobtuleruntei
579 5111 795 5165 modicumvini.
812 5112 867 5166 Alii
882 5129 933 5168 au·
975 5130 1072 5167 sumus
1086 5113 1130 5167 hic
1142 5113 1248 5180 sedere,
1265 5130 1415 5185 pergemus
1436 5112 1513 5168 alibi.
1529 5111 1675 5184 Dixiergo
1704 5110 1774 5184 apud

131 5204 189 5255 tem
204 5198 349 5253 audientes
358 5199 393 5254 de
406 5199 650 5270 ipsoadduxerunt
663 5199 775 5254 adeum
790 5200 934 5256 hominem
974 5200 1101 5255 animum
1111 5218 1203 5256 meum
1217 5219 1222 5255 :
1235 5202 1273 5258 Ut
1283 5202 1349 5273 quid
1364 5218 1412 5256 eos
1424 5216 1588 5272 persequor,
1600 5205 1630 5254 et
1643 5199 1773 5256 scandali·

130 5289 291 5362 quemdam,
304 5288 473 5343 daeurcnium
490 5289 649 5345 habentem.
659 5290 750 5360 Coepit
761 5297 856 5345 autem
875 5291 932 5346 dae·
974 5289 1099 5344 zantur'l
1116 5289 1206 5345 Labor
1223 5290 1283 5360 ipse
1304 5289 1386 5344 saciet
1410 5306 1458 5344 eos
1473 5295 1505 5344 ut
1519 5305 1536 5343 a
1549 5295 1644 5344 semet
1657 5289 1769 5360 fugient.

130 5394 197 5435 mon
209 5378 257 5434 ille
271 5377 439 5431 maledicere
449 5395 543 5432 senem
559 5379 649 5445 illum,
662 5379 757 5435 dicens
771 5399 776 5434 :
789 5381 831 5434 Ad
845 5380 931 5435 istum
971 5379 1049 5434 Tunc
1059 5380 1115 5434 dixi
1131 5380 1171 5435 eis
1186 5399 1191 5434 :
1209 5381 1318 5447 Venite,
1330 5380 1413 5435 facite
1431 5380 1509 5435 vobis
1523 5381 1672 5449 cellulam,
1688 5382 1711 5435 si
1725 5396 1770 5452 po<

128 5473 287 5544 potatorem
297 5465 354 5522 vini
375 5482 420 5520 me
444 5466 623 5523 adduxistis?
642 5468 677 5524 Et
704 5486 788 5525 senex
815 5471 930 5542 quidem
970 5469 1059 5525 testis.
1074 5471 1175 5526 Dicunt
1190 5476 1219 5526 et
1231 5470 1272 5525 illi
1287 5488 1292 5524 :
1310 5470 1433 5526 Ostende
1457 5469 1538 5526 nobis
1563 5469 1766 5536 tautummodo,

128 5563 244 5641 propter
257 5556 447 5616 humilitatem
459 5555 573 5614 nolebat
586 5574 651 5618 eum
672 5558 773 5632 ejicere
790 5577 797 5630 3
813 5565 928 5635 propter
969 5562 998 5616 et
1011 5559 1154 5618 iaciemus.
1175 5559 1245 5617 Dedi
1260 5563 1355 5617 autem
1381 5559 1422 5617 eis
1445 5557 1568 5617 securim
1595 5565 1627 5617 et
1648 5563 1768 5638 sportam
