3818 6120
156 327 190 382 er
600 315 640 372 IN
659 313 766 370 vlnus
784 312 933 372 Pereunt
950 313 1224 388 Pecueuousrle
1242 313 1341 371 xxvi.
1758 313 1796 373 it

157 470 191 508 ex
205 457 412 525 quamnquam
425 441 547 516 digniori
554 441 626 511 loco,
638 447 735 515 postea
744 439 1085 504 denominatio-Astures
1094 449 1170 505 solus
1184 419 1228 505 est
1239 448 1321 511 divus
1329 443 1590 518 lieronymuaqui
1598 444 1709 512 Latine
1717 446 1797 518 quod

155 559 220 598 neni
240 537 387 610 acceperit.
995 533 1110 603 quidem
1123 541 1242 604 constet,
1257 534 1410 607 scripserit.

131 665 133 670 -
191 631 274 686 Peter
286 645 292 680 :
304 626 364 692 Quo
375 629 502 695 tempore
510 619 563 676 viri
570 619 599 675 hi
609 618 657 692 qui
671 618 774 674 librum
784 616 953 690 conscripse-
1029 623 1188 680 Secundum
1197 630 1226 679 et
1234 623 1351 680 ternum
1358 622 1495 694 scripturn
1504 637 1589 680 essee
1597 621 1723 689 Ruffino,
1729 639 1796 695 par·

155 724 223 774 runt
236 713 406 772 claruerint?
420 708 662 783 Respondetidem
672 707 720 780 qui
733 723 819 778 supra
832 723 838 759 :
853 706 884 761 Id
900 722 952 776 pro
991 709 1044 765 tim
1060 729 1093 767 cr
1103 712 1166 768 diro
1180 713 1361 784 Hieronymo,
1377 711 1483 783 partim
1496 727 1531 767 ex
1544 710 1623 778 nes,
1639 711 1746 783 partim
1760 729 1796 769 ex

154 812 230 862 certo
244 821 300 860 non
314 801 557 859 habetur.llernm
571 814 636 853 cum
651 795 741 867 lingui
755 794 885 866 Gregorii
898 795 952 850 Ro·
991 799 1129 871 probabili
1140 802 1303 872 conjectura
1311 800 1491 856 asseruimus.

153 894 230 950 meni
244 893 395 966 pontificis,
410 892 495 962 hujus
509 886 632 944 nominis
650 884 743 957 primi,
758 883 864 939 tectum
882 899 949 938 nar·
1024 890 1070 944 An
1083 906 1148 944 vero
1156 889 1180 945 is
1190 907 1223 945 ex
1232 888 1331 945 Graeco
1345 889 1533 955 transtulerit,
1543 889 1693 946 incertum.
1704 890 1796 947 Diana

51 1022 60 1046 .
152 988 226 1052 rent,
234 988 263 1039 et
269 979 650 1056 synchronorumCaesarum,
659 973 788 1028 videficet
796 973 947 1039 Anastasii‚
990 976 1178 1051 Hieronymus
1192 978 1302 1034 videtur
1314 978 1434 1035 innuere
1447 994 1465 1033 a
1478 978 1591 1033 Rulitno
1602 978 1666 1049 ipso
1673 994 1791 1051 compo.

132 1070 264 1138 'Tiberii
279 1070 412 1135 Macrini,
425 1074 455 1125 et
467 1066 584 1123 Zenonis
599 1063 771 1121 mentionem
790 1061 903 1130 faciam,
921 1065 950 1118 et
989 1064 1085 1134 situm,
1100 1068 1313 1139 epistolasuprs
1321 1066 1475 1123 ettamen
1487 1066 1582 1121 enim:
1598 1065 1674 1132 «Qui
1684 1066 1792 1124 librum

150 1160 181 1217 in
192 1164 271 1216 sexta
278 1159 387 1233 synodo
394 1158 440 1214 hic
446 1157 517 1213 liber
526 1155 691 1224 adducatur,
703 1154 865 1225 conjectura
874 1167 948 1207 asse·
988 1171 1099 1226 quoque
1114 1156 1225 1227 scripsit
1238 1156 1319 1228 quasi
1343 1155 1379 1211 de
1392 1155 1551 1222 monachis,
1568 1174 1580 1208 r
1601 1156 1677 1227 quod
1691 1161 1791 1214 umen

149 1251 199 1326 qui
212 1265 371 1322 possumus,
387 1247 461 1304 circa
475 1262 582 1303 annum
590 1243 703 1302 Domini
713 1241 948 1300 sexcentesimum
988 1242 1023 1298 de
1037 1243 1107 1299 libro
1127 1245 1250 1300 secundo
1265 1250 1377 1301 tentum
1390 1243 1568 1316 capiendum,
1585 1249 1618 1301 ut
1630 1251 1743 1302 masat
1756 1263 1792 1302 ex

148 1339 229 1409 iilum
242 1339 329 1395 luisse
344 1336 546 1409 conscriptum.
988 1331 1104 1388 Petrum
1118 1333 1288 1399 nominibus,
1308 1350 1371 1405 quae
1388 1333 1471 1391 divus
1484 1333 1674 1405 Hieronymus
1693 1351 1727 1390 ex
1740 1334 1791 1390 illo

188 1429 286 1494 Porro,
305 1428 341 1483 ad
361 1424 633 1485 commendationem
647 1422 733 1494 hujus
751 1420 816 1476 libri
833 1419 949 1476 tandem
990 1421 1094 1476 Ruthni
1108 1421 1179 1477 libro
1189 1423 1330 1494 exprimit,
1346 1422 1395 1494 qui
1410 1438 1461 1478 suo
1475 1426 1603 1494 tempore
1612 1422 1792 1480 circumfere-

152 1517 460 1592 AioysiusLipomanus
470 1514 616 1586 praefatur:
631 1532 642 1565 ι
654 1510 738 1568 Liber
746 1509 801 1576 hic,
814 1509 903 1564 amice
912 1509 951 1564 le·
989 1508 1082 1578 batur,
1098 1527 1217 1584 quorum
1232 1511 1302 1568 Visa
1315 1511 1345 1567 in
1358 1511 1481 1568 secundo
1495 1516 1608 1569 tantum
1620 1510 1692 1568 libro
1706 1528 1792 1585 repc-

151 1614 220 1676 ctor,
237 1623 321 1679 quem
335 1606 386 1661 tibi
401 1603 549 1676 legendum
558 1601 730 1664 exhibemus,
743 1600 860 1655 Pratum
870 1598 952 1670 spiri·
989 1596 1112 1655 riuntur.

149 1696 225 1752 tuale
239 1694 411 1759 nominatur,
428 1709 462 1748 ex
475 1693 572 1748 Graeco
586 1690 703 1746 Munus
717 1705 768 1761 per
782 1689 894 1744 doctum
905 1687 948 1741 vi·
1024 1687 1146 1753 Quartus
1163 1689 1234 1745 liber
1247 1706 1312 1746 cum
1328 1706 1363 1745 ex
1382 1688 1485 1746 Severo
1500 1689 1620 1762 Sulpitio
1637 1695 1668 1745 et
1680 1692 1791 1748 losnne

148 1800 213 1841 rum
225 1782 407 1840 Ambrosium
421 1781 666 1837 Gamaldulensem
679 1778 849 1834 monachum
856 1775 948 1831 reddi·
956 1763 980 1825 Β
989 1777 1123 1833 Cassiano
1141 1779 1180 1833 sit
1192 1779 1383 1847 concinnatus,
1399 1794 1457 1834 non
1471 1795 1642 1851 magnopere
1654 1779 1791 1836 dubitan-

147 1877 204 1941 ms,
216 1888 299 1945 quem
309 1872 401 1927 adhuc
413 1871 489 1942 typis
501 1886 646 1935 excusum,
658 1866 946 1933 nonnisivemacula,
988 1865 1065 1934 dum,
1082 1868 1150 1937 quin
1175 1883 1193 1922 a
1211 1867 1311 1924 Letirm
1327 1868 1393 1939 [rur]
1412 1873 1530 1923 auctore
1555 1884 1590 1923 ea
1609 1869 1791 1925 concinnatio

72 2014 76 2023 ,
148 1966 234 2032 atque
248 1977 283 2016 ea
296 1959 393 2016 italica
406 1959 504 2030 lingua
519 1957 679 2014 habuimus.
986 1953 1118 2022 recusit,
1132 1956 1328 2013 manimecum
1340 1955 1432 2013 verbis
1442 1961 1592 2013 anctorum
1602 1958 1791 2015 concinnator

184 2044 946 2120 «Tantaautemspiritualiumflosculorumamoenitate
986 2042 1153 2117 plerumque
1167 2052 1273 2101 utatur.

146 2133 266 2201 refertus
276 2139 328 2202 est,
339 2139 372 2191 ut
385 2132 415 2188 in
429 2132 552 2205 paradisi
566 2131 673 2187 deliciis
684 2138 763 2187 crtus
775 2147 836 2186 esse
850 2130 945 2185 videa·
1021 2133 1119 2197 Quinti
1132 2140 1162 2189 et
1173 2134 1244 2190 sexti
1258 2134 1325 2190 libri
1337 2134 1466 2191 Graecum
1482 2139 1627 2192 auctorem
1639 2152 1712 2205 esse,
1721 2153 1789 2193 con·

144 2229 202 2279 tur.
220 2223 300 2290 lneo
320 2222 460 2294 siquidem
482 2221 663 2294 antiquorum
688 2221 900 2285 monachorum,
916 2223 946 2274 et
984 2225 1041 2277 stat
1055 2238 1090 2278 ex
1102 2223 1195 2278 Photii
1210 2223 1392 2290 Bibliotheca,
1404 2224 1474 2280 cod.
1488 2223 1551 2287 198,
1564 2225 1613 2297 qui
1627 2241 1677 2281 ecs
1689 2226 1789 2283 Graece

144 2312 266 2370 aliorum
280 2312 398 2369 Petrum
409 2313 467 2380 Deo
477 2329 510 2367 ex
521 2311 628 2368 intimis
644 2310 806 2382 praecordiis
819 2309 944 2364 servien—
985 2309 1063 2382 legit,
1079 2317 1108 2367 et
1121 2312 1187 2384 styli
1199 2312 1428 2385 perspicuitatem
1441 2313 1592 2369 collaudat.

144 2402 217 2459 tium
231 2402 340 2459 redolet
352 2402 416 2458 vitre
430 2401 571 2474 splendor,
581 2400 719 2472 regularis
730 2399 883 2470 discipline
898 2397 946 2453 ob-
1022 2400 1139 2473 Septimi
1149 2401 1213 2456 libri
1221 2401 1351 2458 Graecum
1362 2408 1509 2458 auctorem
1521 2419 1591 2471 esse,
1602 2402 1709 2460 indicat
1722 2405 1786 2477 ipse

143 2490 505 2563 serrantia,pudicitiae[xu]
514 2489 729 2546 etcontinentiae
738 2488 944 2555 normannus
984 2488 1123 2561 interpres
1135 2491 1311 2546 Paschasius.

142 2586 172 2649 et
192 2580 310 2636 vestitus
334 2580 517 2652 parcimonia,
541 2585 639 2635 contra
664 2578 812 2634 haereticos
840 2576 944 2633 invicta
1019 2578 1117 2634 Octavi
1126 2579 1192 2635 libri
1211 2580 1324 2636 Graecus
1338 2585 1437 2637 auctor
1450 2586 1494 2637 est
1511 2581 1664 2650 Palladius,
1678 2583 1786 2639 utria·

142 2669 310 2735 constantia,
320 2668 484 2741 injejnniis‚
495 2669 635 2740 vigiliiset
644 2667 818 2723 orationibus
829 2666 942 2722 assidua
982 2683 1047 2722 rum
1056 2673 1099 2722 est
1113 2685 1147 2723 er
1161 2669 1285 2737 Socrate,
1300 2670 1500 2741 prolegomeno
1515 2669 1559 2729 10.

140 2757 390 2830 perseverantiae
400 2775 468 2829 erga
475 2758 728 2814 Dominumlesum
735 2756 879 2812 Christum
886 2755 942 2811 exi·
1017 2755 1092 2811 Noni
1106 2756 1171 2812 libri
1184 2763 1282 2812 auctor
1297 2763 1340 2813 est
1353 2758 1554 2826 theodoretus,
1563 2765 1597 2815 ut
1610 2776 1697 2833 snpra
1709 2761 1785 2818 vidi·

143 2846 218 2903 mius
229 2852 259 2902 et
268 2845 471 2902 inestimabilis
481 2863 575 2914 amor;
586 2847 655 2918 quin
669 2846 755 2901 etiam
765 2844 941 2900 admirabilis
982 2860 1055 2912 mue,
1072 2862 1156 2918 quern
1171 2847 1298 2902 Graecum
1308 2847 1393 2902 luisse
1408 2847 1492 2903 nimis
1501 2865 1586 2920 quarn
1599 2856 1708 2905 notum

142 2935 280 3006 quedam,
295 2951 328 2991 ec
341 2935 447 3007 Spiritu
461 2942 558 2991 sancto
572 2936 655 3007 plena
670 2951 813 3007 responsa,
827 2951 889 3006 quse
903 2934 942 2989 le·
1016 2934 1122 2989 Decimi
1141 2935 1205 2990 libri
1223 2941 1379 2992 auctorest
1399 2926 1522 2992 loannes
1539 2939 1679 3005 moschus,
1697 2955 1785 3011 quern

140 3025 269 3094 gentium
278 3030 387 3081 mentes
396 3024 536 3098 spirituali
543 3025 664 3098 quadam
672 3025 819 3080 dulcedine
829 3023 941 3097 periun-
981 3021 1076 3078 (lrsece
1088 3024 1233 3096 scripsisse
1247 3030 1369 3081 testatur
1380 3026 1698 3091 Photius,¹Bibliothecae
1708 3029 1781 3083 (lod.

141 3113 226 3181 dunt;
241 3119 404 3170 sanctarum
421 3115 544 3187 denique
563 3114 713 3171 mulierum
733 3114 836 3170 invicta
859 3112 936 3178 fides,
949 3108 1044 3180 0199,
1060 3111 1175 3184 hacque
1193 3113 1228 3169 de
1244 3115 1306 3185 ejus
1324 3115 1398 3186 stylo
1416 3114 1522 3171 habet:
1544 3115 1579 3170 ‘H
1598 3115 1626 3170 δὲ
1643 3122 1688 3170 τοῦ
1705 3115 1784 3188 λόγου

140 3203 255 3261 maula
269 3203 504 3277 incomparabilis,
519 3209 549 3260 et
562 3203 627 3261 felix
643 3219 741 3260 earum
755 3202 785 3259 in
799 3203 857 3259 Deo
871 3219 938 3259 con-
980 3200 1095 3272 ipunitius
1115 3197 1148 3264 εἷς
1166 3199 1195 3255 τὸ
1216 3201 1387 3274 ταπεινότερον
1406 3209 1451 3257 τοῦ
1471 3205 1602 3276 προτέρου,
1624 3205 1665 3257 καὶ
1684 3200 1782 3276 ripati-

141 3293 303 3368 sunymtim
979 3307 1064 3360 στερον
1077 3284 1201 3344 ἀποκλίνει
1217 3308 1224 3343 :
1243 3290 1366 3362 (Operis
1376 3297 1472 3347 autem
1479 3292 1566 3364 hujus
1574 3291 1669 3355 dictio.
1683 3293 1777 3364 magis

176 3382 252 3438 «Osi
262 3382 333 3439 tales
348 3382 432 3438 modo
441 3382 631 3441 inveniremus
643 3383 747 3440 milites
757 3383 869 3439 Christo
881 3398 938 3438 ser·
978 3393 1064 3450 quam
1077 3378 1259 3450 precedentis
1269 3378 1405 3444 (videlicet
1414 3380 1506 3452 quinti
1522 3386 1551 3436 ct
1564 3382 1635 3437 sexti
1644 3379 1709 3436 libn‘
1721 3381 1778 3455 hiet

139 3471 256 3538 vientes,
273 3487 359 3542 qnam
371 3471 499 3539 illustris,
515 3488 600 3548 qnam
615 3471 770 3542 splendida,
789 3486 873 3543 qnam
888 3470 938 3526 de·
978 3466 1015 3522 ed
1027 3466 1207 3525 humiliorem
1221 3484 1254 3524 ac
1268 3468 1410 3524 rudiorem
1423 3469 1515 3540 vergit
1524 3470 1640 3542 stylum.
1654 3490 1666 3523 s

139 3574 205 3617 core
220 3564 296 3616 esset
309 3559 441 3616 Ecclesiae
451 3565 555 3616 nostres
568 3560 668 3616 faciest
681 3575 766 3632 qnam
779 3560 849 3615 adeo
863 3559 936 3632 deje·

138 3653 214 3704 ctam
227 3647 667 3722 etobsoletam‚acsnprapelles
677 3649 843 3717 Salomonis,
853 3655 938 3720 atque
1186 3627 1484 3685 PROLEGOMENON
1495 3628 1568 3685 XIV·

71 3733 74 3740 ’
138 3736 228 3810 lleysi
239 3736 509 3811 europenses
524 3738 604 3796 dolor
610 3739 629 3811 l)
638 3739 815 3812 denigratam
829 3737 938 3811 conspi-
1120 3735 1175 3803 θοι·
1188 3736 1290 3790 borum
1301 3737 1441 3792 librorum
1453 3738 1635 3807 interpreter?

139 3824 239 3883 cim·
1012 3839 1080 3895 Dico
1097 3855 1103 3892 :
1121 3840 1200 3897 Varii
1213 3841 1394 3897 sunthorum
1409 3841 1546 3898 librorum
1559 3842 1738 3915 interpretes.

175 3915 279 3987 ‘2⁰80
300 3931 368 3988 “80
393 3915 502 3973 lumi
527 3918 677 3986 anime&
699 3919 755 3975 fide
774 3924 937 3991 celtssopl1⁸
1012 3928 1046 3986 In
1059 3927 1151 4000 primo
1164 3928 1236 3985 libro
1255 3929 1285 3986 hi
1299 3929 1360 3986 noti
1374 3937 1526 3988 occurrunt
1541 3931 1720 4004 interpretes.

138 4003 225 4071 inuri,
240 4003 359 4060 candide
371 4006 468 4074 lector,
479 4008 726 4081 cujueexemplum
740 4025 773 4064 ex
785 4007 937 4081 apostolice
1014 4015 1039 4075 1.
1074 4017 1208 4090 Eragrius
1234 4018 1381 4093 episcopus
1407 4020 1609 4090 trecenarius,
1635 4021 1776 4093 interpres

138 4091 501 4167 Bibliotbeoeeccepimns3
518 4103 547 4152 et
560 4096 601 4152 ita
613 4103 745 4154 moreest
756 4097 843 4152 ritem
855 4103 936 4153 tuam
976 4104 1048 4162 Vita
1065 4107 1156 4163 sancti
1169 4107 1285 4164 Antonii
1298 4109 1436 4166 monachi,
1452 4108 1522 4166 vide
1545 4110 1581 4166 ad
1602 4125 1665 4165 eam
1679 4109 1774 4165 mm

136 4181 173 4237 ad
187 4182 251 4254 ejus
262 4182 412 4240 lectionem
425 4201 571 4259 compone,
585 4191 619 4243 ut
627 4187 726 4244 talium
737 4191 937 4259 tantorumque
977 4194 1122 4268 praeludia,

135 4271 270 4340 Vm·
280 4288 353 4346 q¹1⁰⁸
365 4273 411 4330 hic
423 4275 578 4349 dewriptofl
590 4276 724 4346 inveniet,
734 4276 837 4348 dignus
851 4292 936 4334 &mll-
1011 4283 1039 4342 2.
1053 4284 1204 4360 Dionysius
1225 4285 1350 4358 Exiguum
1363 4285 1503 4359 interpres
1516 4287 1588 4343 vite
1611 4286 1700 4343 sancti
1723 4286 1777 4343 Pa-

135 4359 211 4417 lm*
222 4363 335 4432 ⁰¹i⁸t⁸⁸s
351 4365 531 4437 P⁰⁸tm0dum
550 4382 616 4422 vero
629 4383 728 4423 eorum
745 4365 885 4423 consortio
904 4365 935 4420 in
976 4372 1091 4430 chomii.
1107 4375 1228 4431 Consule
1242 4374 1378 4447 praeludia
1388 4374 1459 4433 vita
1471 4376 1513 4431 illi
1527 4377 1682 4449 praemissa.

137 4455 243 4507 tetema
256 4451 430 4509 beatitudine
443 4452 562 4510 feliciter
574 4455 739 4528 adjungere.
748 4454 828 4523 Quod
841 4453 892 4511 tibi
907 4439 973 4511 etn
1013 4463 1043 4522 3,
1065 4463 1155 4521 Ursus
1175 4465 1204 4520 S.
1225 4464 1261 4520 R.
1279 4465 1310 4520 E.
1327 4463 1523 4534 subdiaconus,
1540 4465 1679 4538 interpres
1705 4465 1775 4522 Pitae

136 4539 208 4594 mihi
230 4541 367 4599 Dominum
380 4549 514 4616 prestare
527 4544 669 4616 dignetur,
685 4549 715 4601 et
734 4545 863 4600 omnibus
887 4544 935 4618 qui
975 4552 1065 4609 sancti
1073 4552 1170 4608 Basilii
1181 4552 1361 4609 Oaesariensis
1372 4553 1504 4627 episcopi.
1516 4554 1556 4610 De
1568 4554 1640 4611 Urso
1651 4553 1712 4610 vide
1725 4570 1776 4610 no·

135 4624 287 4685 Dominum
300 4633 397 4688 ieelim
417 4632 539 4705 diligunt
552 4633 583 4689 in
601 4633 771 4691 sinceritate.
787 4632 898 4690 Vale.»
975 4642 1097 4700 tationes
1111 4642 1147 4698 ad
1162 4658 1224 4698 eam
1243 4640 1347 4699 Vitam,

236 4766 246 4784 2
339 4774 640 4838 PROLEGOMENON
652 4779 729 4836 xm·
975 4731 1217 4894 Epiyaegimfflm
1257 4731 1370 4788 Vossius
1406 4732 1545 4819 interpres
1581 4731 1652 4791 vita
1684 4731 1774 4788 sancti

203 4901 219 4934 r
320 4880 379 4947 Oua
392 4884 492 4953 linquo
506 4888 575 4942 libri
587 4885 620 4942 la·
633 4889 750 4957 scripti?
1009 4910 1037 4965 5.
1052 4909 1217 4967 Anastasius
1232 4910 1260 4967 S.
1277 4910 1310 4967 R.
1329 4911 1360 4966 u.
1375 4910 1615 4979 Bibliothecerius,
1631 4910 1770 4985 interpres

169 4981 238 5041 nico
254 5003 261 5040 r
277 4987 409 5061 Plerique
427 4990 491 5046 libri
512 5009 609 5051 onmes
625 4994 720 5052 Graece
739 4993 836 5067 scripti
854 4999 930 5052 sunt.
973 4997 1043 5055 Vitae
1056 4999 1145 5055 sancti
1158 4999 1274 5056 loannis
1288 5000 1517 5079 Eleemosynarii,
1529 5000 1695 5074 patriarchae
1708 5001 1772 5057 Ale·

169 5073 281 5130 Pstebit
306 5093 380 5147 mox,
408 5079 560 5152 assignatis
586 5100 685 5141 eorum
719 5083 929 5157 interpretibus.
971 5086 1111 5145 xandrini.
1127 5088 1245 5145 Videad
1259 5105 1323 5146 eam
1338 5078 1430 5146 Vitam
1444 5089 1591 5163 preludia.

133 5163 270 5235 Equidem
277 5181 342 5222 curn
355 5172 451 5240 patres
465 5167 506 5224 illi
515 5186 587 5242 pene
599 5188 696 5231 ornnes
705 5173 736 5231 ‘n
747 5174 861 5230 Oriente
870 5175 931 5230 nati
1006 5175 1033 5232 θ.
1044 5176 1164 5235 lacobus
1177 5177 1277 5235 Billius
1289 5177 1428 5252 interpres
1440 5179 1513 5236 vita
1527 5184 1689 5237 sanctorum
1703 5179 1771 5237 Ber·

132 5251 198 5320 sint,
215 5253 395 5327 celebresque
412 5256 541 5328 vixennt,
559 5276 617 5317 non
635 5262 741 5319 mirum
755 5262 790 5318 ab
807 5262 930 5331 Orientis
970 5263 1046 5320 laam
1060 5270 1089 5321 et
1102 5266 1248 5339 iosaphat.

129 5340 301 5411 hominibus,
319 5344 424 5401 Graecis
439 5346 561 5404 maxime
575 5349 623 5422 qui
644 5351 783 5408 scribendi
797 5351 930 5410 facultate
1006 5350 1033 5409 7.
1048 5354 1214 5413 Eustochiae
1227 5355 1367 5429 interpres
1378 5354 1449 5413 Vitae
1463 5360 1567 5414 sanctae
1582 5356 1711 5430 Pelegna

129 5428 282 5502 pollebant,
306 5434 509 5493 monachorum
533 5437 635 5510 quibus
663 5439 841 5498 convixerunt
866 5447 929 5498 scta
1004 5439 1031 5497 8.
1046 5441 1149 5500 Paulus
1162 5444 1295 5519 Neapolis
1318 5445 1447 5502 Ecclesia
1469 5446 1613 5516 diaconus,
1627 5446 1768 5520 interpres

128 5520 250 5589 posteris
264 5523 513 5582 assemansmissa.
968 5527 1144 5588 Vitoebeatae
1154 5531 1249 5590 Maris
1260 5531 1442 5606 egyptiaca

163 5607 198 5665 ln
208 5608 391 5684 primolibrc,
400 5613 449 5688 qui
461 5615 602 5676 wallus
618 5621 670 5689 est,
682 5617 861 5681 intersertos
875 5637 926 5681 su·
1001 5618 1136 5679 nelcuor
1155 5620 1317 5694 Goldestns,
1332 5628 1402 5680 tom.
1417 5622 1431 5682 1
1448 5621 1554 5683 acrum
1566 5620 1767 5681 Memenntce·
