3818 6120
131 284 201 349 1⁰33
772 287 898 359 ⁴VERBA
916 292 1112 351 SENIORUM.
1697 294 1764 352 1034

129 415 211 472 dixit:
221 414 284 474 Nisi
293 414 355 488 quis
365 415 404 470 sic
413 414 499 471 fuerit
509 417 697 484 conculcatus,
706 420 926 474 monachusesse
935 419 1056 479 Asamit
1071 435 1115 474 me
1125 418 1257 490 cogitatio
1268 433 1338 484 mea,
1351 421 1380 472 et
1393 418 1487 489 arguit
1501 434 1555 484 me,
1567 418 1662 474 dicens
1674 438 1679 473 :
1692 420 1765 485 Qua·

128 522 187 561 non
201 505 415 578 potestrlteff.‚t.
425 520 455 572 11,
469 523 498 559 n.
510 505 543 561 bb
555 525 562 573 ;
575 509 675 576 Pelea,
690 509 815 572 libetxv,
829 525 858 562 n.
874 506 927 577 17.)
969 526 1000 564 re
1015 509 1158 582 peccasti?
1179 508 1244 580 quid
1260 506 1380 562 taciam‘?
1395 507 1549 580 Respondit
1570 525 1672 564 senex:
1690 508 1766 574 Qua·

166 594 192 653 3.
207 595 309 651 Abbati
322 593 453 648 Ammoni
467 596 643 666 prophetavit
664 595 763 651 beatus
777 596 926 661 Antonius,
970 616 1079 670 caraque
1092 599 1162 652 hora
1176 597 1308 652 ceciderit
1326 597 1409 651 bomo
1424 597 1453 651 in
1479 598 1646 669 culpam-et
1667 598 1768 654 dixerit

129 685 227 740 dicens
243 704 250 738 ι
266 685 386 739 blaltum
401 683 487 738 habes
501 684 529 738 in
544 685 646 740 timore
660 685 711 741 Dei
736 687 880 757 proficere.
894 686 929 740 Et
970 706 1002 743 ex
1017 688 1099 743 eorde
1115 708 1121 741 :
1144 688 1264 742 Domine
1286 687 1369 751 Deua,
1396 686 1515 758 peccavi,
1540 687 1653 758 indulge
1676 688 1765 757 mibi;

129 774 252 829 edacem
267 791 331 829 eum
344 774 379 828 de
392 773 471 839 cella,
489 775 613 830 ostendit
627 775 652 828 ei
668 775 801 846 lapidem,
818 781 848 829 et
861 775 929 830 dicit
970 776 1766 849 moxcessabitcogitationisveltristitiaeillaconsumptio.

130 863 156 918 ei
172 864 267 917 :Vade
277 869 304 918 et
315 863 451 934 injuriare
463 863 584 935 lapidem
596 864 680 930 hunc,
694 870 722 918 et
737 864 929 919 indesinenter
1005 864 1030 922 3.
1048 865 1164 921 Dicebat
1176 870 1271 920 autem
1286 863 1371 919 abbas
1387 864 1529 920 pimenius
1544 865 1578 920 de
1598 865 1699 920 abbate
1720 865 1769 922 lsi-

130 952 205 1006 eaede
225 953 314 1007 illum.
334 953 414 1018 Quod
428 970 491 1007 eum
517 953 634 1020 lecisset,
656 954 839 1024 interrogavit
864 970 929 1008 eum
970 956 1047 1021 doro,
1065 954 1130 1026 quia
1144 955 1220 1009 solus
1243 954 1290 1008 ille
1312 970 1342 1008 se
1361 953 1536 1024 cognovisset
1549 954 1640 1030 (Diels,
1660 957 1707 1009 lib.
1724 970 1767 1023 111,

130 1048 245 1096 sanctus
254 1041 402 1109 Antonius,
412 1041 435 1096 si
447 1043 472 1096 ei
482 1043 587 1114 aliquid
599 1043 669 1115 lapis
681 1043 880 1115 respondisset.
892 1044 930 1098 nt
970 1062 999 1099 ιι.
1019 1042 1089 1114 101).
1102 1046 1174 1099 Nam
1183 1044 1292 1115 quoties
1303 1043 1343 1097 illi
1353 1042 1463 1097 dicebat
1473 1043 1604 1113 cogitatio
1616 1061 1683 1099 sua:
1696 1045 1769 1110 Quia

131 1130 261 1185 illedixit
276 1149 281 1184 :
299 1132 371 1186 Non.
388 1131 439 1186 Oui
461 1131 548 1186 abbas
562 1133 700 1188 Antonius
715 1133 756 1187 ait
770 1151 776 1186 :
798 1134 841 1188 lta
855 1138 884 1188 et
898 1140 929 1188 tu
970 1150 1090 1205 magnus
1104 1151 1143 1200 es,
1159 1140 1227 1187 tune
1242 1133 1341 1204 etipse
1355 1132 1542 1203 respondebat
1551 1132 1604 1187 sibi
1616 1152 1622 1186 z
1636 1134 1768 1205 Nunquid

130 1218 168 1273 ad
185 1220 256 1274 banc
270 1236 431 1275 mensuram
452 1226 638 1293 perventurus
652 1238 691 1289 es,
709 1227 741 1277 ut
759 1222 866 1278 nullam
880 1221 931 1277 tibi
972 1223 1138 1295 talisqualis
1152 1221 1302 1286 Antonine,
1319 1227 1369 1276 ant
1388 1227 1464 1275 certe
1481 1221 1567 1276 abbas
1583 1221 1712 1289 Piamon,
1726 1223 1770 1278 vel

131 1306 194 1362 lteri
209 1306 354 1362 arbitreris
366 1308 511 1379 injuriam.
972 1313 1074 1384 reliqui
1097 1313 1195 1366 Patres
1216 1311 1264 1382 qui
1284 1311 1342 1365 Deo
1357 1310 1545 1381 placuerunt?
1569 1311 1684 1376 Quoties
1704 1328 1770 1383 ergo

445 1399 562 1455 CAPUT
575 1399 610 1454 X.
972 1402 1031 1457 haec
1044 1400 1194 1472 cogitabat,
1210 1399 1410 1471 requiescebat.
1423 1400 1540 1465 Quando
1549 1416 1614 1454 vero
1627 1399 1768 1467 inimicus,

133 1487 211 1554 Quod
223 1492 326 1556 oportet
338 1503 389 1557 pro
401 1503 475 1557 paee,
492 1491 619 1557 quemvis
630 1489 700 1542 borso
712 1495 777 1543 sunt
788 1504 879 1557 opera,
892 1489 933 1542 di-
973 1490 1143 1545 contarbsns
1161 1507 1235 1556 euna,
1262 1489 1432 1561 suggerebat
1453 1490 1478 1545 ei
1504 1490 1727 1562 desperationem
1743 1496 1772 1546 et

476 1580 594 1631 mittere.
975 1596 1096 1651 poenam,
1109 1579 1204 1634 dicens
1219 1598 1224 1631 z
1237 1579 1375 1643 Quoniam
1385 1584 1448 1650 post
1462 1580 1520 1634 baee
1530 1580 1625 1634 omnia
1639 1580 1731 1634 iturus
1742 1597 1772 1635 es

171 1665 197 1718 l.
213 1663 307 1719 Abbas
329 1665 430 1720 Motois
446 1666 593 1720 aedificavit
609 1665 662 1721 sibi
685 1667 888 1722 monasterium
904 1667 933 1721 in
975 1669 1011 1724 ad
1031 1674 1182 1734 tormenta,
1198 1668 1270 1722 dixit
1283 1668 1342 1739 ipse
1358 1687 1364 1722 :
1381 1668 1452 1732 Quia
1466 1668 1592 1740 quamvis
1607 1685 1659 1740 ego
1673 1669 1703 1725 in
1715 1675 1772 1724 tor·

133 1752 196 1807 loeo
212 1754 259 1823 qui
272 1753 375 1809 dieitur
385 1755 557 1810 lleracleona
580 1756 671 1823 (liulf,
690 1759 708 1810 l.
727 1771 770 1826 ιιι,
785 1773 814 1811 ιι.
831 1756 886 1824 ot).
901 1742 966 1810 EtB
977 1764 1072 1813 menta
1088 1758 1194 1825 mittar,
1206 1764 1302 1811 tamen
1317 1774 1363 1839 vos
1377 1756 1476 1812 subtus
1489 1774 1533 1812 me
1547 1759 1668 1814 invenio.

134 1841 203 1896 dum
218 1842 256 1897 ibi
269 1861 287 1897 a
302 1843 398 1899 multis
407 1845 614 1910 molestaretur,
622 1845 754 1911 moin
763 1845 882 1900 alterum
892 1845 935 1899 lo·
1011 1847 1037 1903 l.
1057 1845 1157 1900 Abbati
1179 1846 1268 1917 Moysi
1280 1845 1442 1917 frequenter
1456 1847 1773 1919 apparueruntspiritus

106 1963 113 1976 ·
134 1948 200 1987 cum
211 1938 404 2004 transgressus
415 1940 467 2002 est,
477 1941 506 1989 et
515 1933 645 1988 similiter
658 1933 697 1988 ibi
712 1935 867 1990 construxit
878 1952 935 1989 mo·
976 1935 1093 2006 maligui
1108 1937 1200 2003 (deff,
1215 1939 1233 1989 t.
1251 1949 1290 2003 ιιι,
1307 1951 1336 1988 n.
1356 1933 1424 2003 102),
1441 1934 1564 1990 dicentes
1576 1954 1583 1988 :
1597 1935 1695 1991 Vicisti
1710 1954 1771 2002 noe,

134 2022 301 2076 nasterium.
320 2023 374 2077 Sed
389 2040 440 2094 per
452 2023 586 2077 invidiam
601 2023 703 2078 diaboli
719 2024 833 2095 quidam
848 2023 936 2079 frater
976 2030 1006 2080 et
1019 2025 1089 2079 nihil
1102 2023 1154 2079 tibi
1168 2040 1317 2095 possumus
1329 2024 1418 2078 lacere
1430 2043 1436 2091 3
1450 2025 1583 2095 quoniam
1598 2026 1708 2096 quoties
1723 2042 1773 2098 per

134 2109 176 2165 ibi
191 2112 321 2166 inventus
336 2117 388 2179 est,
404 2113 452 2184 qui
466 2129 578 2184 semper
591 2130 663 2167 iram
677 2131 740 2168 cum
752 2130 785 2168 eo
795 2112 931 2168 babebat:
977 2114 1200 2185 desperationem
1211 2113 1396 2167 humiliarete
1406 2106 1681 2179 volur'nus,exaltaris
1691 2134 1697 2181 ;
1707 2131 1775 2186 quo·

134 2207 252 2272 propter
263 2201 322 2255 haec
334 2202 455 2256 surrexit
465 2202 540 2266 inde,
555 2208 583 2256 et
598 2202 634 2257 ed
649 2203 795 2274 proprium
809 2219 936 2257 reversus
977 2203 1030 2256 ties
1044 2207 1072 2256 te
1083 2203 1215 2266 exaltare,
1231 2201 1271 2256 ita
1289 2207 1317 2255 te
1330 2201 1471 2268 humilias,
1491 2207 1523 2256 ut
1536 2201 1631 2256 nullus
1646 2202 1680 2257 de
1694 2201 1774 2257 nobis

135 2294 181 2344 est
194 2290 283 2344 vicum
295 2309 301 2358 ;
314 2296 343 2345 et
355 2290 421 2345 fecit
433 2290 491 2345 illic
500 2292 714 2358 monasterium,
726 2297 755 2346 et
769 2292 883 2347 reclusit
895 2309 937 2346 se·
978 2291 1093 2345 accedat
1105 2291 1140 2345 ad
1154 2297 1192 2344 te.

135 2378 937 2453 metipsum.Posttempusautemaliquantumeougregati
1014 2380 1039 2434 b.
1057 2381 1128 2435 Cum
1142 2379 1257 2450 quidam
1271 2381 1306 2434 ad
1325 2379 1455 2434 abbatem
1471 2380 1593 2435 Sisoium
1614 2380 1777 2453 frequenter

135 2473 204 2522 sunt
224 2484 305 2523 senes
319 2468 354 2523 de
377 2469 424 2523 illo
451 2471 525 2525 unde
549 2487 693 2541 regressus
716 2476 767 2532 est,
795 2470 936 2526 deducen-
978 2469 1064 2524 talem
1079 2486 1236 2524 sermonem
1258 2470 1415 2540 requireret
1435 2469 1677 2541 (Raff.,l.1u,n‚
1700 2467 1773 2540 103),

136 2560 181 2612 tes
197 2573 291 2611 seeum
308 2558 388 2613 illum
402 2558 529 2627 tratrem,
546 2576 609 2614 eum
625 2577 680 2630 quo
695 2560 834 2615 babuerat
846 2560 935 2627 litem,
979 2558 1051 2623 Quid
1061 2559 1172 2624 faciam,
1186 2558 1279 2623 Pater,
1294 2558 1426 2629 quoniam
1437 2558 1540 2613 cecidit
1550 2560 1600 2614 llle
1613 2559 1775 2631 respondit:

136 2650 278 2717 quatenus
287 2653 420 2717 rogarent
432 2665 508 2715 eum,
524 2655 557 2704 ut
574 2648 742 2704 reducerent
755 2649 784 2703 in
799 2654 938 2704 monaste·
979 2650 1077 2718 Surge.
1092 2647 1129 2702 Et
1137 2648 1271 2704 surrexit.
1284 2648 1318 2702 Et
1327 2648 1430 2702 iterum
1444 2664 1474 2702 se
1488 2648 1621 2703 cecidisse
1636 2648 1777 2720 professus

136 2734 212 2789 rium
221 2737 470 2808 suumPostquam
479 2741 573 2792 eutem
585 2737 614 2791 in
624 2737 936 2804 vicinaloeaveneruat‚
979 2743 1030 2792 est.
1047 2738 1094 2791 nit
1109 2754 1192 2791 senex
1202 2737 1254 2792 :Et
1267 2737 1370 2793 iterum
1384 2754 1477 2808 surge.
1495 2739 1566 2793 Cum
1580 2743 1675 2792 autern
1689 2739 1777 2793 trater

135 2829 198 2878 tam
213 2824 331 2879 melotes
338 2843 403 2880 suas
411 2843 495 2898 quarn
504 2827 584 2881 illum
594 2827 710 2881 fratrem
722 2826 826 2881 ibidem
836 2827 937 2882 dereli·
978 2826 1140 2898 frequenter
1154 2843 1184 2880 se
1198 2825 1331 2881 cecidisse
1345 2832 1483 2894 narraret,
1499 2827 1597 2882 eodem
1612 2844 1697 2882 senex
1711 2833 1775 2882 ute·

136 2919 270 2985 querunt,
286 2914 396 2987 ipsique
408 2916 525 2986 protecti
539 2917 651 2971 suntad
666 2932 772 2970 senem.
783 2917 939 2988 Etpulsan·
979 2913 1063 2970 batur
1077 2932 1217 2982 sermone,
1234 2917 1411 2971 exclamans:
1428 2917 1491 2970 Non
1513 2933 1605 2971 cesses
1622 2918 1774 2988 surgendo,

135 3001 215 3058 tibus
225 3004 290 3072 illis,
307 3010 406 3075 aperta
419 3005 544 3060 fenestra
557 3005 721 3076 respexit‚et
732 3006 861 3076 cognovit
872 3023 932 3063 eos.
980 3005 1029 3059 tili.
1045 3005 1099 3060 Cui
1112 3005 1199 3059 trater
1216 3023 1221 3057 :
1241 3005 1392 3076 Usquequo
1406 3021 1519 3075 possum
1541 3021 1666 3075 surgere,
1681 3007 1774 3074 Pater,

137 3091 208 3147 Post
221 3094 376 3148 orationem
390 3095 491 3149 tactam
511 3094 579 3149 dicit
592 3095 632 3149 eis
647 3093 732 3148 abbas
749 3095 844 3149 ilotois
863 3095 966 3160 :Ubic
979 3095 1107 3166 explana.
1123 3095 1171 3148 llit
1185 3110 1268 3149 senex
1286 3113 1291 3147 :
1310 3094 1461 3165 Quousque
1480 3099 1530 3148 aut
1549 3093 1664 3148 inbono
1681 3112 1774 3166 opere,

137 3186 207 3236 sunt
220 3183 338 3238 melotes
352 3184 469 3239 vestrae?
480 3185 517 3238 At
530 3184 570 3237 illi
585 3184 809 3255 responderunt:
826 3186 895 3240 Ecce
909 3185 939 3240 iu
981 3189 1030 3238 aut
1047 3185 1076 3238 in
1091 3184 1165 3238 malo
1187 3184 1387 3255 deprebensae,
1404 3181 1561 3238 occumbas.
1578 3184 1610 3238 ln
1625 3200 1680 3255 quo
1700 3185 1777 3240 enim

136 3271 231 3327 vicino
241 3278 307 3327 sunt
317 3289 374 3327 una
384 3273 551 3341 cumfratre,
560 3273 607 3344 qui
620 3279 712 3329 tecum
722 3274 794 3328 iram
805 3273 936 3330 habebat.
980 3290 1064 3345 opere
1079 3273 1269 3344 deprehensus
1280 3272 1365 3327 luerit
1379 3273 1471 3338 bomo,
1486 3271 1668 3343 judicabitur.

138 3359 293 3432 Postquam
305 3362 358 3416 boc
367 3379 451 3417 senex
467 3362 583 3426 audivit,
597 3368 626 3418 et
640 3380 743 3418 nomen
757 3363 833 3418 illius
849 3369 878 3418 et
887 3364 938 3418 ad·
1015 3362 1041 3416 6.
1054 3362 1124 3417 ltem
1137 3361 1207 3415 dixit
1224 3379 1229 3414 :
1246 3361 1300 3425 Qui
1313 3360 1430 3427 laborat,
1447 3367 1476 3415 et
1484 3359 1637 3416 arbitratus
1650 3377 1680 3416 se
1692 3360 1777 3417 luerit

138 3455 255 3504 ventum
269 3451 407 3520 cognovit,
424 3468 480 3524 prae
495 3451 599 3522 gaudio
615 3452 719 3506 ostium
741 3470 790 3525 per
803 3453 878 3525 qnod
892 3453 938 3508 in·
979 3451 1085 3522 aliquid
1099 3450 1199 3518 tacere,
1215 3450 1314 3522 recipit
1333 3449 1379 3503 hie
1391 3450 1548 3505 mercedem
1564 3466 1654 3505 suam.

138 3554 254 3609 gressus
268 3539 369 3596 luerat.
389 3557 454 3595 cum
471 3541 561 3596 securi
586 3541 737 3612 confregit;
754 3548 783 3596 et
796 3559 936 3612 egressus,
1281 3538 1397 3594 carot
1410 3540 1473 3595 llll.

139 3627 265 3682 cucurrit
278 3628 313 3682 ad
327 3628 419 3683 locum
433 3629 481 3685 ubi
496 3634 558 3684 erat
575 3630 623 3684 ille
633 3631 730 3697 irater,
746 3637 774 3686 et
788 3631 865 3704 prior
879 3632 939 3704 ipse
1152 3631 1253 3685 Contra
1265 3632 1398 3698 spiritum
1413 3631 1605 3696 aeneatoris.

140 3717 225 3789 erepit
238 3734 322 3787 agere
332 3718 526 3789 paenitentiam
540 3719 614 3791 apud
634 3736 713 3774 eum:
731 3727 760 3775 et
769 3722 940 3793 amplectens
1019 3718 1044 3773 l.
1060 3718 1179 3784 Quidam
1193 3718 1282 3772 irater
1295 3718 1440 3789 requisivit
1455 3717 1584 3773 abbatem
1597 3717 1774 3772 Pimenium:

140 3822 219 3872 eum,
234 3807 390 3862 introduxit
404 3808 433 3862 in
447 3808 546 3863 cellam
565 3825 657 3877 suam,
682 3815 710 3864 et
728 3827 779 3881 per
799 3816 857 3865 tres
880 3810 940 3865 dies
982 3808 1118 3863 Simelius
1129 3814 1210 3871 esset,
1222 3808 1366 3873 remotius,
1375 3824 1411 3862 an
1420 3807 1555 3863 camellis
1563 3807 1776 3876 manerelltass„

141 3895 302 3950 convivatus
313 3902 356 3950 est
374 3914 438 3951 eum
454 3897 504 3963 eis,
521 3897 569 3968 qui
584 3915 730 3971 nunquam
742 3899 863 3954 babebat
877 3916 941 3955 con·
982 3901 1001 3952 l.
1012 3912 1054 3965 111,
1064 3914 1092 3952 n.
1107 3896 1185 3966 tior?
1195 3897 1455 3969 Responditsenex:
1466 3897 1587 3952 Homosi
1597 3897 1779 3967 semetipsum

140 3984 320 4039 suetudinem
340 3991 372 4040 ut
383 3987 524 4058 jejunium
539 3989 676 4058 solveret,
693 3995 723 4044 et
733 3990 864 4057 surrexit,
879 4006 941 4062 pro·
982 3986 1202 4058 reprehenderit,
1214 3985 1317 4056 ubique
1332 3990 1425 4057 potest
1433 3985 1583 4057 persistere
1595 4003 1601 4052 3
1614 3985 1637 4039 si
1646 3990 1740 4039 autem
1750 3999 1780 4036 se

140 4072 285 4145 sectusque
298 4081 341 4129 est
353 4092 417 4130 eum
429 4076 494 4132 illis.
982 4076 1155 4146 magnificat,
1164 4091 1301 4145 nusquam
1312 4080 1378 4141 stat,
1390 4075 1462 4128 sicut
1471 4074 1604 4146 seriptum
1615 4079 1673 4127 est:
1685 4073 1738 4135 Qui
1749 4088 1779 4125 se

177 4161 205 4220 2.
215 4163 429 4227 Quidamfrater
437 4167 583 4238 requisivit
589 4167 938 4233 abbatemEliam,dicens:
982 4165 1124 4220 existimat
1138 4163 1243 4234 aliquid
1258 4179 1328 4228 esse,
1341 4178 1404 4216 cunr
1420 4162 1490 4216 nibil
1500 4162 1545 4229 sit,
1555 4162 1615 4233 ipse
1629 4178 1659 4215 se
1672 4160 1781 4216 seducit

142 4252 172 4308 Si
193 4253 396 4308 contristavero
411 4255 544 4327 aliquem,
560 4256 797 4327 quemadmodum
822 4254 941 4326 rogem?
981 4255 1083 4324 (Galat.
1096 4256 1143 4322 ιι).
1164 4250 1305 4322 Quidquid
1316 4251 1391 4304 enim
1407 4250 1513 4304 bomini
1527 4250 1624 4304 feeerit
1638 4250 1732 4316 homo,
1744 4265 1779 4305 ne

105 4367 112 4372 ·
141 4341 298 4412 Respondit
311 4358 394 4398 senex
411 4361 417 4396 ε
437 4344 475 4398 Ex
488 4345 626 4416 profundo
642 4345 734 4399 cordis
745 4345 797 4408 tui,
813 4360 876 4399 cum
891 4344 941 4398 do·
983 4344 1103 4398 exsultet
1116 4342 1145 4396 in
1160 4358 1193 4396 eo
1206 4341 1273 4412 quia
1284 4357 1348 4394 mox
1358 4340 1456 4411 perdet
1470 4340 1549 4394 illud.

142 4429 202 4484 lore
224 4447 275 4500 age
300 4431 494 4502 poenitentiam
518 4433 592 4505 apud
607 4450 671 4488 eom
693 4456 700 4502 3
713 4440 743 4488 et
757 4433 853 4489 videns
867 4434 975 4522 DeusD
1019 4432 1046 4488 2.
1060 4431 1197 4487 abbatem
1214 4430 1367 4484 biaoariam
1382 4429 1405 4484 si
1423 4429 1486 4500 quis
1501 4446 1565 4483 cum
1589 4429 1691 4484 timore
1705 4429 1782 4485 velut

142 4520 318 4591 propositum
334 4526 427 4589 tuum,
441 4522 639 4577 satistaeietei.
985 4526 1112 4577 sanctum
1128 4520 1218 4574 virum
1232 4519 1366 4574 voluisset
1384 4518 1491 4584 audire,
1507 4525 1653 4591 suspectus
1671 4518 1780 4573 nullum

452 4610 568 4666 CAPUT
586 4612 633 4667 xl.
984 4612 1097 4685 penitus
1110 4627 1127 4665 a
1140 4627 1205 4664 sene
1221 4608 1374 4681 excipiebat
1388 4625 1563 4679 responsum.
1580 4609 1609 4663 Si
1628 4607 1691 4679 quis
1705 4622 1779 4673 vero,

143 4695 247 4751 Contra
261 4700 395 4767 spiritum
415 4701 545 4763 tristitie,
562 4703 612 4769 qui
635 4703 849 4770 desperationem
864 4703 939 4770 feeit.
984 4701 1060 4755 velut
1075 4704 1255 4755 contemnens
1270 4715 1345 4765 eum,
1358 4697 1461 4752 talibus
1476 4697 1566 4752 verbis
1580 4697 1781 4768 compellaret:

179 4784 207 4839 l.
223 4785 316 4841 Abbas
331 4787 467 4843 Arsenius
483 4787 552 4843 dixit
569 4808 574 4842 :
593 4790 656 4844 Non
672 4796 768 4846 coetus
781 4791 944 4861 laterculus,
985 4789 1065 4844 Abba
1079 4788 1193 4852 Macari,
1205 4786 1317 4858 quando
1328 4803 1390 4840 eras
1404 4785 1571 4839 camelarius
1585 4792 1614 4839 et
1625 4784 1781 4839 aitrumfu-

143 4874 168 4929 si
180 4875 284 4930 missus
296 4876 326 4930 in
339 4875 553 4932 fundamentum
568 4878 653 4934 fuerit
662 4895 748 4951 prope
759 4880 884 4946 fluvium,
899 4897 946 4934 ne·
986 4879 1104 4943 rabariS,
1118 4874 1246 4948 nunquid
1256 4891 1313 4930 non
1327 4874 1504 4946 vapulabasa
1519 4874 1670 4944 magistris,
1687 4874 1783 4945 depre-

144 4980 201 5035 que
213 4981 270 5019 nno
284 4965 330 5019 die
344 4966 461 5022 sufferre
476 4968 593 5038 poterit,
615 4968 639 5022 si
654 4975 747 5024 autem
769 4968 839 5024 bene
862 4969 947 5023 luerit
986 4969 1090 5023 bensus
1103 4967 1130 5021 ia
1146 4966 1243 5021 turtol
1265 4965 1385 5020 libenter
1402 4963 1437 5030 ei,
1460 4963 1594 5035 quidquid
1609 4962 1782 5035 requisisset,

144 5059 251 5121 coetus,
269 5061 417 5126 permanet
431 5061 567 5129 tanquam
580 5057 651 5128 lapis
665 5057 781 5128 (Pelea,
802 5061 886 5113 libell.
902 5075 945 5120 xv,
988 5075 1051 5113 cum
1061 5056 1164 5127 gaudio
1180 5053 1375 5126 respondebat.

145 5160 175 5198 ιι.
191 5141 237 5210 51,
249 5147 362 5199 nominc
373 5146 582 5215 Oreisii).Sicet
595 5146 678 5202 bomo
689 5163 745 5201 non
758 5153 948 5218 coctusneque
1024 5143 1149 5199 3.llbbas
1156 5142 1448 5209 Nesteron,dumeum
1458 5140 1520 5194 aliis
1527 5139 1686 5196 ambularet
1693 5143 1786 5198 fratri·

145 5232 349 5300 inflammatus,
362 5234 515 5290 seeundum
529 5236 604 5307 quod
618 5236 652 5290 de
663 5235 769 5307 loseph
779 5236 883 5291 dictum
894 5241 945 5302 est,
989 5234 1041 5289 bus
1056 5233 1084 5287 in
1098 5233 1217 5297 deserto,
1235 5231 1365 5285 viderunt
1374 5229 1535 5293 draconem,
1550 5237 1578 5285 et
1589 5230 1722 5302 sugerunt
1732 5235 1786 5298 (Pe-

147 5321 298 5392 Eloquium
313 5323 426 5377 Domini
441 5323 698 5379 inflammaviteum
710 5326 793 5391 (Psoi.
808 5328 870 5394 arv),
885 5340 949 5378 mox
991 5327 1057 5392 loq,
1070 5323 1153 5376 libell.
1168 5335 1227 5384 vm,
1237 5315 1273 5377 n.
1288 5318 1342 5386 13).
1354 5319 1427 5374 Dicit
1445 5319 1471 5373 ei
1487 5335 1558 5374 unus
1576 5337 1607 5374 ex
1624 5321 1663 5375 eis
1682 5340 1688 5375 ι
1705 5320 1742 5375 lit
1754 5326 1786 5375 tu

148 5409 178 5464 in
191 5410 330 5482 principio
344 5413 465 5467 earnalis
481 5414 658 5482 cogitationis
675 5413 845 5471 dissolvitur.
989 5413 1082 5471 times.
1095 5410 1183 5465 abba?
1196 5409 1247 5464 Cui
1262 5426 1345 5463 senex
1357 5430 1364 5464 :
1375 5409 1438 5464 Non
1448 5409 1543 5475 timeo,
1560 5410 1609 5477 fili,
1627 5409 1677 5464 sed
1691 5414 1788 5475 ow

183 5499 210 5555 2.
224 5500 303 5555 ldem
317 5501 472 5572 requisitus
481 5500 704 5557 abalterofratre
712 5502 822 5557 dicente
833 5503 877 5558 :Si
888 5520 950 5575 pee-
991 5500 1114 5574 oportuit
1122 5517 1165 5553 me
1173 5499 1284 5569 lugere:
1295 5497 1361 5568 quia
1372 5498 1425 5554 nisi
1434 5499 1578 5571 fugissem,
1589 5497 1787 5570 cogitationem
1840 5568 1843 5574 Ι

149 5589 355 5660 cavero,etiam
371 5589 400 5645 in
415 5593 701 5663 quocunqueminuto
716 5598 874 5664 peecato,et
888 5609 951 5649 con·
990 5608 1068 5646 ranae
1078 5589 1173 5662 gloriae
1188 5606 1244 5644 non
1258 5589 1399 5648 vitassem.

340 5690 473 5755 Parnon.
490 5689 625 5754 LXXlll.
1594 5688 1633 5750 33
