3818 6120
128 298 189 361 563·
472 324 475 329 ⁴
641 295 688 352 DE
705 296 800 352 Vltus
819 294 967 352 Parnon
984 295 1092 353 LIBER
1109 291 1254 350 PRIMUS.
1719 291 1771 349 56⁴

130 435 192 480 mas
202 419 377 487 admovebat,
394 420 494 492 puellae
509 424 614 488 autem,
625 425 658 476 ut
671 420 795 494 corporis
808 419 962 493 pulchri-ll
1004 421 1048 478 Ad
1059 423 1192 492 juvenem
1203 417 1279 473 enim
1291 432 1324 472 ex
1337 418 1438 490 puellis
1444 417 1501 473 illis
1508 432 1566 472 una
1580 416 1773 472 omniumior·

131 513 227 569 tudine
242 511 376 581 insignes,
392 509 431 563 sic
447 510 542 564 animo
555 509 693 565 deformes
703 510 859 583 improbam
869 525 928 566 ma·
968 511 1129 567 mosissima
1138 509 1371 580 ingrediturque
1380 507 1704 578 etiamregissujudam
1711 507 1774 561 iilis

130 601 230 655 teriam
245 602 358 652 externe
369 597 595 669 suppeditabant.
970 607 1040 668 erat,
1052 600 1240 672 captivaquea
1249 599 1341 670 patria
1352 613 1404 653 sua
1414 596 1543 663 abducta,
1557 596 1773 668 reginbenner,

166 691 202 742 nt
211 705 278 742 vero
290 704 362 759 pura
373 688 422 741 illa
432 689 528 743 anima
537 688 928 762 pestiferispiritusimpetum
969 689 1195 763 praestantissimi
1205 687 1352 759 eujusdam
1368 685 1773 752 munerisinstar,oblatal'ue·

129 793 291 849 agnoscens,
319 793 351 831 ac
364 783 565 849 praeposterum
591 779 793 849 cogitationum
812 778 928 847 bellum,
970 785 1120 851 rat:quam
1128 783 1217 850 pater,
1232 782 1263 831 ut
1273 777 1376 832 eximia
1385 774 1593 848 pulchritudine
1609 773 1772 846 praeditam,

130 867 204 939 quod
212 882 315 938 magno
324 882 358 921 ac
366 867 929 941 vehementiamadversumseimpetu
971 870 1006 924 ad
1016 868 1280 924 labefactandumae
1290 865 1480 936 dejiciendum
1490 864 1675 919 illiianimum
1683 863 1772 918 mise·

130 955 270 1023 veniebat,
279 954 462 1027 conspiciens,
474 957 702 1028 perturbabatur,
714 958 929 1030 tantoquemalo
971 965 1025 1014 rat,
1041 959 1119 1012 lianc
1134 957 1272 1028 impostor
1281 956 1329 1009 ille
1341 955 1425 1020 subit,
1440 954 1547 1026 ipsique
1558 952 1701 1024 ejusmodi
1710 969 1773 1006 ser-

130 1044 252 1113 liberari,
270 1061 499 1117 purumquesese
517 1046 628 1101 Christo
643 1047 774 1102 exhibere
789 1046 928 1119 cupiebat,
971 1064 1070 1103 mones
1085 1046 1212 1117 suggerit
1226 1045 1274 1116 qui
1286 1044 1373 1098 animi
1387 1044 1474 1115 ipsius
1485 1043 1666 1114 prudentiam
1682 1058 1716 1096 ac
1729 1057 1775 1096 sa·

129 1149 181 1188 nec
197 1139 322 1188 sanctam
332 1134 410 1188 illam
428 1134 604 1205 stolamque
617 1151 680 1189 eum
693 1135 826 1207 baptismi
840 1134 931 1206 gratia
972 1136 1107 1209 pientiam
1122 1134 1269 1206 perspicue
1288 1133 1472 1196 declararent,
1487 1131 1628 1203 siquidem
1643 1130 1775 1184 diabolus

131 1224 272 1291 induerat,
280 1224 404 1278 libidinis
414 1241 492 1278 sceno
503 1226 706 1281 contaminare.
716 1227 929 1281 Confestimita·
971 1242 1069 1281 omnes
1080 1224 1115 1279 ad
1125 1224 1224 1278 vitium
1236 1210 1459 1277 accommodatas
1467 1221 1630 1275 artesfacile
1638 1236 1671 1274 ac
1681 1236 1776 1291 prom·

132 1329 186 1384 que
200 1313 290 1368 amori
306 1329 440 1379 amorem,
457 1314 509 1368 hoe
524 1320 567 1369 est
582 1315 724 1387 impudico
739 1315 864 1370 divinum
879 1331 930 1386 op·
972 1320 1019 1386 pte
1030 1318 1149 1370 exercet.
1161 1308 1773 1383 Posteaqueregisliliumadextrisadamus,

131 1403 220 1474 ponit,
230 1403 338 1475 sibique
351 1403 674 1474 palchritudincmillam
684 1405 843 1475 acgloriam
855 1403 930 1459 omni
974 1403 1073 1476 puellae
1087 1418 1213 1456 amorem
1230 1401 1284 1472 ipsi
1299 1400 1408 1466 inserit,
1417 1398 1453 1454 ob
1462 1399 1550 1470 ipsius
1560 1396 1690 1453 videlicet
1707 1413 1775 1468 pru·

132 1491 932 1563 sermonepraestantioram,quampuraeanimaeinChristi
974 1492 1097 1547 dentiam
1113 1497 1141 1546 et
1155 1491 1332 1561 gravitatem.
1354 1496 1439 1562 atque
1461 1491 1548 1545 etiam
1563 1488 1599 1543 ob
1621 1504 1686 1542 eam
1712 1503 1777 1542 cau·

132 1579 227 1650 sponsi
242 1580 358 1650 nuptiis,
368 1597 400 1634 ex
411 1580 512 1651 quibus
527 1580 566 1634 illi
575 1581 624 1652 qui
638 1581 796 1653 nuptialem
807 1581 932 1636 tunicam
974 1599 1044 1647 sam,
1067 1581 1141 1652 quod
1161 1597 1223 1635 curn
1239 1597 1272 1634 ea
1286 1579 1432 1634 nobilitate
1445 1585 1529 1640 esset,
1555 1583 1643 1650 atque
1658 1594 1675 1631 e
1698 1576 1778 1648 ragis

132 1669 344 1740 conspurcarint
359 1669 517 1740 ejicientur,
533 1670 690 1742 vinctisque
701 1670 831 1725 manibus
842 1676 871 1725 et
882 1687 932 1742 pe·
974 1672 1062 1742 stirpe
1077 1670 1236 1742 prodiisset,
1253 1669 1345 1740 patria
1359 1674 1456 1723 tamen
1470 1668 1556 1722 simul
1570 1683 1603 1722 ac
1620 1666 1716 1737 gloria
1730 1682 1777 1721 or·

132 1756 212 1811 dibus
231 1756 261 1811 in
281 1757 433 1812 exteriores
448 1758 580 1811 tenebras
593 1759 804 1829 protrudentur,
823 1759 1041 1840 habita-Bbata
1053 1765 1135 1814 esset.
1157 1759 1200 1813 Ad
1216 1760 1274 1813 haec
1289 1757 1453 1829 hujusmodi
1461 1773 1575 1829 quoque
1588 1756 1777 1827 cogitationes

130 1849 202 1901 turae
216 1846 491 1918 sunt(d!ottls.ax11)‚
503 1846 533 1900 in
548 1846 714 1901 memoriam
729 1853 851 1903 revocat.
869 1850 933 1904 Haee
974 1850 1027 1921 ipsi
1050 1847 1182 1914 subserit,
1199 1853 1231 1901 ut
1245 1864 1307 1901 eam
1323 1847 1358 1901 ab
1372 1847 1470 1902 insane
1491 1846 1632 1901 idolorum
1648 1845 1730 1899 cultu
1745 1844 1778 1898 li-

132 1951 195 1990 cum
205 1934 357 1989 animosuo
367 1935 557 2002 considerans,
565 1941 595 1991 et
603 1936 742 2008 lacrymas
750 1938 932 2008 profundens,
974 1938 1096 2004 beraret,
1113 1937 1359 2008 Christianamque
1370 1935 1503 1991 efficeret.

131 2028 231 2095 pectus
248 2022 424 2089 verberabat,
442 2024 584 2095 improbas
599 2025 661 2080 illas
672 2026 865 2096 cogitationes,
877 2043 932 2081 uon
1011 2029 1076 2082 Haec
1090 2033 1186 2081 autem
1199 2026 1293 2080 omnia
1307 2025 1411 2080 versuti
1422 2025 1551 2080 draconis
1566 2024 1777 2079 technoeerant.

133 2128 213 2167 secus
226 2127 259 2165 sc
276 2111 354 2166 fucos
369 2113 505 2183 quosdam
526 2113 555 2166 in
579 2113 674 2184 fugam
688 2120 809 2169 vertens.
826 2116 933 2171 Deinde
975 2118 1048 2172 Nam
1064 2133 1127 2171 cum
1144 2115 1218 2186 regis
1234 2115 1308 2169 filius
1323 2115 1417 2168 animo
1427 2114 1469 2169 ita
1478 2118 1662 2185 comparatus
1672 2118 1704 2166 et
1717 2128 1779 2166 cau·

133 2217 260 2272 surgens,
278 2217 310 2254 ac
323 2217 423 2256 manus
437 2202 577 2268 attollens,
594 2203 749 2259 calentibus
762 2206 893 2277 lacrymis
902 2222 934 2260 ac
975 2207 1092 2261 stitutus
1106 2203 1342 2271 esset,utnullam
1358 2202 1506 2258 obscenam
1514 2201 1775 2273 cogitationemaut

132 2289 283 2361 gemitibus
293 2291 344 2344 Dei
359 2306 441 2362 opem
456 2297 541 2362 atque
551 2292 686 2346 auxilium
698 2293 934 2365 implorabatiis-
975 2293 1328 2349 libidinosumamoremad
1338 2290 1778 2363 puellamvacillanteminseipso

133 2395 188 2449 que
199 2378 291 2433 verbis
305 2378 454 2434 utebatur:
471 2381 655 2451 Omnipotens
663 2382 790 2447 Domine,
799 2384 847 2453 qui
859 2384 934 2440 solus
975 2384 1156 2456 perspiceret,
1172 2398 1270 2437 verum
1291 2381 1379 2452 ipsius
1394 2382 1531 2436 duntaxat
1541 2381 1707 2435 calamitate
1722 2379 1778 2434 aui·

132 2467 239 2521 viribus
251 2467 348 2539 polles,
365 2474 450 2539 atque
465 2469 500 2523 ad
510 2469 732 2529 miscricordiam
748 2472 877 2543 proclivis
893 2489 932 2536 es,
976 2490 1086 2544 maeque
1097 2472 1180 2527 exitio
1197 2488 1226 2526 se
1237 2471 1405 2526 commoveri
1415 2471 1542 2533 sentiret,
1554 2487 1617 2524 rem
1628 2470 1704 2524 hanc
1718 2469 1776 2524 dia·

135 2556 264 2623 Domine,
281 2556 407 2628 inquam,
423 2575 486 2629 spes
502 2558 714 2629 desperatorum
730 2565 759 2614 et
773 2577 871 2617 eorum
886 2563 935 2633 qui
975 2562 1096 2619 bolicum
1112 2566 1302 2616 commentum
1317 2577 1378 2615 esse
1392 2559 1508 2614 minime
1522 2557 1774 2613 animadvertebat.

135 2645 239 2700 auxilio
260 2652 367 2713 carent,
382 2647 446 2713 mei,
469 2664 571 2718 queso,
588 2648 697 2703 inutilis
711 2650 753 2704 tui
767 2651 840 2706 servi
858 2667 933 2707 nunc
975 2652 1120 2725 Siquidem
1131 2667 1227 2705 revera
1241 2650 1331 2720 caligo
1345 2649 1393 2703 ille
1402 2654 1454 2715 est,
1467 2665 1499 2703 ac
1516 2649 1612 2704 lucem
1623 2647 1771 2705 assimilat.

134 2735 292 2802 recordare,
317 2735 448 2807 facilique
471 2754 504 2791 ac
518 2738 639 2808 propitio
652 2739 732 2793 oculo
751 2756 797 2795 me
811 2741 932 2808 intuere,
974 2743 1012 2797 Ut
1019 2741 1095 2795 enim
1106 2739 1261 2809 regisfiiius
1269 2738 1391 2810 puellam
1402 2738 1506 2808 alloqui
1514 2737 1675 2809 divinaeque
1683 2735 1773 2808 cogni·

135 2824 315 2896 animamque
329 2842 421 2881 meam
436 2842 453 2880 a
473 2826 611 2882 diabolica
625 2827 733 2884 framea
746 2830 833 2902 eripe,
853 2847 885 2885 ac
899 2832 935 2887 de
976 2830 1063 2886 tionis
1078 2822 1191 2884 oracula
1215 2828 1268 2899 ipsi
1292 2843 1431 2898 exponere
1444 2826 1546 2899 coepit:
1571 2827 1715 2897 rignum,
1734 2825 1773 2880 in·

134 2930 221 2969 manu
231 2914 429 2970 canisunicam
439 2931 540 2983 meam,
554 2932 664 2991 neema
678 2918 846 2975 inhoatium
863 2937 937 2976 meo-
978 2920 1088 2991 quiens,
1103 2936 1118 2973 o
1134 2917 1245 2983 mulier,
1259 2918 1348 2971 Deum
1368 2916 1397 2970 in
1411 2932 1493 2971 omne
1516 2931 1609 2970 aevum
1627 2915 1771 2977 viventem,

137 3020 200 3058 rum
213 3020 315 3058 manus
330 3004 451 3060 incidere
467 3006 614 3077 permittas
626 3009 711 3077 (Psoi.
727 3013 794 3078 xxi).
817 3009 881 3067 Non
893 3026 938 3067 su-
979 3026 1030 3064 nec
1044 3013 1073 3063 te
1088 3008 1226 3063 idolorum
1241 3022 1336 3061 errore
1350 3004 1471 3061 detineri
1486 3005 1557 3071 sine,
1574 3021 1677 3059 verum
1690 3001 1774 3058 Domi·

135 3093 966 3173 pergaudeantmihiquioderuntmeinique(Psal.xxxiii,C
978 3114 1044 3153 num
1061 3113 1156 3152 rerum
1170 3095 1295 3151 omnium
1311 3096 1470 3150 effectorem
1492 3093 1632 3164 intellige,
1650 3109 1685 3148 ac
1699 3093 1774 3147 besa

138 3198 191 3237 nec
204 3197 250 3236 me
265 3182 295 3237 in
309 3183 505 3255 iniquitatibus
524 3185 665 3257 eorrumpi
678 3186 764 3254 sinas,
780 3204 936 3262 corpusque
976 3188 1042 3253 eris,
1059 3186 1213 3241 immortali
1227 3202 1329 3257 sponso
1349 3184 1499 3255 adJ'uncta3
1530 3183 1633 3249 multa,
1648 3181 1770 3254 inquam,

137 3287 242 3338 meum,
255 3272 329 3343 quod
335 3272 386 3327 tibi
396 3274 643 3329 custumeshibere
658 3276 784 3346 promisi,
795 3279 898 3350 probro
908 3285 937 3334 et
978 3276 1116 3348 ejusmodi
1125 3292 1188 3330 crim
1200 3274 1259 3346 ipse
1265 3274 1390 3340 dixisset,
1399 3272 1495 3329 statim
1505 3272 1655 3344 improbus
1664 3270 1771 3343 spiritus

137 3361 475 3418 contumeliaafiicere.l¹e
485 3363 560 3418 enim
569 3365 829 3438 concupisco,teque
839 3370 934 3437 adoro,
978 3366 1090 3421 mulieri
1104 3365 1133 3419 in
1143 3370 1267 3419 mentem
1281 3363 1420 3427 immittit,
1436 3367 1469 3417 ut
1479 3360 1587 3416 naudis
1598 3361 1720 3432 laqueos
1732 3376 1770 3415 ex·

138 3449 263 3514 Patrem,
277 3451 430 3508 etlilium.
444 3458 473 3506 et
487 3452 622 3524 Spiritum
635 3457 809 3521 sanctum,in
824 3459 936 3514 saecula.
978 3456 1104 3528 plicaret,
1117 3471 1149 3509 ac
1165 3455 1222 3508 Deo
1237 3454 1352 3507 charam
1364 3453 1443 3506 illam
1459 3451 1585 3506 animam
1605 3451 1642 3505 ad
1656 3448 1772 3505 libidinis

175 3540 303 3611 Cumque
312 3541 403 3596 Arnen
418 3539 618 3612 subjunxisset,
633 3543 758 3599 divinam
775 3548 939 3604 consolatio·
978 3546 1086 3600 foveam
1101 3542 1272 3616 praecipitem
1285 3543 1419 3597 traheret.
1433 3537 1771 3613 quemadmodumsideli·

140 3644 206 3684 nem
216 3629 325 3684 coelitus
334 3629 395 3701 ipse
403 3629 456 3684 sibi
464 3631 596 3685 advenire
609 3632 939 3707 sensit,atqueimprobae
979 3635 1100 3689 cetolim
1115 3633 1228 3703 generis
1238 3631 1355 3686 humani
1367 3636 1511 3686 auctorem
1526 3631 1590 3685 Eva
1601 3645 1694 3701 opera
1706 3642 1771 3700 epa-

139 3717 392 3788 cogitationessese
402 3716 604 3773 subduxerunt.
617 3720 680 3791 lpse
691 3728 786 3776 autem
800 3724 835 3777 ad
849 3730 940 3780 matu·
980 3724 1073 3778 radiso
1088 3739 1120 3777 ac
1133 3723 1191 3776 Deo
1206 3722 1307 3776 misere
1321 3720 1526 3785 exterminarit,
1550 3735 1679 3790 eumque
1694 3717 1772 3774 beata

139 3805 232 3860 tinum
246 3822 336 3876 usque
347 3812 460 3878 tempus
473 3807 502 3861 in
516 3807 647 3878 precibus
668 3811 791 3880 perstitit
797 3805 810 3879 ;'
830 3813 940 3870 intelle·
981 3819 1065 3884 atque
1078 3811 1247 3867 immortalis
1258 3810 1320 3866 vitae
1332 3812 1392 3865 loco
1407 3808 1490 3864 morti
1500 3808 1620 3863 addixit.

141 3895 249 3967 otiaque
259 3894 413 3967 versipellis
432 3895 521 3950 hostis
535 3897 644 3952 technis
656 3903 742 3970 atque
754 3901 872 3970 artibus,
880 3920 939 3958 cor·
1016 3903 1202 3972 Posteaquam
1213 3900 1299 3971 igitur
1307 3898 1490 3971 puellaverba
1498 3897 1634 3953 illaomni
1640 3895 1774 3969 sapienda

141 3999 291 4056 passuum
306 3989 366 4038 tum
386 3984 440 4040 cibi
455 3985 583 4057 penuria,
599 3992 661 4042 tum
679 3988 726 4044 siti
740 3989 857 4061 aliisque
871 3993 941 4049 affli-
981 3992 1086 4046 retorta
1101 3990 1216 4057 audivit,
1240 4006 1290 4061 pro
1305 3999 1357 4044 sua
1370 3988 1489 4043 stultitia
1503 4004 1537 4043 ea
1557 4004 1615 4043 nnn
1629 3986 1773 4047 innuerit

141 4072 266 4130 stionum
287 4073 438 4145 generibus
459 4091 587 4145 premere
607 4077 745 4148 coepitio
766 4081 940 4138 orationibus
982 4097 1078 4135 verum
1088 4078 1251 4150 hujusmodi
1264 4077 1533 4149 responsumedidit,
1550 4077 1637 4148 quale
1646 4074 1773 4132 abeaedi

144 4169 236 4219 erecto
243 4179 361 4236 corpore
370 4169 548 4235 pernoctans,
559 4165 670 4236 sibique
680 4166 733 4238 ipsi
744 4174 826 4240 pacta
835 4187 868 4226 aa
879 4188 940 4245 qum
980 4174 1200 4225 consentaneum
1215 4172 1310 4234 315
1323 4172 1392 4230 erat,
1401 4183 1463 4238 quae
1470 4165 1575 4221 diaboli
1582 4166 1684 4238 lingua
1699 4170 1776 4237 atque

141 4270 206 4309 cum
218 4252 277 4309 Deo
290 4252 393 4307 inierat
404 4253 435 4308 in
447 4253 612 4309 memoriam
624 4256 769 4325 reducens,
782 4264 869 4332 atque
879 4267 940 4317 tum
981 4276 1013 4316 os
1025 4265 1088 4315 erat
1100 4277 1106 4327 ;
1132 4257 1228 4330 aitque
1242 4275 1247 4310 :
1268 4256 1297 4312 Si
1312 4256 1411 4311 salutis
1425 4272 1502 4322 meae,
1530 4272 1546 4310 o
1573 4256 1702 4321 domine,
1715 4268 1777 4310 cura

142 4360 240 4399 eorum
260 4341 309 4414 qui
319 4343 461 4413 justitiam
474 4344 614 4399 coluerint
625 4345 751 4402 futurum
762 4349 940 4420 splendorem
980 4349 1115 4419 tangeris,
1131 4364 1164 4402 ac
1179 4363 1225 4402 me
1236 4347 1293 4402 Deo
1304 4352 1353 4400 tuo
1362 4345 1521 4412 conciliare,
1532 4344 1711 4417 abjectaque
1724 4343 1778 4399 ani·

141 4434 238 4489 animo
252 4438 281 4487 et
295 4432 463 4503 cogitatione
485 4431 649 4500 informans,
665 4442 727 4491 tum
746 4436 940 4496 denuntiatam
949 4462 972 4522 ι)
981 4455 1035 4494 mae
1048 4454 1118 4493 meae
1133 4437 1252 4492 salutem
1263 4436 1363 4491 afferre
1377 4435 1482 4500 studes,
1498 4435 1543 4489 fac
1557 4441 1589 4489 tu
1602 4450 1719 4507 quoque
1732 4431 1777 4489 uni

140 4523 277 4595 improbis
288 4522 448 4592 gehennam
456 4527 553 4592 aperte
563 4522 616 4577 sibi
627 4524 662 4578 ob
671 4527 940 4601 oculosproponens.
983 4544 1052 4583 mea
1063 4527 1192 4599 petitioni
1207 4543 1325 4592 annuas,
1335 4542 1367 4581 ac
1377 4524 1579 4596 statimpatriis
1588 4522 1777 4580 omnibusdii·

143 4612 224 4677 Quod
238 4611 344 4667 seilicet
357 4627 391 4666 ea
400 4610 436 4665 de
449 4626 535 4666 causa
546 4610 709 4669 faciebatne
719 4615 807 4673 hostis
822 4618 942 4676 inertem
983 4616 1224 4689 meierepudiatis
1236 4617 1294 4671 Deo
1304 4620 1353 4670 tuo
1363 4631 1409 4670 me
1418 4614 1583 4686 adjungam,
1589 4611 1778 4687 ipsumquesd

141 4718 176 4757 ac
189 4703 311 4756 solutam
325 4700 414 4773 ipsius
428 4701 552 4755 animam
565 4707 674 4770 nactus,
684 4720 784 4776 pravas
794 4707 944 4778 cogitatio„
983 4712 1138 4763 extremum
1148 4721 1236 4777 usque
1247 4703 1377 4776 spiritum
1386 4703 1487 4758 colam.
1496 4704 1540 4758 lta
1549 4708 1581 4758 tu
1589 4704 1694 4760 salutis
1702 4718 1777 4767 mea,

144 4805 195 4846 nes
214 4791 269 4862 ipsi
286 4791 364 4845 nullo
382 4790 495 4862 negotio
523 4790 669 4859 insereret,
689 4794 833 4867 animique
853 4797 941 4869 ipsius
976 4802 1067 4867 ‚atque
1079 4794 1114 4849 ad
1125 4797 1215 4850 Deum
1226 4793 1424 4859 conversionis,
1440 4791 1599 4847 mercedem
1612 4792 1730 4849 ream.

142 4878 296 4950 puritatem
309 4879 436 4936 turbaret
449 4885 478 4936 et
496 4879 633 4937 inficeret.
660 4882 732 4937 (lum
747 4884 835 4955 igitur
853 4886 942 4942 hostis
1019 4886 1091 4940 cum
1102 4891 1197 4939 autem
1214 4883 1261 4938 ille
1276 4898 1403 4954 quaenam
1417 4881 1477 4936 haec
1489 4881 1588 4952 petitio
1598 4881 1780 4954 essetquasi·

144 4967 259 5023 omnino
269 4973 363 5024 mente
373 4969 543 5039 concideret,
555 4987 641 5044 seque
651 4976 797 5029 strenuum
809 4976 943 5045 juvenem
985 4975 1077 5038 visset,
1094 4979 1155 5029 tum
1170 4973 1219 5027 illa
1233 4978 1261 5027 et
1275 4971 1384 5037 habitu,
1401 4975 1430 5026 et
1444 4974 1569 5042 aspectu,
1587 4977 1620 5026 et
1642 4988 1779 5041 mrmone,

143 5056 318 5128 dejecturum
332 5074 448 5128 prorsus
461 5058 611 5128 diffideret,
624 5061 659 5116 ad
670 5061 756 5117 aliam
770 5064 942 5121 callidiorem
984 5080 1016 5117 ac
1030 5062 1151 5134 denique
1164 5061 1241 5116 omni
1256 5078 1289 5115 ex
1313 5067 1394 5133 parte
1416 5075 1477 5114 sese
1491 5059 1527 5113 ad
1541 5059 1726 5118 alliciendum
1744 5061 1783 5133 ip·

141 5144 271 5202 fraudem
284 5161 346 5201 sese
355 5147 463 5203 confert
476 5150 517 5215 {ut
535 5150 583 5221 qui
596 5165 708 5223 semper
720 5154 812 5209 malus
827 5153 872 5220 sit,
890 5170 943 5211 nec
983 5152 1042 5207 sius
1056 5151 1182 5206 animum
1194 5165 1378 5222 comparans:
1400 5147 1590 5212 Matrimonia,
1607 5149 1714 5222 inquit,
1728 5164 1783 5206 ιιιι·

142 5251 269 5308 unquam
283 5235 388 5306 aliquid
399 5237 500 5305 moliri,
508 5243 593 5311 atque
604 5239 812 5299 incommodum
826 5243 941 5317 aliquod
982 5256 1047 5296 cum
1074 5241 1254 5311 conjungere,
1272 5243 1356 5310 atque
1380 5253 1433 5308 ego
1457 5236 1585 5308 imperiis
1600 5237 1661 5293 tuis
1685 5237 1782 5295 luben

142 5331 172 5381 et
186 5324 388 5381 detrimentum
400 5327 500 5381 aliene
516 5328 708 5402 intermittat),
719 5330 748 5387 in
756 5332 785 5388 id
795 5333 872 5389 omni
884 5339 941 5391 stu·
982 5330 1131 5402 obsequar.

141 5416 188 5472 dio
204 5413 379 5483 incumbens,
392 5421 424 5471 ut
439 5431 500 5487 quae
515 5416 568 5472 sibi
584 5418 728 5477 aTheuda
739 5422 873 5479 mandata
883 5424 943 5480 fue·
1019 5421 1056 5474 lit
1070 5419 1117 5474 ille
1130 5437 1136 5473 t
1147 5418 1303 5484 Incassum,
1313 5415 1416 5490 intuita
1426 5433 1444 5472 ⁰
1453 5416 1565 5483 mulier·
1574 5416 1783 5491 (inmitium-

140 5510 207 5562 rant
219 5510 397 5577 exaequatur.
408 5505 508 5578 ltaque
521 5522 620 5564 rursus
636 5508 797 5582 hujusmodi
812 5513 943 5586 pherme·
983 5506 1784 5582 modipetitionemmihiproposuistiNamquanquamin·

136 5611 172 5665 ,ca
183 5599 339 5670 comparat.
802 5665 808 5674 ,
982 5599 1060 5672 genti
1074 5599 1173 5656 saluus
1187 5602 1243 5656 tue
1260 5613 1330 5656 cura
1348 5601 1457 5667 tencon
1482 5602 1619 5670 tequsex
1633 5598 1736 5655 morfia
1755 5602 1784 5661 ei
