3818 6120
128 264 179 338 γρ,
640 266 688 325 au
705 258 800 327 nris
819 258 968 329 raram
985 260 1093 330 nisan
1111 260 1257 333 smnus.
1342 286 1348 295 ·
1714 260 1771 332 tlt

129 404 230 476 liiquit,
246 402 318 457 sicat
328 414 394 470 apes
407 400 543 461 limmat
552 401 718 451 exarserunt
727 396 801 451 sicat
811 397 884 468 ignis
896 397 924 453 in
936 398 1033 462 Abatl
1044 402 1132 466 Quem
1144 400 1295 472 aliquando
1303 398 1473 454 monacham
1488 398 1607 453 audiens
1619 398 1692 453 bene
1705 414 1769 453 con·

130 494 228 565 spinis,
241 490 308 544 etin
325 487 438 542 nomine
448 485 728 540 Dominirindicabor
738 486 818 539 ineis
838 487 922 556 (Psoi.
967 492 1081 556 versari,
1094 508 1150 545 non
1161 507 1252 562 proco
1263 490 1428 561 deprecatus
1438 493 1480 542 est
1489 487 1771 556 Dominum,utliber

130 586 222 649 cxvii).
233 579 311 633 Tunc
330 578 449 632 Satanas
464 574 688 639 exclamansait:
698 575 775 628 Heu!
791 576 845 629 heu
860 577 925 629 me!
968 580 1003 634 ab
1018 579 1147 634 omnihus
1167 579 1269 634 diaboli
1293 579 1402 650 laqueis
1416 586 1584 641 servaretur,
1609 582 1638 631 et
1653 592 1769 631 rursum

131 670 196 741 quid
206 667 257 721 tibi
267 666 301 720 de
321 671 419 720 caetero
435 664 533 718 faciam
549 664 651 718 nescio.
669 664 737 717 Ecce
750 664 825 718 enim
840 681 885 719 me
899 664 928 719 in
969 669 1032 723 rita
1047 686 1104 723 suae
1125 668 1333 739 inculpabiliter
1360 666 1595 722 consummaret?
1615 668 1672 720 hut
1686 682 1771 736 quem

130 757 260 813 omnibus
274 755 378 809 rictum
389 771 421 808 ac
431 752 738 824 superatumintelligo,
749 753 929 809 etunirersas
969 759 1198 829 peccatorumrel
1213 758 1332 828 impium
1348 757 1475 815 audiens,
1493 772 1597 827 praee,
1614 756 1773 810 utsalvare·

130 847 202 901 vires
212 861 290 899 meas
303 860 365 898 esse
376 844 531 913 despectas,
548 846 577 896 et
589 859 634 895 me
648 841 772 912 undique
786 843 928 896 conculca·
969 853 1026 908 tur,
1043 864 1107 901 curn
1120 847 1251 918 lacrymis
1261 844 1359 900 diebus
1369 862 1402 900 ac
1414 844 1702 900 noctibusDominum
1715 848 1772 898 lton

127 937 199 989 tum.
215 935 418 987 Verumtamen
436 948 487 985 nec
502 929 541 985 sic
560 931 671 1001 quidem
694 947 711 984 a
730 938 757 984 te
778 931 928 1002 aliquando
970 935 1143 1006 postulabat?
1151 936 1186 990 Et
1195 936 1225 989 in
1235 935 1443 1006 omnitempore
1455 933 1706 988 institutionissuae
1715 948 1772 988 non

128 1020 280 1086 discedam,
292 1020 531 1091 donecsuperans,
545 1019 679 1073 humilem
690 1025 718 1072 te
732 1019 856 1090 mihique
865 1017 929 1074 sub·
970 1023 1259 1095 preteriviteumsine
1270 1023 1402 1095 lacrymis
1411 1022 1480 1077 dies.
1491 1021 1578 1076 Labie
1587 1038 1639 1076 sua
1653 1036 1710 1076 non
1720 1022 1773 1077 sel-

126 1110 353 1181 jectumlaciam.
371 1110 422 1162 llir
435 1116 531 1163 autem
544 1109 594 1163 Dei
609 1109 694 1162 aitad
710 1124 791 1163 eum:
807 1109 929 1163 Anatha·
969 1112 1052 1167 rebat
1066 1113 1145 1167 facile
1164 1114 1193 1166 iri
1221 1113 1319 1167 risum.
1351 1113 1413 1167 Non
1428 1111 1662 1182 appropinquarit
1677 1111 1770 1166 oleum

128 1216 177 1254 ma
190 1199 241 1254 libi
256 1205 285 1254 et
298 1199 375 1253 omni
390 1198 487 1252 virtuti
506 1203 570 1261 tuae·
597 1197 783 1268 POliUtiSSiffle
797 1197 927 1263 daemffllt
971 1202 1134 1274 corpusculo
1149 1204 1222 1273 eJus:
1239 1201 1332 1264 iacies,
1357 1202 1400 1255 rel
1415 1202 1500 1255 etiam
1513 1200 1607 1272 pedes,
1622 1200 1695 1254 adie
1705 1216 1772 1255 con·

129 1289 219 1362 gloria
235 1296 329 1342 autem
340 1293 368 1341 ct
378 1286 592 1341 bonorDomino
602 1286 800 1340 solisanctoac
810 1286 929 1356 sapienti
971 1291 1106 1345 versionis
1121 1308 1178 1345 sua
1193 1306 1338 1361 nunquam
1352 1290 1434 1345 dilati
1453 1295 1527 1344 suut.
1543 1289 1588 1344 Sic
1603 1304 1728 1360 namque
1742 1306 1772 1343 se

129 1374 197 1443 Deo,
216 1377 264 1448 qui
279 1376 359 1431 nobis
378 1375 558 1430 dilectoribus
576 1376 634 1429 suis
647 1381 674 1429 tc
689 1374 805 1429 tradidit
816 1375 928 1429 conoul·
971 1379 1128 1445 exhibebat,
1145 1387 1281 1450 tanquam
1296 1379 1420 1450 quotidie
1435 1379 1613 1433 moriturum.

131 1466 262 1521 candum.
286 1462 320 1520 Et
342 1465 444 1518 idcirco
467 1464 603 1518 versutias
638 1469 702 1519 tuas
723 1464 928 1519 subsannamus
1007 1472 1075 1526 Gar.
1092 1470 1191 1524 XVlll.
1207 1469 1274 1523 -0
1291 1484 1364 1534 vere,
1383 1468 1494 1530 iratres,
1509 1467 1665 1538 gloriosum
1681 1467 1769 1520 mira·

132 1561 217 1627 stque
231 1554 447 1609 contemnimus.
473 1554 600 1623 Agnosce
614 1554 718 1624 itaque,
740 1552 930 1608 infirmissime
972 1559 1076 1623 culum,
1089 1558 1117 1612 in
1134 1562 1215 1611 tanta
1230 1556 1410 1618 abstinentia,
1417 1555 1588 1627 jugibusque
1602 1554 1715 1626 sigiliis,
1727 1555 1775 1609 ile-

133 1650 217 1714 atque
233 1642 422 1697 infelicissime
442 1642 561 1707 damon,
579 1643 645 1714 quia
658 1658 710 1696 nos
724 1658 815 1713 neque
828 1648 866 1707 te,
879 1658 929 1697 ne·
970 1647 1046 1702 tibus
1062 1648 1165 1712 mixtis,
1179 1646 1353 1700 chameuniis
1368 1643 1422 1713 113)
1439 1649 1591 1716 quoquest
1605 1644 1775 1699 contritione

132 1748 187 1803 que
200 1740 264 1786 tuas
278 1731 502 1803 pertimescimus
516 1732 688 1802 phantasias.
971 1736 1096 1807 corporis
1110 1752 1254 1807 nunquam
1278 1735 1393 1790 omnino
1412 1734 1533 1788 lassatus
1547 1739 1599 1798 est,
1626 1746 1773 1804 nunquam

168 1823 233 1876 Gar.
246 1820 332 1876 XVII.
349 1853 376 1864 --
388 1820 570 1875 Permultum
585 1827 680 1875 autem
690 1826 801 1893 tempus
813 1820 930 1875 diversis
971 1826 1132 1880 infirmatus
1141 1824 1262 1895 segnitia
1276 1824 1428 1895 obtorpuit,
1452 1839 1597 1894 nunquam
1607 1822 1692 1877 taedio
1706 1821 1770 1876 lsti-

132 1910 306 1982 argumentis
320 1925 353 1963 ac
370 1909 508 1963 machinis
522 1912 620 1963 contra
639 1909 730 1964 virum
745 1910 930 1965 fortissimum
971 1918 1055 1983 gatus
1068 1920 1125 1967 est:
1136 1914 1185 1968 sed
1194 1913 1281 1967 veluti
1295 1913 1424 1968 esuriens
1439 1913 1587 1983 quisquam
1599 1917 1649 1966 aut
1663 1911 1771 1977 sitiens,

132 1998 338 2062 dimicans,non
349 1997 438 2069 quirit
448 1998 662 2068 cogitationibus
673 2000 734 2069 ejus
741 1998 928 2065 solidissimis,
973 2000 1012 2054 sic
1025 2002 1073 2055 ille
1088 2001 1221 2055 ariditate
1236 2001 1357 2072 quadam
1367 1999 1619 2058 sustinensomnia,
1628 2008 1774 2070 nunquam

132 2088 233 2143 saltem
248 2092 497 2159 paroremcertaus
512 2087 645 2142 incutere.
661 2086 749 2158 Magis
761 2092 855 2141 autem
864 2104 932 2158 prae·
974 2091 1018 2144 sui
1041 2089 1176 2161 propositi
1200 2089 1292 2160 potuit
1308 2104 1388 2142 mens
1408 2089 1469 2157 eius
1494 2088 1641 2142 dulcedine
1664 2087 1772 2142 satiari.

132 2176 236 2241 liando,
249 2176 425 2231 alacritatem
435 2176 464 2230 in
484 2194 516 2231 eo
532 2183 560 2231 et
571 2176 739 2231 charitatem
753 2176 827 2248 apud
842 2178 932 2231 Deum
975 2179 1043 2232 Erat
1063 2186 1158 2233 autem
1205 2184 1334 2250 aspectus
1367 2178 1428 2248 ejus
1456 2177 1535 2248 quasi
1569 2178 1621 2231 iios
1660 2176 1774 2247 quidam

132 2267 285 2320 maximam
296 2266 458 2320 suscitabat.
467 2265 591 2336 Diligens
600 2282 721 2336 namque
732 2267 821 2320 Deum
833 2283 865 2319 ex
874 2270 932 2319 toto
975 2267 1221 2335 immarcescibilis,
1245 2271 1329 2338 atque
1344 2267 1373 2320 in
1400 2266 1471 2320 facie
1488 2267 1550 2336 eJus
1564 2265 1675 2337 puritas
1689 2264 1774 2320 animi

133 2356 236 2421 animm
254 2360 282 2410 et
295 2355 533 2410 conversationem
548 2371 626 2409 suam
636 2355 790 2409 secundum
805 2355 932 2409 volunta·
975 2355 1151 2411 noscebatur.
1168 2357 1223 2411 Sed
1240 2362 1267 2411 et
1287 2361 1377 2410 totum
1392 2355 1588 2426 corpusculum
1604 2356 1676 2424 eius,
1693 2354 1774 2425 qussi

132 2450 190 2500 tem
201 2445 262 2513 ejus
277 2444 435 2501 instituens.
452 2443 601 2498 affluenter
612 2443 732 2513 gratiam
741 2442 862 2496 divinam
871 2458 933 2512 pro·
975 2445 1045 2499 nihil
1059 2445 1171 2514 egisset,
1188 2444 1310 2498 ualidum
1322 2460 1354 2497 ac
1366 2442 1513 2498 robustum
1527 2444 1669 2515 apparuit,
1693 2446 1776 2515 utpo-

134 2533 238 2587 meruit
253 2550 258 2585 :
277 2537 305 2586 et
324 2537 472 2603 propterea
486 2548 541 2586 nou
556 2531 666 2585 valebat
679 2530 806 2585 diabolus
833 2531 933 2585 laedere
975 2538 1003 2587 te
1018 2533 1064 2603 qui
1080 2533 1174 2586 (lirina
1187 2533 1280 2603 gratia
1295 2533 1323 2586 in
1334 2532 1463 2587 omnibus
1477 2532 1628 2597 frueretur,
1641 2538 1671 2586 et
1677 2533 1776 2603 jucun·

134 2638 206 2676 eum.
229 2622 444 2676 perseueranter
457 2636 578 2692 namque
601 2619 768 2691 pulsavemt,
783 2627 814 2674 ut
829 2620 854 2673 ei
869 2620 931 2674 the·
973 2622 1061 2676 ditate
1079 2622 1171 2688 151)
1184 2621 1317 2692 spiritalis
1336 2621 1439 2675 laetitiae
1467 2621 1614 2692 potiretur.
1646 2621 1679 2676 ln
1705 2621 1774 2676 hors

133 2711 209 2766 sauri
218 2710 627 2780 divinregratiaepandcrentur.
640 2710 768 2780 Cumque
777 2708 932 2779 patefactus
973 2726 1094 2782 namque
1115 2710 1292 2765 dormitionis
1317 2726 1374 2765 sua
1387 2710 1428 2764 ita
1442 2709 1684 2781 splendidissimus
1698 2710 1776 2765 mtto

132 2798 586 2870 fuissetingressus,tressibiinde
597 2798 815 2869 pretiosissimos
825 2796 932 2868 lapides
973 2800 1135 2871 apparebat,
1157 2799 1236 2871 quasi
1251 2799 1298 2869 qui
1313 2814 1491 2870 nequaquam
1508 2799 1570 2853 rita
1591 2816 1650 2853 sum
1664 2803 1776 2870 tempus

134 2889 263 2960 sumpsit,
280 2888 374 2953 tidem,
391 2904 469 2959 spem
488 2892 518 2941 et
537 2887 713 2952 charitatem,
731 2885 832 2956 quibus
847 2886 875 2939 in
887 2902 933 2953 ,eo
973 2888 1186 2943 inabstinentia
1200 2889 1364 2960 peregisset.
1380 2888 1434 2943 Sed
1450 2892 1479 2942 et
1493 2889 1569 2942 aliud
1584 2888 1613 2942 in
1627 2905 1662 2943 eo
1672 2900 1723 2960 per
1736 2887 1776 2943 dt·

134 2979 255 3049 perfecte
274 2995 306 3031 ac
337 2977 456 3031 firmiter
477 2976 595 3030 virtutes
614 2975 728 3046 reliquae
748 2972 931 3029 ornabantur.
973 2975 1181 3049 spensationem
1196 2977 1362 3031 miraculum
1377 2982 1489 3046 gestum
1508 2982 1560 3031 cst.
1583 2979 1615 3031 ln
1639 2976 1775 3032 omnibus

133 3066 243 3123 Terens
257 3082 368 3138 quoque
379 3066 611 3137 pretiosissimam
623 3080 756 3119 coronam
770 3064 850 3118 bonis
865 3080 932 3135 ope·
944 3056 964 3112 C
974 3065 1112 3136 siquidem
1132 3065 1337 3136 quinquaginta
1355 3064 1438 3119 annis
1453 3064 1630 3119 abstinentia
1644 3082 1713 3129 saar,
1728 3080 1775 3119 re-

133 3156 220 3221 ribus,
234 3156 302 3226 Regi
314 3172 410 3226 regum
420 3155 576 3222 Dominae
590 3171 645 3225 que
660 3170 762 3208 munus
776 3158 930 3224 acceperat,
974 3159 1046 3208 stem
1060 3152 1208 3215 cilicinam,
1224 3170 1280 3224 qua
1295 3153 1410 3207 indutus
1422 3153 1522 3218 iuerat,
1542 3169 1598 3207 nou
1608 3155 1741 3209 mutarit·

135 3245 277 3300 atterebat.
297 3245 365 3309 Quis
381 3244 455 3298 eninr
473 3244 553 3298 sicex
564 3243 714 3298 totocorde
729 3242 818 3297 Deum
829 3248 858 3296 et
871 3258 934 3314 pro·
1011 3243 1124 3312 Reliqua
1138 3245 1169 3297 de
1192 3244 1250 3297 Vita
1264 3243 1379 3296 eitraha
1392 3248 1418 3296 et
1432 3245 1490 3310 ejus
1511 3248 1587 3311 nepte
1604 3245 1668 3297 adde
1685 3244 1774 3311 inm,

134 3336 240 3392 ximum
253 3340 389 3405 tanquam
401 3332 524 3404 seipsum
535 3332 632 3387 dilexit
648 3332 733 3393 tlara
743 3336 769 3400 x)
781 3332 793 3384 l
803 3332 860 3385 hut
870 3332 933 3403 quis
974 3335 1049 3386 inter
1064 3333 1136 3386 Vitas
1146 3335 1328 3399 [amireorum.

134 3427 176 3481 ita
187 3423 380 3481 laborantibus
394 3421 617 3494 compatiebatur
625 3428 653 3474 ct
667 3421 825 3475 misericors
835 3421 934 3475 existe-

769 3546 960 3601 ROSWEYDI
979 3546 1147 3601 NOTATIO.

173 3651 209 3719 ti)
225 3650 362 3717 Adraha]
383 3646 517 3702 Memoria
532 3645 617 3714 hujus
632 3643 751 3697 habetur
765 3643 794 3696 in
809 3644 936 3698 ccclesia·
975 3644 1080 3699 salibus
1098 3645 1296 3700 corrtrahendis
1318 3651 1386 3698 retas
1412 3639 1638 3696 contrahentium
1660 3641 1778 3696 delinita

137 3723 215 3778 sticis
226 3720 340 3774 tabulis.
366 3720 409 3772 lta
431 3718 505 3771 enim
523 3715 756 3785 Martyrologium
777 3715 933 3769 Romanum
976 3733 1031 3769 lion
1047 3722 1099 3780 est,
1110 3723 1141 3770 ut
1153 3716 1181 3769 in
1192 3715 1388 3770 niatrimoniis¹
1401 3713 1578 3784 Quapropter
1592 3727 1610 3764 a
1621 3710 1777 3793 primordio

138 3793 172 3848 16
185 3790 291 3846 Martii:
311 3808 323 3839 a
339 3790 371 3844 ln
386 3788 468 3859 Syria
479 3786 567 3841 sancti
583 3785 701 3839 Abrahae
714 3785 935 3856 eremitae,cujus
976 3788 1067 3840 atritis
1082 3787 1223 3858 sponsalia
1238 3786 1309 3840 ellici
1323 3790 1460 3867 possunt3
1486 3784 1509 3838 si
1523 3782 1606 3837 modo
1620 3782 1648 3836 nl
1664 3782 1728 3836 lieri
1742 3780 1776 3837 ab

136 3874 182 3917 res
196 3866 290 3931 gestas
304 3860 402 3913 beatus
421 3858 553 3930 Ephraim
569 3857 702 3911 diaconus
728 3857 903 3928 conscripsit.
921 3876 933 3909 r
976 3864 1097 3928 utraque
1112 3874 1232 3929 persona
1240 3858 1423 3926 intelligatur,
1441 3856 1534 3914 idest,
1547 3855 1571 3907 si
1584 3854 1713 3907 nonsint
1728 3854 1780 3907 nri·

137 3933 328 4002 lllenologium
354 3932 515 3984 Graecorum
538 3928 573 3983 29
600 3927 749 3983 Octobris:
782 3949 793 3976 ι
828 3928 936 3983 Natalis
977 3946 1060 3984 nores
1075 3946 1160 4000 quam
1174 3936 1280 3999 septem
1292 3944 1466 3982 annorum.»
1487 3926 1554 3990 Qua
1567 3922 1653 3979 rerba
1667 3931 1778 3979 certam

138 4004 227 4060 sancti
239 4002 329 4058 Patris
344 4001 433 4055 nostri
448 4000 612 4055 abrahami.
631 4019 642 4049 ν
660 3999 759 4052 Fusius
775 3999 872 4053 eodem
887 3999 932 4053 die
975 4000 1140 4055 neritinatim
1169 3999 1345 4072 sponsalibus
1370 3996 1567 4053 contrahendis
1582 3996 1778 4068 praescriptam

137 4076 167 4130 iu
178 4075 300 4138 bleuais,
317 4072 365 4127 ubi
382 4079 410 4126 et
424 4073 512 4126 illaria
524 4070 615 4142 neptis
631 4070 691 4139 ejus
703 4069 841 4139 jungitur.
974 4077 1085 4126 aetatem
1097 4088 1152 4125 nou
1165 4072 1251 4125 luisse
1266 4070 1434 4124 sionisicant.

175 4146 211 4213 (Et
221 4144 379 4215 Epinoim]
391 4142 548 4197 Auctorhic
558 4144 691 4195 hetorum
702 4141 790 4194 sancti
801 4140 930 4208 Abrahae,
1010 4144 1175 4212 Quanquam
1187 4143 1261 4213 quod
1267 4114 1307 4196 ad
1310 4141 1379 4210 legis
1389 4138 1602 4211 l'upirepraemia
1611 4138 1726 4198 attinet.
1742 4154 1775 4192 ea

137 4217 241 4274 utltss.
257 4215 418 4287 praeierunt,
433 4220 462 4268 et
476 4214 561 4268 editio
576 4212 749 4267 Coloniensis
760 4231 767 4280 ;
779 4213 932 4283 quaeetiam
974 4215 1087 4268 demum
1102 4214 1243 4284 sponsalia
1255 4213 1367 4284 probari
1378 4211 1546 4280 admittique
1556 4211 1774 4277 Augustuscen·

135 4291 189 4345 hoc
203 4296 317 4343 auctore
330 4287 416 4340 babes
430 4286 505 4357 apud
514 4286 789 4355 Lipomanum,tomo
800 4284 887 4354 Il‚qui
900 4300 932 4338 ea
974 4285 1075 4345 stituit,
1085 4284 1305 4354 quibusbiennio
1314 4290 1378 4354 post
1386 4286 1470 4354 J'ustae
1479 4300 1511 4335 ac
1522 4280 1656 4351 legitima
1672 4281 1773 4352 nuptis

137 4379 171 4417 ex
192 4359 263 4415 Vitis
279 4361 393 4413 Petrum
416 4357 546 4411 editionis
569 4355 743 4410 cotoniensis
764 4355 929 4426 desumpsit.
973 4356 1105 4410 accedere
1119 4362 1242 4426 possent.
1267 4357 1305 4411 Ut
1318 4354 1434 4425 proinde
1454 4353 1576 4407 minores
1592 4359 1662 4406 natu
1678 4352 1772 4407 decem

136 4434 209 4488 Nam
225 4447 286 4501 quae
299 4431 328 4483 in
342 4429 405 4483 aliis
419 4426 587 4481 editionibus
603 4426 749 4492 habentur,
770 4425 799 4479 in
814 4428 869 4480 line
882 4427 930 4480 de·
972 4443 1109 4482 annorum
1125 4426 1359 4497 virginesfrustra
1368 4442 1475 4496 sponsae
1487 4422 1669 4497 haberentur.
1685 4422 1773 4494 Oujus

137 4505 248 4558 curtata
262 4504 337 4555 sunt.
353 4502 461 4554 Desunt
477 4498 550 4553 euim
565 4498 619 4551 tria
641 4497 740 4551 ultima
760 4497 854 4567 capita
868 4488 1014 4568 postDrei
1024 4498 1226 4552 constituendae
1237 4512 1322 4550 musa
1335 4496 1399 4558 fuit,
1414 4494 1487 4566 quod
1502 4494 1713 4564 sponsaliorum
1727 4492 1772 4548 ob·

136 4575 232 4629 Vitam
246 4572 339 4628 llariae
352 4572 444 4642 neptis
458 4569 587 4633 Abrahae,
605 4584 668 4640 quae
681 4567 784 4622 ibidem
798 4569 862 4622 hnic
869 4571 933 4639 jun·
972 4574 1063 4631 tentu,
1072 4583 1133 4640 qua
1147 4569 1181 4622 ad
1196 4569 1301 4623 exitum
1315 4574 1344 4622 et
1357 4568 1487 4621 ellectum
1501 4565 1577 4618 brevi
1592 4565 1711 4635 perduoi

137 4649 249 4701 ctaest.
261 4644 391 4698 Meminit
404 4641 531 4712 ejusdem
542 4640 616 4693 idern
632 4639 766 4709 Ephraim
784 4639 813 4693 in
829 4639 932 4706 libello,
975 4656 1141 4711 sponsarum
1165 4641 1347 4694 immaturam
1362 4644 1473 4694 aetatem
1493 4642 1706 4706 nonpoterant,
1767 4634 1772 4647 '

137 4717 184 4788 qui
199 4719 399 4771 Testamentum
412 4713 548 4782 Epluuirn
560 4710 730 4766 inscribitur.
976 4711 1103 4767 troadem
1110 4711 1172 4765 lieri
1179 4709 1432 4765 animadvertisset.
1442 4706 1581 4773 Dio‚libro
1587 4721 1641 4772 cir,
1656 4707 1689 4760 in
1701 4707 1773 4763 sou

176 4788 377 4858 bletaphrastes
393 4801 505 4856 quoque
528 4783 654 4852 ejusdem
681 4798 725 4835 res
739 4786 832 4852 gestas
846 4781 935 4836 tusius
978 4783 1044 4837 arani
1059 4779 1134 4838 736:
1157 4783 1203 4845 Ὡς
1222 4783 1249 4835 δὲ
1269 4772 1310 4834 οὖν
1331 4781 1406 4867 [aptae
1421 4779 1481 4841 τινὲς
1501 4776 1651 4849 ἐγγαώμενοι
1670 4776 1774 4859 sarpta

139 4856 288 4923 enarrandi,
305 4873 374 4928 quas
388 4855 475 4910 habes
494 4855 569 4926 apud
584 4853 779 4924 Liponlanum,
795 4858 873 4907 tomo
888 4852 934 4919 VI,
977 4850 1048 4916 aute
1066 4860 1116 4906 τῶν
1134 4852 1311 4924 γεγαμηκότων
1331 4857 1489 4922 tropaeam,
1510 4848 1539 4902 τό
1557 4849 1584 4901 δὲ
1605 4849 1678 4919 ἔργον
1697 4846 1775 4901 (ὁτῶν

141 4934 170 4982 et
183 4927 308 4993 Surium,
323 4934 400 4982 tomo
414 4928 450 4982 ll.
977 4904 1006 4978 od
1024 4927 1184 4997 παρείγοντο.
1204 4923 1339 4994 προσέταξε
1358 4923 1480 5010 qusplar
1499 4918 1587 4991 ἐγγόαν
1607 4917 1703 4991 ἰσχύειν
1725 4920 1774 4991 pst'

175 4998 304 5053 Meminit
327 4999 362 5053 de
389 4998 532 5052 Abraham
545 4997 634 5052 sancti
655 4995 788 5067 Ephraim
800 4996 869 5050 disci
889 4996 936 5050 ulo
976 4999 1005 5062 ἣν
1030 4994 1085 5049 οὐδὲ
1109 4989 1176 5049 δυοῖν
1200 4993 1262 5049 ἐτοῖν
1286 4995 1432 5046 aretatem
1457 4997 1562 5062 γαμήσει
1582 5010 1619 5051 τις
1639 5010 1645 5022 ·
1667 4991 1776 5045 seuam

140 5073 319 5136 sozomenus,
335 5069 407 5124 libro
421 5083 459 5136 m,
475 5086 535 5140 cap.
554 5067 594 5135 lo,
609 5074 638 5122 et
647 5068 831 5138 Nicephorus,
846 5012 933 5131 litis,
977 5068 1067 5120 δεκέτιν
1083 5067 1181 5128 πάντως
1195 5065 1334 5138 ἐγγυᾶσθαι,
1350 5069 1393 5117 τ;ῦ
1408 5065 1509 5147 (eiciat
1524 5081 1547 5114 τι
1563 5055 1606 5114 ἀπ’
1622 5058 1698 5129 αὐτῆς
1713 5056 1775 5115 riae·

141 5141 231 5215 capite
247 5142 290 5196 tu,
976 5138 1108 5191 bisacuta·
1124 5138 1221 5190 δώδεκα
1232 5136 1279 5207 γὰρ
1292 5145 1344 5197 ταῖς
1355 5134 1439 5205 κόραις
1454 5152 1486 5195 εις
1497 5132 1541 5199 τὴν
1555 5137 1600 5184 τοῦ
1611 5131 1694 5202 γάμον
1708 5134 1774 5202 ὦρον

176 5212 214 5281 (3)
232 5210 551 5280 Interprctcenonprrro.l
559 5208 662 5264 Eadem
670 5211 728 5264 haec
741 5210 811 5262 heta
823 5224 856 5261 ex
865 5223 936 5261 nora
977 5210 1017 5275 ἔτη
1039 5211 1131 5290 πλήγη,
1151 5208 1259 5276 καθάπερ
1282 5198 1359 5265 εἶπον,
1385 5206 1517 5275 sopitam.
1543 5204 1612 5266 Quae
1630 5202 1717 5257 rerba
1735 5202 1775 5258 ila

140 5284 258 5341 Gerardi
272 5282 364 5336 Vossii
378 5282 609 5352 interpretatione
620 5282 748 5349 prodiere
758 5279 935 5350 hicproximc
976 5280 1135 5333 Brissomus
1142 5279 1273 5339 reddidit,
1283 5277 1356 5347 quod
1372 5292 1405 5329 ea
1413 5276 1448 5329 ab
1457 5276 1612 5345 interprete
1628 5274 1773 5355 Xplaadm

139 5356 241 5427 elapsis
256 5355 346 5413 annis.
362 5353 437 5407 inter
452 5368 537 5422 opens
548 5351 623 5406 beati
635 5352 776 5422 Epluaim.
792 5359 868 5405 tomo
883 5351 933 5405 lli.
976 5350 1197 5404 miuuslideliter
1207 5356 1235 5403 ct
1245 5350 1328 5420 plane
1338 5364 1415 5401 versa
1426 5351 1533 5400 essent:
1545 5365 1556 5396 e
1570 5345 1713 5409 Quoniam
1723 5361 1774 5401 su-

173 5427 481 5495 ttillesponseacruntei
488 5425 935 5492 precellamodhrccr'apueritiacon·
975 5426 1031 5475 tem
1048 5421 1160 5491 quidam
1172 5421 1292 5475 insanies
1308 5420 1414 5490 puellas
1431 5416 1636 5489 despondentes
1651 5416 1776 5486 premiis

139 5496 374 5572 stitnto.]Saltem
384 5501 533 5566 septennes
550 5510 611 5548 esse
621 5493 777 5564 oportebat,
788 5497 820 5547 ut
827 5497 935 5547 contra·
976 5492 1087 5562 quidem
1102 5494 1252 5563 conjugum
1266 5490 1440 5551 fruebantur,
1454 5494 1583 5543 catarum
1595 5486 1777 5543 enectumrel

138 5572 240 5625 herent
251 5566 402 5640 sponsalia,
418 5570 450 5621 ut
470 5570 550 5619 notat
569 5564 711 5619 Barnabas
725 5565 886 5619 Brissonius
899 5562 934 5617 de
977 5565 1163 5635 stconjugum
1174 5578 1307 5634 opusnon
1317 5561 1496 5644 praestabant,
1505 5574 1563 5613 eas
1600 5558 1778 5641 usaliarirqs

137 5643 197 5697 ritu
211 5636 559 5714 nuptiemmalodestinus
572 5633 937 5708 J'urisconsult.,lib.1vDit·
976 5635 1069 5690 nullas
1079 5633 1182 5690 habere
1192 5635 1347 5700 constituit,
1362 5637 1494 5705 postque
1503 5630 1558 5685 duo
1579 5646 1613 5684 us
1623 5634 1779 5712 transaqtrs

139 5711 401 5780 ferendarumtln
415 5706 686 5780 sponsapmentu
696 5712 776 5780 nupt.
786 5726 798 5759 ν
807 5708 840 5766 ln
850 5722 936 5778 spon-
977 5707 1170 5779 aunisspensa
1182 5705 1247 5761 duci
1261 5704 1376 5761 minime
1388 5707 1497 5776 posset;
1506 5701 1560 5760 hoc
1568 5706 1651 5758 estat
1660 5716 1780 5758 ommno
