3818 6120
129 305 185 363 749
787 305 905 362 VERBA
925 303 1122 361 SENIORUM.
1718 315 1772 374 750

128 430 484 487 verbaaudienssaeerdos
497 429 638 486 idolorum
652 430 699 503 qui
725 430 762 486 ibi
776 434 1108 493 commane-Aeternam
1121 435 1150 485 et
1159 428 1194 485 ad
1205 429 1328 487 celestia
1336 432 1771 510 pramiapervenirepoasitia.1n

127 519 190 588 bat,
202 526 386 593 compunctus
396 527 440 576 est
448 521 479 576 in
490 521 592 576 timore
602 520 713 576 Domini
720 526 749 576 et
757 536 853 576 amore
867 522 933 577 lesu
974 520 1092 576 ueritate
1098 518 1240 576 enimdico
1248 520 1299 577 tibi
1306 521 1374 593 quia
1380 529 1457 579 certe
1466 524 1496 580 in
1503 542 1590 598 regno
1597 533 1682 586 natus
1695 546 1770 599 aum,

128 610 248 678 Christi
257 611 437 667 considerans
446 611 521 666 enirn
532 610 666 682 quoniam
674 610 896 682 magisseductio
906 617 935 667 et
975 615 1004 665 et
1013 620 1087 665 nunc
1097 609 1218 682 inregno
1228 611 1308 683 dego,
1321 616 1350 666 et
1359 627 1504 685 nunquam
1514 615 1575 671 sine
1585 617 1773 676 sollicitudine

127 700 254 772 perditio
270 701 429 757 animarum
444 705 488 755 est
501 700 593 755 cultus
606 700 755 766 idolorum,
774 700 934 772 relinquens
975 697 1068 754 cibum
1084 698 1173 771 capio.
1190 700 1257 755 Post
1270 700 1330 756 haec
1338 707 1434 757 autem
1448 704 1528 760 valde
1538 705 1691 764 honorilice
1700 709 1774 764 salu·

129 790 238 854 omnia,
254 791 422 846 festinanter
441 790 564 863 perrexit
584 789 619 844 ad
644 794 756 845 sanctos
778 790 876 845 Patres
898 791 934 845 ad
974 788 1368 861 tariteumimperator,etita
1378 807 1507 863 egressus
1518 799 1561 848 est
1574 795 1609 849 ab
1619 798 1774 854 ec.Eedem

128 880 348 944 monasterium,
365 885 393 934 et
405 879 503 934 retulit
515 880 555 934 eis
578 879 673 933 omnia
696 895 757 950 quae
771 896 821 950 per
838 883 934 946 498
976 884 1070 933 autem
1084 879 1257 950 noctecoepit
1266 881 1341 935 intra
1352 897 1382 935 se
1395 881 1518 953 cogitare
1532 883 1653 941 famulus
1662 886 1774 955 Dei‚di·

128 969 270 1023 malitiam
290 969 431 1025 daemones
451 969 525 1022 inter
544 986 573 1022 se
590 968 785 1040 loquebantur.
807 969 935 1040 Cumque
976 984 1041 1022 cens
1053 987 1059 1020 :
1072 969 1210 1033 Quoniam
1217 985 1273 1023 non
1283 971 1456 1041 oportetjam
1467 987 1511 1026 me
1519 972 1549 1026 in
1557 973 1610 1028 hoc
1618 975 1677 1030 loco
1692 992 1771 1045 esse;

129 1058 247 1112 monitis
261 1057 432 1112 salutaribus
444 1057 643 1111 instruxissent
655 1074 719 1112 eum
735 1058 823 1112 sancti
837 1059 935 1113 Patres
976 1056 1057 1111 multi
1074 1056 1149 1112 enim
1163 1073 1220 1111 non
1235 1057 1327 1112 solum
1341 1058 1376 1112 de
1391 1059 1503 1129 populo,
1520 1061 1569 1115 sed
1584 1062 1670 1117 etiam
1681 1063 1715 1119 de
1727 1082 1775 1137 pe·

131 1146 935 1219 deductriaaDominiSalvatcris,baptizatusest3etsancti
975 1145 1043 1200 latio
1058 1152 1086 1200 et
1098 1146 1133 1201 de
1147 1144 1325 1201 senatoribus
1341 1147 1540 1220 quamplurimi
1551 1152 1709 1222 exemplum
1724 1153 1775 1208 im·

129 1235 269 1307 propositi
285 1236 485 1290 monachorum
500 1237 586 1292 vitam
601 1237 730 1309 arripuit,
742 1242 770 1291 et
784 1237 935 1308 adjuvante
976 1234 1115 1305 portitoris
1130 1235 1229 1302 secuti,
1245 1235 1281 1289 ad
1295 1234 1446 1291 videndum
1461 1238 1631 1294 mercaturi
1651 1246 1727 1308 sant,
1748 1248 1777 1297 et

129 1328 160 1378 ct
171 1330 343 1396 cooperante
357 1325 450 1396 gratia
464 1326 524 1392 Dei,
545 1325 635 1380 factus
658 1332 700 1380 est
721 1325 935 1397 probatissimus
977 1323 1112 1378 honorem
1130 1324 1200 1378 milri
1219 1329 1354 1396 tanquam
1375 1342 1455 1381 servo
1474 1327 1525 1382 Dei
1543 1328 1693 1385 descrendo
1719 1346 1776 1386 non

129 1414 475 1486 monachus‚tantumque
489 1419 637 1470 ueneratus
650 1421 692 1470 est
706 1420 734 1470 et
743 1415 836 1470 tenuit
846 1415 935 1469 virtu-
977 1412 1135 1468 cessabunt.
1148 1413 1183 1468 Et
1192 1413 1233 1468 illi
1242 1414 1354 1485 quidem
1361 1414 1653 1488 haecpropternoman
1662 1417 1776 1476 Domini

128 1508 190 1557 tem
202 1503 380 1570 humilitatis,
397 1509 430 1558 ut
442 1520 541 1559 omnes
551 1504 863 1559 nimiamhumilitatem
874 1504 936 1574 ejus
976 1500 1077 1556 facturi
1094 1508 1168 1567 sunt,
1178 1519 1230 1572 ego
1240 1508 1335 1558 autem
1349 1503 1434 1559 timeo
1451 1520 1486 1560 ne
1496 1505 1568 1561 forte
1577 1506 1705 1564 diabolus
1719 1525 1777 1565 ma·

130 1591 570 1658 admirarentur.Dicebatenim‚
584 1593 715 1664 quoniam
726 1593 935 1647 omnemrirtu-
977 1589 1071 1662 lignus
1087 1591 1155 1645 mihi
1169 1591 1307 1663 subripiat
1324 1592 1372 1663 (8),
1394 1598 1422 1647 et
1439 1593 1559 1650 libenter
1583 1596 1715 1668 incipiam
1730 1614 1779 1653 eoa

129 1684 190 1735 tem
223 1681 448 1737 adversariorum
476 1689 638 1737 nostrorum
665 1682 824 1736 daemonum
853 1681 937 1736 solvit
978 1680 1132 1751 suscipere,
1153 1685 1182 1734 et
1195 1681 1403 1737 condelectetur
1420 1699 1576 1740 cormeum
1590 1685 1674 1741 laude
1688 1693 1717 1742 et
1730 1688 1780 1743 ho·

130 1770 303 1825 humilitatis
317 1771 446 1826 intentio.
460 1772 587 1843 Denique
595 1777 624 1826 et
632 1771 769 1826 Dominus
781 1775 878 1825 noster
892 1771 907 1825 J
910 1759 969 1824 e·B
980 1785 1048 1823 nore
1059 1785 1168 1834 eorum,
1184 1775 1212 1824 et
1226 1785 1277 1841 per
1289 1770 1348 1825 inec
1360 1772 1419 1842 jam
1433 1772 1567 1845 incipiam
1580 1775 1713 1831 virtutem
1727 1777 1779 1832 hu-

129 1874 181 1914 sus
192 1860 322 1915 Christus
332 1878 383 1933 per
391 1861 577 1916 humilitatem
585 1860 771 1932 triumphavit
782 1859 934 1928 diabolum,
978 1857 1105 1913 militatis
1116 1858 1243 1930 perdere,
1251 1863 1281 1913 et
1294 1859 1424 1916 laudibus
1434 1864 1681 1934 atquehouoribus
1690 1866 1779 1921 nomi·

130 1954 161 2004 et
174 1965 291 2005 omnem
307 1952 368 2022 ejus
384 1952 516 2006 virtutem
537 1951 676 2005 contrivit.
700 1949 829 2005 Addebat
851 1950 935 2004 etiarn
977 1964 1046 2002 num
1059 1948 1204 2003 delectari.
1220 1947 1286 2003 Htec
1300 1949 1389 2021 igitur
1402 1952 1499 2007 omnia
1515 1953 1600 2009 homo
1614 1954 1666 2009 Dei
1680 1970 1777 2010 secum

130 2037 240 2105 dicens,
258 2040 390 2110 quoniam
405 2040 567 2112 frequenter
580 2040 705 2094 audisset
715 2038 937 2094 daemoncsinter
978 2036 1113 2107 cogitans,
1136 2036 1235 2092 eadem
1256 2044 1338 2093 nocte
1365 2038 1438 2111 sugit
1461 2041 1537 2109 inde,
1565 2046 1595 2098 et
1613 2043 1778 2115 penexitin

130 2144 162 2183 se
176 2127 335 2200 loquentes,
352 2130 419 2199 quia
429 2129 584 2201 quandoad
599 2128 775 2184 iracundiam
790 2127 937 2183 succendi·
978 2125 1130 2197 AEgyptum
1144 2126 1179 2180 ad
1189 2132 1302 2182 sanctos
1312 2127 1411 2183 Patres
1424 2129 1454 2183 in
1462 2145 1566 2185 eremo.
1578 2131 1677 2204 ltaque
1688 2132 1778 2189 consi·

131 2232 198 2272 mus
212 2217 297 2273 corda
309 2218 466 2284 hominum,
481 2219 505 2273 si
520 2219 582 2290 quis
607 2218 774 2273 sustinuerit
796 2217 938 2289 patienter
978 2212 1118 2281 deremus,
1133 2215 1307 2272 dilectissimi
1331 2216 1442 2285 fratres,
1466 2224 1572 2290 quanta
1590 2221 1779 2278 sollicitudine

131 2306 445 2377 conuiciainjuriarum,
458 2313 640 2362 etconversus
653 2307 742 2378 magis
757 2307 937 2378 rogaveritea
978 2302 1109 2357 virtutem
1125 2304 1291 2359 humilitatis
1306 2306 1448 2361 custodire
1456 2306 1579 2364 famulus
1592 2309 1643 2364 Dei
1657 2311 1775 2378 studuit.

132 2410 197 2467 quae
213 2395 249 2449 ad
258 2413 355 2468 pacem
364 2397 554 2464 sunt,dicens:
568 2397 637 2460 Quia
647 2413 698 2466 ego
709 2396 828 2467 peccavi,
839 2396 937 2451 statim
977 2392 1045 2446 utin
1059 2392 1259 2464 coelestiregno
1272 2399 1407 2449 aeternam
1417 2395 1535 2466 gloriam
1547 2413 1598 2468 pro
1608 2397 1777 2456 laboreaan·

132 2484 276 2540 sentimus
289 2501 401 2540 omnem
425 2491 550 2541 nostram
567 2485 700 2540 virtutem
715 2500 849 2552 marcere,
871 2485 937 2556 quia
977 2486 1028 2536 cue
1038 2481 1100 2536 uitae
1110 2498 1177 2548 suae,
1190 2499 1274 2553 quem
1287 2489 1403 2556 propter
1414 2500 1517 2540 nomen
1527 2485 1640 2544 Domini
1649 2503 1779 2545 marcue-

133 2573 314 2645 approximat
327 2574 573 2645 eisgratiadirinae
584 2575 726 2647 potentiae.
978 2575 1032 2637 rat
1049 2573 1193 2643 percipere
1207 2589 1225 2627 a
1240 2572 1351 2628 Christo
1366 2573 1487 2629 Domino
1502 2582 1670 2633 mereretur.

174 2659 482 2719 tenerescentium
497 2664 597 2719 beatus
613 2664 707 2719 senior
716 2664 831 2718 Poemen
841 2664 937 2718 iratri—
1013 2658 1058 2715 to.
1071 2660 1170 2723 Dehcc
1180 2667 1276 2716 autem
1287 2662 1348 2733 ipso
1365 2668 1462 2718 sancto
1472 2664 1604 2721 Ptemene
1618 2667 1780 2726 referebant

131 2750 197 2818 bus,
213 2753 327 2807 dicens:
339 2753 477 2818 Quoniam
488 2754 542 2808 fuit
551 2753 667 2825 quidam
679 2770 768 2827 nuper
783 2752 936 2807 monachus
977 2747 1025 2803 alii
1041 2749 1131 2803 sancti
1138 2750 1263 2806 seniores
1271 2750 1396 2806 dicentes
1407 2770 1413 2804 ε
1424 2752 1496 2818 Quia
1506 2754 1627 2825 quodum
1637 2762 1775 2830 tempore,

132 2841 936 2915 inconstantinopolitemporibusTlieodosiiimperatoris
977 2838 1777 2916 cumadvenissetjudexprovinciae‚audissetquesanctam

133 2933 250 3002 (Pellae.
265 2933 348 2987 libell.
357 2948 400 2998 xv,
414 2949 493 2987 num.
510 2932 565 2997 lidi.
578 2931 731 2986 liabitabat
742 2938 838 2986 autem
850 2947 937 3002 parva
977 2927 1137 2998 opinionem
1148 2926 1223 2982 beati
1236 2928 1386 2994 Poemenis,
1400 2929 1578 2987 desiderabat
1591 2933 1686 2990 videre
1698 2951 1773 3005 eum,

131 3020 206 3075 cella
219 3020 285 3075 foris
295 3020 434 3076 civitatem
446 3039 532 3093 prope
540 3022 696 3094 proastium
704 3021 751 3090 (6),
762 3020 810 3092 qui
820 3026 936 3075 vocatur
977 3015 1107 3087 misitque
1113 3016 1244 3071 nuntium
1254 3017 1290 3071 ad
1295 3017 1538 3089 deprecandumut
1546 3021 1702 3093 susciperet
1709 3034 1776 3080 eum

131 3110 163 3165 in
187 3110 314 3182 Septimo
330 3111 376 3180 (il,
393 3110 441 3165 ubi
457 3111 547 3166 solent
567 3111 752 3183 imperatores
772 3109 877 3181 egressi
900 3082 1089 3174 desstl’claq,
1107 3107 1191 3162 libell.
1204 3120 1262 3174 rur,
1275 3121 1355 3161 num.
1366 3106 1423 3174 13).
1436 3107 1539 3164 matus
1549 3115 1645 3166 autam
1659 3111 1775 3169 Poetnen

131 3198 248 3253 civitate
258 3198 378 3253 libenter
391 3199 502 3271 degere.
524 3200 649 3255 Audiens
669 3204 763 3254 nutem
781 3200 935 3271 imperator
976 3194 1158 3250 contristatus
1172 3200 1215 3250 est
1229 3194 1317 3261 valde,
1334 3196 1461 3267 cogitans
1474 3198 1549 3270 apud
1564 3197 1749 3272 semetipsum
1767 3221 1773 3259 :

132 3287 260 3360 quodibi
270 3294 343 3343 esset
353 3289 467 3360 quidam
477 3290 631 3345 monachus
641 3289 794 3354 solitarius,
807 3289 935 3360 quinun·
976 3284 1047 3349 Quia
1060 3285 1082 3339 si
1098 3284 1233 3356 coeperint
1245 3300 1371 3357 persona
1385 3285 1493 3341 nobiles
1500 3287 1595 3343 venire
1602 3289 1638 3344 ad
1648 3290 1776 3347 salumn·

132 3392 221 3450 quam
232 3365 428 3448 egrediebatur
437 3379 472 3433 de
481 3377 863 3450 cclla,coepitdeambulando
874 3395 935 3449 pcr-
976 3373 1043 3428 dum
1055 3373 1286 3430 ethonorendum
1296 3390 1351 3443 me,
1362 3374 1541 3431 manifestum
1552 3383 1596 3432 est
1610 3377 1713 3450 quiaet
1727 3380 1776 3436 alii

131 3484 201 3540 gere
216 3468 252 3522 ad
267 3484 331 3522 eum
343 3468 434 3523 locum
449 3469 498 3523 ubi
512 3476 573 3524 erat
583 3469 759 3541 supradictus
770 3468 933 3533 monachus,
977 3464 1059 3519 multi
1072 3464 1158 3519 etiam
1173 3464 1322 3536 populares
1334 3463 1464 3520 homines
1477 3464 1698 3537 frequentabunt
1712 3485 1773 3539 m03

132 3557 324 3629 precepitque
338 3557 520 3629 sequentibus
533 3574 563 3612 se
576 3557 712 3612 ennuchis
730 3563 762 3611 ut
776 3557 869 3611 nullus
884 3573 934 3627 rp-
976 3556 1004 3607 et
1018 3567 1132 3607 necesse
1147 3557 1235 3607 estut
1250 3569 1301 3624 per
1314 3553 1367 3609 hoc
1380 3553 1563 3626 perturbetur
1580 3563 1694 3614 secreta
1710 3558 1776 3615 vim

132 3645 307 3718 proximaret
324 3646 360 3701 ad
373 3647 504 3702 cellulam
523 3647 652 3702 monachi
665 3647 750 3702 illius.
765 3647 828 3718 lpse
839 3652 933 3703 autem
976 3656 1045 3696 meae
1055 3641 1237 3708 conversatio,
1254 3646 1282 3697 et
1291 3641 1458 3698 humilitatis
1468 3645 1601 3715 gratiam
1616 3661 1699 3718 quem
1709 3662 1774 3704 eum

131 3736 212 3791 solus
226 3737 359 3808 perrexit,
376 3736 553 3808 pulsaritque
567 3736 679 3790 ostium.
697 3736 824 3792 Sumexit
837 3742 932 3791 autem
973 3729 1068 3785 labore
1082 3735 1171 3796 ianm,
1198 3728 1349 3786 minante
1363 3731 1494 3796 Domino.
1515 3735 1692 3805 timentum
1710 3752 1775 3793 mea

131 3825 301 3892 monachus,
312 3830 342 3880 et
355 3826 466 3897 aperuit
478 3826 514 3892 ei,
527 3832 554 3880 et
565 3842 620 3880 non
631 3826 760 3896 cognouit
774 3843 839 3881 eum
859 3826 933 3898 quad
974 3819 1068 3876 studui
1076 3819 1226 3888 custodire,
1234 3819 1774 3897 forsitansurripientemalignodiabolo

132 3913 382 3986 caaetimperatcr.
392 3915 508 3970 'l'ulerat
520 3914 651 3970 enimsibi
661 3931 791 3969 coronam
802 3914 933 3987 decapite
973 3908 1099 3980 perdam,
1121 3915 1149 3965 et
1174 3924 1252 3965 vane
1277 3910 1375 3981 gloria
1398 3911 1541 3968 incurram
1558 3913 1683 3986 laqueos.
1708 3916 1775 3974 nac

132 4019 197 4063 suo.
213 4007 247 4058 ut
264 4020 321 4058 non
338 4009 562 4075 cognosceretur.
582 4004 649 4058 Post
667 4005 822 4059 orationem
837 4010 933 4059 autem
973 3998 1773 4078 ergoapudsemetipsumpertrectansdeunivitquatenus

131 4094 270 4149 sederunt
284 4094 400 4164 pariter,
417 4098 446 4148 et
458 4093 640 4165 interrogarit
648 4110 712 4148 eum
722 4094 876 4165 imperator
889 4093 933 4148 di·
974 4093 1120 4143 excusaret
1133 4088 1233 4160 magia,
1245 4095 1275 4143 et
1287 4105 1344 4144 non
1358 4090 1513 4163 susciperet
1526 4098 1624 4161 Δ..
1634 4094 1769 4165 judicem.

131 4200 221 4239 cens:
238 4182 385 4248 Quomodo
399 4184 488 4238 sancti
501 4183 599 4238 Patres
616 4184 722 4254 degunt
748 4184 778 4238 in
792 4183 934 4255 AEgyptoi
975 4177 1164 4233 contristatus
1173 4178 1442 4250 autemjudex‚quia
1451 4195 1581 4236 nonaum
1590 4183 1771 4256 suscepisset,

131 4272 374 4346 Respondeasque
401 4273 563 4338 monachus,
596 4272 661 4326 ait:
691 4272 796 4328 Omnes
817 4278 935 4327 exorant
975 4266 1188 4322 aitndoliicium
1197 4266 1507 4332 snum:Quoniamnon
1516 4269 1770 4328 memividerelro·

130 4362 225 4418 Deum
235 4378 286 4434 pro
295 4363 385 4416 salute
399 4366 502 4416 vestra.
514 4360 673 4434 Aspiciebat
680 4367 773 4417 autem
781 4361 934 4434 imperator
974 4356 1079 4410 minem
1091 4354 1150 4420 Dei,
1165 4355 1287 4427 peccatis
1299 4355 1369 4412 meis
1383 4355 1501 4428 imputo.
1517 4357 1719 4416 Verumtamen
1728 4361 1771 4417 ni·

130 4452 243 4508 intente
257 4450 387 4507 cellulam
401 4451 502 4523 ipsam,
514 4450 618 4506 etnihil
630 4452 660 4505 in
670 4451 786 4517 earidit,
798 4449 852 4505 nisi
865 4439 1201 4522 pau-Dmisdesideravit
1215 4461 1266 4516 per
1275 4461 1482 4518 quamcumque
1491 4448 1665 4504 occasionem
1675 4449 1769 4506 videre

129 4557 180 4597 coa
194 4557 283 4613 panes
299 4540 386 4595 siccos
405 4540 435 4595 in
449 4546 545 4613 sporta
568 4540 730 4613 pendentes,
747 4545 776 4594 et
797 4539 867 4593 dixit
882 4539 906 4594 ei
924 4559 929 4593 :
973 4540 1102 4590 sanctum
1113 4535 1213 4589 virum.
1224 4534 1397 4606 Excogitavit
1412 4551 1479 4607 ergo
1490 4535 1685 4608 hujuscemodi
1699 4555 1770 4596 cau·

129 4630 174 4688 Da
188 4630 260 4686 mihi
269 4629 503 4696 benedictionem,
514 4629 595 4696 abba,
603 4636 636 4684 ut
645 4629 811 4684 reficiamus.
819 4629 932 4684 Statim·
974 4640 1109 4695 samque
1117 4625 1290 4679 occasionem
1299 4623 1325 4679 ei
1332 4623 1470 4696 preberet
1477 4626 1589 4683 videndi
1597 4642 1672 4683 eum.
1684 4629 1786 4710 (lom-O

130 4736 188 4793 que
203 4719 346 4775 festinarit
359 4720 523 4785 monachus,
543 4725 572 4774 et
589 4719 666 4773 misit
680 4734 781 4789 aquam
794 4723 823 4772 et
836 4717 887 4784 sal,
904 4724 932 4773 et
973 4714 1148 4786 prehendens
1158 4713 1520 4771 enimliliumsororisbeati
1529 4716 1679 4787 Poemenis,
1691 4719 1769 4779 misit

129 4809 212 4864 mint
225 4808 374 4878 buccellas,
392 4816 420 4864 et
429 4809 611 4863 comederunt
624 4808 738 4879 pariter,
752 4807 932 4880 porrexitque
972 4803 1002 4857 in
1011 4816 1162 4871 carcerem,
1178 4808 1211 4859 ut
1218 4820 1269 4876 per
1278 4804 1363 4859 istam
1372 4803 1544 4861 occasionem
1555 4811 1605 4862 aut
1613 4808 1769 4882 susciperet

129 4898 157 4954 ei
171 4897 289 4954 calicem
298 4914 387 4970 aque,
398 4904 427 4953 et
438 4897 516 4952 bibit.
534 4897 612 4952 Tunc
627 4896 798 4952 Theodosius
812 4895 932 4968 impera·
970 4892 1299 4965 judicem,autcerteipae
1308 4894 1416 4949 reniret
1425 4894 1623 4967 adrogantium
1629 4899 1766 4970 judicem.

129 4992 178 5042 tor
191 4986 281 5042 dixit:
295 4986 354 5041 Scis
366 4986 428 5058 quis
439 4987 576 5057 egosuml
587 4985 767 5057 Respondeas
778 4985 931 5040 monachus
972 4982 1102 5054 Dixitque
1117 4983 1152 5037 ad
1176 4982 1296 5038 officium
1322 4999 1405 5040 suum
1421 5002 1427 5037 :
1452 4989 1483 5039 ut
1507 5001 1564 5041 nou
1584 4989 1768 5048 contristetur

129 5075 224 5132 dixit:
241 5075 342 5131 Nescio
364 5075 425 5147 quis
437 5075 486 5143 sis,
501 5075 623 5130 domine.
638 5075 713 5130 Dixit
727 5075 752 5129 ei
770 5094 775 5128 :
793 5075 851 5146 Ego
868 5091 930 5129 aum
972 5077 1086 5127 sanctus
1100 5073 1202 5140 senior,
1214 5073 1345 5129 mandate
1355 5074 1380 5128 ei
1390 5073 1414 5128 si
1422 5074 1542 5130 voluerit
1550 5076 1645 5133 venire
1660 5079 1697 5135 ad
1711 5096 1765 5151 me,

128 5164 307 5222 'l'heodosius
322 5164 485 5236 imperator,
501 5170 529 5219 et
542 5163 578 5218 ob
590 5164 765 5219 devotionem
786 5165 850 5220 veni
863 5165 927 5220 huc.
972 5178 1085 5217 necesse
1095 5167 1138 5216 est
1146 5166 1179 5217 ut
1187 5162 1282 5217 statim
1293 5161 1443 5219 educamus
1453 5181 1518 5221 cum
1528 5165 1768 5227 decarcera‘l'alia

129 5253 264 5311 Hoccum
275 5253 399 5309 audisset
407 5254 569 5319 monachus,
578 5253 928 5326 prostravitseanteillum.
971 5252 1046 5307 enim
1058 5256 1101 5307 est
1109 5252 1338 5323 causaejus,quae
1347 5268 1403 5308 non
1412 5254 1501 5324 possit
1509 5254 1624 5328 impune
1632 5260 1765 5316 transire.

128 5345 169 5400 At
175 5342 304 5399 illedixit
313 5342 339 5398 ei
351 5361 357 5396 :
374 5343 452 5398 Beati
467 5343 533 5399 estis
540 5354 597 5410 vos,
615 5343 754 5412 monachi,
767 5343 824 5414 qui,
839 5343 929 5398 securi
970 5340 1096 5397 Audiens
1107 5344 1202 5396 autem
1213 5339 1271 5396 haec
1281 5346 1373 5396 mater
1379 5342 1500 5412 juvenis,
1511 5343 1540 5399 id
1551 5350 1603 5413 est,
1616 5364 1767 5405 sororsan·

127 5452 164 5493 ac
175 5433 259 5490 liberi
273 5432 543 5504 denegetiissaeculi,
555 5434 708 5506 tranquilla
722 5433 852 5505 etquieta
865 5450 930 5506 per·
971 5431 1009 5487 cti
1021 5429 1170 5496 Poemenis,
1185 5428 1256 5484 abiit
1269 5429 1298 5485 in
1313 5447 1440 5486 eremum
1454 5432 1502 5489 ubi
1517 5436 1676 5493 eratliater
1687 5453 1764 5506 suus,

126 5522 261 5583 fruimini
274 5521 342 5590 sita,
359 5527 388 5578 et
403 5523 577 5579 solummodo
599 5524 633 5579 de
657 5523 748 5579 salute
772 5523 931 5578 animarum
971 5519 1120 5592 stabatque
1133 5519 1169 5574 ad
1181 5519 1284 5575 ostium
1297 5520 1403 5576 cellule
1413 5523 1475 5595 ejus
1485 5539 1549 5579 cum
1559 5526 1724 5582 multoilctu
1738 5531 1768 5583 et

125 5617 290 5671 vacuarum
300 5611 410 5668 hebetis
417 5612 644 5683 sollicitudinem,
654 5611 794 5685 quomodo
803 5612 929 5668 advitam
971 5610 1092 5684 ululatu,
1108 5627 1211 5685 rogans
1225 5626 1291 5668 eum
1306 5618 1340 5671 ut
1350 5613 1531 5672 descenderet
1544 5613 1580 5671 ad
1590 5615 1725 5693 judicem,
1740 5621 1771 5677 ol
