3818 6120
998 84 1004 112 l

133 295 168 354 55
582 297 623 352 ΙΝ
641 298 747 356 viras
765 301 914 360 Parnnn
932 303 1205 365 Pantaeouann
1222 303 1320 360 XXVI.
1541 343 1548 353 -
1729 294 1767 353 5⁶

77 437 83 447 ·
132 421 279 495 legomcno
300 419 327 487 l,
350 418 364 493 5
385 420 426 477 n.
443 420 613 490 Theophilus
627 436 739 492 quoque
753 422 878 479 scribens
896 422 1095 498 σώΑέιτιονύμῳ
1109 425 1246 496 ἐκκλησίᾳ·
1269 425 1414 499 Ἀμμώνιος
1431 423 1459 479 δὶ
1477 423 1584 494 ἔναγχος
1600 425 1643 488 τῆς
1663 419 1767 476 συνόδου

133 509 332 581 Epiphanium,
350 508 417 562 dum
437 506 566 562 Ecclesia
580 509 710 580 presidet
722 511 926 580 Alexandrina,
971 518 1226 587 ταρασκευαζομένης,
1248 512 1397 586 ἐμαλακίσδη
1417 510 1446 566 τὸ
1464 517 1538 583 σῶμα
1554 531 1561 544 ·
1576 510 1719 583 separatae
1738 508 1768 562 a

130 596 161 654 in
176 598 293 670 epistola
308 587 341 652 67
350 597 423 667 apud
441 596 642 668 Hieronymum
661 599 807 668 gloriatur,
826 621 837 652 ι
855 603 927 673 quod
972 600 1004 665 εἷς
1019 604 1094 674 Δρῦν,
1111 605 1287 676 χαλεπώτερον
1307 600 1354 656 ὑπὸ
1378 608 1421 669 τῆς
1439 600 1511 655 νόσου
1530 601 1634 666 διετέθη,
1654 598 1694 650 καὶ
1714 597 1767 668 μετ’

131 687 255 744 Ecclesia
264 685 367 741 Christi
380 686 556 756 egredientes
568 687 602 741 de
617 690 742 742 cavernis
751 689 810 744 suis
829 691 928 762 Orige·
971 688 999 744 οὐ
1013 691 1076 745 πολὺ
1095 694 1196 762 τελευτᾷ
1210 690 1252 746 τὸν
1268 694 1330 762 βίον,
1349 691 1389 744 καὶ
1410 687 1471 761 πρὸς
1488 695 1537 743 τῶν
1556 688 1668 754 πλησίων
1689 705 1769 758 μονα·

131 777 176 832 nis
191 774 318 830 colubros
328 775 491 845 Evangelico
501 793 567 830 ense
577 777 727 842 truncavit,
738 783 766 833 ot
775 781 928 835 secundum
971 786 1036 851 χῶν,
1051 781 1107 835 ἔνθα
1119 781 1148 848 δὴ
1160 790 1245 845 κεῖται,
1259 782 1374 852 λαμπρᾶς
1387 778 1478 847 ἠξιώθη
1490 784 1576 849 ταφῆς.
1585 776 1618 832 Ὁ
1632 775 1659 828 δὲ
1671 774 1768 846 Θεόφι-

130 864 229 920 Nitriae
241 864 443 918 monachorum
462 880 563 934 agmen
573 867 738 936 contagione
750 869 882 939 pestifera
899 870 930 923 li·
970 869 1013 930 λος
1033 870 1066 930 ὡς
1086 867 1195 933 ἐπύθετο,
1216 870 1312 940 λέγεται
1330 870 1448 939 δακρύσαι
1467 867 1506 920 καὶ
1526 863 1558 927 εἷς
1573 865 1665 927 πάντας
1680 861 1766 926 εἰπεῖν,

130 952 274 1008 beravit.»
292 953 326 1006 Et
337 952 409 1007 inira
428 971 433 1004 :
449 973 460 1004 s
477 953 576 1019 Didici,
594 955 643 1021 ait,
661 955 735 1026 quod
748 958 930 1013 calumniata
971 958 1005 1019 ὡς
1018 955 1094 1020 οὐδεὶς
1110 958 1145 1024 εἴη
1159 964 1208 1010 τῶν
1223 958 1276 1010 κατ’
1293 954 1364 1010 αὐτὸν
1379 953 1491 1027 μσναχὸς
1503 945 1554 1016 οἷος
1574 952 1729 1023 Ἀμμώνιος,
1747 949 1767 1004 εἶ

129 1057 175 1096 res
190 1057 262 1094 verae
278 1041 344 1095 lidei
358 1041 534 1104 Ammonius,
555 1043 700 1108 Eusebius,
716 1050 745 1099 et
761 1046 927 1117 Euthymios
969 1047 1009 1097 καὶ
1024 1043 1090 1116 αὐτῷ
1102 1052 1213 1117 ταραχῆς
1229 1045 1304 1107 αἴτιος
1320 1043 1413 1116 ἐγένετο
1430 1061 1437 1096 z
1455 1064 1466 1095 ν
1482 1044 1542 1098 Hoc
1552 1043 1612 1097 loco
1625 1040 1768 1113 Theophi-

99 1140 103 1147 ’
129 1145 201 1185 novo
211 1146 263 1201 pro
272 1129 371 1185 haeresi
381 1130 475 1184 lurore
482 1129 649 1187 bacchantes
657 1133 928 1207 Constantinopolim
968 1133 1012 1187 lus
1027 1150 1084 1187 una
1099 1150 1161 1186 cum
1175 1133 1283 1187 caeteris
1298 1132 1434 1204 episcopis
1444 1131 1622 1196 conveniens,
1639 1130 1674 1184 de
1688 1128 1767 1183 libris

129 1218 298 1290 navigarint.
316 1236 329 1271 ν
345 1219 385 1274 De
400 1236 456 1291 qua
469 1236 500 1274 re
520 1227 627 1276 certum
647 1221 713 1277 facit
725 1223 926 1289 Hieronymum
969 1221 1098 1292 Origenis
1113 1223 1219 1277 nullam
1231 1222 1344 1293 quidem
1358 1221 1529 1275 mentionem
1543 1219 1622 1286 fecit3
1636 1218 1685 1273 sed
1700 1218 1767 1273 Sce-

130 1307 303 1379 Epiphauius
316 1307 435 1380 epistola
449 1308 493 1371 73.
509 1315 538 1364 et
550 1308 794 1382 Theophilus'ipse
807 1311 927 1366 Alexan·
968 1317 1062 1366 tenses
1090 1313 1159 1366 istos
1184 1312 1336 1367 monachos
1356 1311 1391 1365 ad
1413 1309 1608 1382 poenitentiam
1628 1307 1765 1375 invitavit,

130 1396 230 1453 drinus
241 1397 360 1468 epistola
370 1397 403 1453 69
419 1403 447 1452 et
465 1395 518 1465 723
535 1397 649 1470 ipseque
662 1416 713 1470 pro
728 1416 758 1453 re
769 1406 828 1455 tam
839 1400 927 1454 felici·
967 1400 1107 1471 pollicitus
1121 1419 1152 1455 se
1166 1417 1256 1471 neque
1271 1400 1382 1471 injuriae
1396 1404 1515 1470 accepta
1529 1397 1589 1453 fore
1600 1413 1766 1464 memorem,

130 1489 176 1542 tar
187 1485 312 1541 confecta
325 1486 776 1558 Theophilogratulaturepistolis
791 1488 833 1554 70,
843 1490 857 1543 i
866 1487 873 1544 l
881 1533 885 1542 .
894 1489 929 1544 Et
968 1505 1060 1559 neque
1069 1489 1135 1542 mali
1148 1490 1300 1560 quidquam
1308 1504 1368 1543 esse
1377 1487 1526 1542 facturum.
1535 1488 1605 1542 Cum
1617 1485 1768 1556 igitursuis

129 1573 299 1646 epistolant,
310 1574 345 1629 ad
357 1575 568 1629 Pammachium
582 1575 714 1630 adversus
725 1593 834 1631 errores
841 1578 927 1631 loan-
968 1576 1136 1632 clamoribus
1150 1578 1213 1632 illos
1225 1582 1359 1649 urgerent
1368 1577 1490 1632 fautores
1506 1574 1663 1647 Theophili,
1677 1579 1710 1629 nt
1724 1590 1769 1628 re·

129 1663 174 1719 nis
189 1663 426 1730 ierosolymitani,
446 1677 533 1734 prope
549 1665 644 1730 linem,
661 1681 749 1735 agens
765 1665 800 1719 do
812 1665 927 1719 loannis
968 1665 1045 1720 niam
1056 1671 1193 1737 peterent,
1211 1672 1239 1721 et
1253 1666 1367 1722 interim
1378 1665 1545 1720 simularent
1563 1663 1703 1735 synodum
1717 1677 1768 1733 pro

131 1750 260 1823 epistola:
278 1771 290 1803 ι
303 1752 369 1818 Iste,
382 1752 431 1818 ait,
443 1752 577 1818 Isidorus,
591 1753 679 1830 quiin
693 1753 793 1808 coelum
806 1754 861 1808 tuis
870 1742 1212 1825 lou-Bipsissupplicaro,
1225 1754 1354 1808 monachi
1362 1751 1620 1825 perturbati,atque
1627 1751 1680 1805 hoc
1686 1750 1770 1822 plane

129 1839 212 1895 dibus
222 1839 340 1906 tollitur,
348 1839 469 1912 idipsum
484 1840 636 1896 infamatur
650 1842 836 1909 Alexandria,
853 1843 928 1913 quod
968 1841 1031 1896 lieri
1048 1849 1176 1914 oportere
1190 1843 1254 1909 rati,
1272 1843 1369 1897 multis
1387 1840 1524 1913 episcopis
1545 1838 1768 1911 presidentibus,

128 1933 162 1984 tu
172 1928 363 2000 ierosolymis.
378 1929 466 2001 Atqui
478 1935 600 2001 quatuor
612 1930 642 1984 hi
656 1930 832 1997 Ammonius,
846 1933 929 1986 Euse-
968 1929 1039 1985 illud
1049 1931 1162 1996 scilicet,
1175 1931 1249 2002 quod
1259 1931 1326 2003 ipsis
1336 1932 1430 1986 dicere
1443 1930 1638 1986 solemneest:
1651 1927 1770 1983 Etiamsi

129 2015 202 2080 hius,
212 2017 388 2090 Euthymios,
405 2023 433 2072 et
447 2018 572 2073 Isidorus
587 2018 640 2073 hoc
653 2018 724 2073 libro
737 2027 895 2075 occurrunt.
915 2040 926 2072 ν
971 2017 1104 2089 injuriam
1122 2019 1278 2085 fecerimus,
1296 2021 1419 2091 ignosce,
1443 2019 1604 2090 inquiunt'.
1615 2016 1771 2088 Theophilo

164 2105 331 2178 Respondeo
344 2123 408 2161 eam
422 2105 593 2178 partem,ubi
601 2107 774 2177 Origenistas
783 2108 845 2162 illos
857 2109 931 2162 indi·
971 2106 1059 2177 igitur
1071 2107 1133 2162 illos
1143 2114 1271 2180 prompte
1282 2109 1311 2163 in
1321 2108 1441 2179 gratiam
1456 2107 1540 2162 simul
1554 2112 1584 2161 et
1596 2106 1626 2160 in
1639 2122 1771 2160 commu·

130 2195 173 2257 oio
189 2194 263 2249 beati
284 2195 444 2266 llierouymi
461 2195 634 2266 detegemus,
662 2196 808 2251 minimam
830 2198 931 2253 harum
971 2195 1086 2250 nionem
1096 2196 1357 2268 recipiente,soluta
1370 2202 1412 2252 est
1422 2196 1555 2267 cognitio,
1565 2211 1629 2266 quae
1637 2194 1771 2250 adversus

129 2284 260 2338 vitarum
273 2300 342 2338 esse.
350 2284 386 2338 Et
395 2284 540 2356 potuerint
551 2285 636 2339 iidem
646 2291 723 2339 corto
731 2289 859 2357 ternpore
867 2287 928 2342 Ori·
973 2284 1117 2339 Scetensos
1128 2285 1196 2339 istos
1206 2287 1337 2340 instituta
1349 2285 1442 2340 luerat
1451 2304 1457 2348 ;
1466 2285 1541 2356 quod
1551 2284 1652 2354 opinor
1660 2298 1718 2337 non
1731 2283 1773 2337 ita

129 2372 210 2445 genis
224 2388 319 2427 errore
333 2372 418 2428 fuisse
435 2372 538 2436 infecti,
556 2380 619 2445 post
633 2379 728 2428 tamen
752 2375 904 2446 resipuisse
920 2393 925 2427 ι
968 2373 1157 2439 successisset,
1173 2374 1197 2427 si
1219 2390 1276 2428 una
1289 2391 1352 2428 cum
1367 2374 1482 2445 reliquis
1495 2371 1638 2427 monachis
1656 2371 1771 2427 Diosco-

129 2461 329 2517 maximarum
346 2477 445 2516 eorum
467 2461 583 2533 quidam
597 2462 627 2516 in
639 2461 799 2518 Graeoorum
815 2464 928 2518 llcnais
968 2476 1019 2515 rus
1041 2467 1071 2516 et
1083 2462 1248 2516 Ammonius
1267 2462 1432 2518 adfuissent.
1455 2463 1529 2517 Nam
1544 2461 1698 2516 Dioscoms
1709 2461 1773 2530 jam

130 2555 322 2622 compareant,
336 2554 366 2604 et
379 2549 414 2604 ab
429 2549 492 2604 aliis
504 2550 571 2604 viris
582 2550 801 2606 sanctisluerint
814 2552 929 2606 laudati.
972 2555 1055 2604 antea
1070 2556 1207 2617 mortuus,
1221 2552 1365 2623 intemplo
1381 2550 1462 2606 Mocii
1479 2549 1612 2622 martyris
1626 2553 1670 2604 est
1680 2547 1774 2620 sepul-

166 2637 303 2708 Equidem
314 2637 345 2693 in
355 2637 449 2693 libello
458 2638 562 2704 Aeacii,
570 2639 784 2710 apudPhotium
791 2640 860 2695 Cod.
873 2640 929 2706 let,
971 2642 1028 2693 tus.
1044 2639 1209 2693 Ammonius
1225 2647 1319 2695 autem
1332 2640 1416 2694 modo
1425 2655 1489 2694 cum
1498 2638 1622 2710 synodus
1636 2653 1772 2693 convoca·

131 2725 265 2783 adversus
279 2727 364 2799 [sarx]
377 2727 609 2799 Chrysostomum
623 2729 731 2800 synodo
741 2728 776 2783 ad
791 2729 931 2793 Quercum
972 2731 1062 2794 retur,
1078 2743 1192 2798 corporo
1207 2729 1341 2799 languere
1355 2727 1458 2800 erepit:
1476 2728 1514 2799 [u]
1529 2733 1558 2781 et
1572 2733 1721 2799 postquam
1736 2726 1773 2781 ad

131 2815 234 2871 habite
248 2814 352 2880 oblato,
367 2816 522 2871 secundum
537 2817 612 2871 hunc
626 2815 777 2873 articulum
797 2817 908 2873 inuenio
922 2836 928 2871 ε
973 2815 1113 2879 Quercum
1126 2817 1292 2887 trajecisset,
1310 2816 1407 2873 morbo
1419 2816 1533 2887 gravium
1547 2820 1693 2886 correptus
1707 2815 1772 2881 fuit,

133 2921 148 2960 α
164 2905 245 2970 Quod
258 2903 358 2960 beatus
371 2904 543 2977 Epiphanius
550 2911 666 2977 propter
681 2906 856 2977 Origcnistas
865 2908 931 2961 Am·
972 2919 1005 2958 ac
1026 2921 1082 2959 non
1098 2905 1186 2960 multo
1208 2911 1272 2977 post
1291 2906 1382 2961 linivit
1402 2905 1498 2970 vitam,
1515 2910 1545 2959 et
1567 2904 1642 2976 apud
1663 2902 1771 2959 ricinos

132 2994 270 3056 monium,
279 2993 463 3065 Euthymium
474 2998 539 3063 (non
551 2994 605 3049 rite
616 2995 691 3067 apud
700 2995 862 3061 Beronium,
873 3012 933 3049 ror·
973 2994 1136 3063 monachos,
1148 2994 1195 3048 ubi
1210 2995 1296 3048 otiam
1303 2996 1389 3066 jacet,
1404 2993 1580 3066 splendidam
1594 2992 1771 3064 sepulturam

131 3087 210 3138 teuto
224 3082 358 3139 Fedcrico
376 3082 472 3149 Matio,
488 3099 523 3137 ex
536 3089 679 3154 corrupto,
694 3090 727 3139 ut
740 3090 866 3157 apparet,
882 3101 928 3139 co·
941 3082 1089 3155 flsortitus
1100 3081 1162 3138 tuit.
1173 3082 1344 3155 Theophilus
1353 3083 1468 3139 tandem
1478 3082 1526 3137 ubi
1537 3082 1566 3137 id
1577 3080 1772 3147 intellexisset,

132 3165 203 3234 dice,
218 3166 407 3239 Eutychium),
416 3167 578 3236 Eusebium,
590 3175 619 3224 et
629 3169 814 3235 Heraclidem,
827 3174 856 3224 et
866 3170 929 3224 Pal·
972 3171 1164 3242 illacrymasse
1182 3171 1280 3238 fertur,
1297 3188 1329 3226 ac
1339 3171 1441 3227 dixisse
1450 3171 1525 3243 quod
1539 3170 1614 3225 inter
1627 3170 1774 3226 universos

132 3255 239 3314 ladium
268 3256 360 3312 noluit
381 3272 446 3312 cnm
465 3257 665 3330 chrysostomo
681 3258 897 3314 communicare.
917 3281 928 3307 ι
972 3260 1124 3314 monachos
1136 3277 1200 3315 suos
1211 3261 1275 3316 talis
1285 3277 1342 3316 non
1355 3266 1439 3327 esset,
1454 3259 1545 3332 qualis
1558 3258 1777 3315 fuissetrtmmo·

131 3344 262 3403 Meminit
275 3350 370 3402 autem
390 3345 578 3419 Hieronymus
593 3347 712 3420 epistola
726 3348 776 3404 illa
793 3348 829 3402 ad
840 3346 931 3402 Ctesi·
972 3348 1046 3415 nius,
1055 3348 1226 3422 etiamsiipsi
1234 3349 1382 3404 turbarum
1393 3348 1545 3404 exstitisset
1553 3353 1660 3404 auctor.
1671 3365 1684 3399 ν
1696 3345 1778 3403 Unde

132 3435 268 3509 phontem
294 3435 438 3490 Ammonii
460 3440 489 3490 et
513 3435 635 3500 Eusebii,
661 3453 731 3508 quos
757 3435 931 3507 Origenistas
973 3436 1106 3492 discimus
1125 3454 1170 3492 res
1187 3438 1289 3493 horum
1312 3438 1514 3493 monachorum
1528 3437 1612 3509 plane
1626 3435 1776 3507 perplexas

132 3524 219 3582 arnse
232 3525 342 3581 asserit.
359 3524 397 3580 Ut
408 3523 497 3596 igitur
508 3540 541 3578 ex
555 3523 717 3598 synodoilla
729 3523 872 3590 discimus,
884 3539 932 3577 eas
972 3524 1068 3580 fuisse.
1085 3525 1158 3581 Sane
1168 3526 1305 3597 Georgius
1319 3526 1524 3581 Alexandrinus
1533 3525 1562 3579 in
1572 3525 1638 3579 Vita
1645 3524 1770 3596 Chryso-

132 3613 324 3671 noncaruisse
338 3612 496 3684 suspicione
507 3611 670 3683 Origeniani
682 3613 795 3679 erroris,
807 3613 849 3668 ita
860 3610 933 3685 pari·
972 3614 1057 3668 stomi
1076 3614 1116 3669 ait
1139 3615 1321 3670 ammonium
1342 3622 1371 3670 et
1385 3614 1550 3669 Dioscorum
1578 3611 1636 3668 rita
1663 3611 1777 3668 functos

133 3708 179 3760 ter
192 3703 336 3768 docemur,
360 3715 417 3757 non
439 3699 554 3756 omnino
579 3700 715 3773 liquidam
730 3702 816 3758 fuisse
838 3705 931 3776 suspi-
972 3702 1117 3773 splendide
1132 3703 1266 3773 sepultos,
1281 3709 1309 3758 et
1323 3702 1466 3758 miraculis
1485 3701 1628 3757 claruisse.

135 3791 255 3855 cionem,
280 3791 304 3845 si
321 3790 537 3863 chrysostomus
563 3789 608 3844 uir
630 3789 728 3861 utique
753 3791 932 3849 doctissimus
1007 3790 1150 3862 Quidquid
1160 3791 1206 3860 sit,
1215 3792 1535 3848 maneatinconcussum
1546 3790 1602 3846 diri
1612 3789 1777 3862 llierqnymi

135 3879 220 3949 atque
229 3873 420 3930 sanctissimus
434 3890 499 3930 cum
513 3873 548 3929 iis
558 3875 813 3931 communicaverit.
972 3879 1174 3946 testimonium,
1187 3887 1216 3935 et
1226 3882 1288 3951 ejus
1302 3880 1455 3936 monitione
1470 3879 1580 3935 cautius
1594 3880 1777 3951 horumpau·

170 3963 229 4019 Nec
238 3963 352 4020 omniuo
367 3963 428 4018 sine
440 3964 627 4041 auctpredixi,
637 3965 761 4036 potuisse
771 3967 930 4033 monachos,
974 3983 1070 4022 corum
1084 3969 1160 4024 diota
1170 3969 1351 4040 excipiamus.
1367 3970 1534 4041 Quanquam
1549 3968 1620 4023 nihil
1633 3968 1663 4023 in
1673 3968 1718 4023 his
1728 3984 1777 4023 oc-

119 4057 202 4110 .ante
211 4051 393 4124 Origenistas,
402 4057 467 4125 post
479 4051 640 4125 resipuisse.
650 4055 726 4111 Audi
735 4055 930 4124 sozomenum,
973 4056 1061 4111 currit
1074 4058 1148 4129 quod
1162 4058 1275 4113 sinistre
1287 4063 1377 4125 sonet,
1391 4064 1506 4132 excepta
1516 4073 1574 4113 una
1582 4056 1655 4112 forte
1664 4056 1777 4127 Evagrii

135 4141 185 4199 lib.
204 4156 266 4211 vni,
282 4158 344 4215 cap.
366 4139 420 4198 17:
973 4145 1776 4219 sententiadeimpassihihtate,ouisuoloooopportunnm

177 4229 300 4289 Ἐνταῦθα
314 4231 341 4285 δὲ
359 4232 481 4287 συνελθὼν
495 4231 618 4305 Θεόφιλος
638 4231 690 4305 ἅμα
703 4241 754 4296 τοῖς
768 4230 863 4299 ἄλλοις,
879 4235 934 4305 περὶ
974 4235 1133 4290 antidotum
1147 4237 1341 4308 apposuimus.

137 4322 180 4396 pls
192 4327 242 4376 τῶν
260 4319 402 4393 Ὠριγένους
415 4322 515 4392 βιὸλίων
529 4319 599 4377 οὐδὲν
614 4319 809 4395 ἐπεμνημόνευσε
821 4343 827 4355 ·
839 4321 895 4386 τοὺς
906 4321 933 4376 δὲ
1010 4329 1227 4401 Christophorus
1241 4330 1368 4386 (Ἀμεινίης
1386 4334 1482 4385 noster
1497 4329 1538 4384 ita
1551 4328 1618 4384 huin
1632 4344 1665 4384 σι
1678 4327 1778 4384 Hiero-

136 4407 186 4467 dai
198 4411 315 4480 Esdram
326 4407 494 4483 μοναχοῦεεῖε
505 4410 633 4480 petiveras
644 4407 734 4477 5²de
746 4413 1060 4514 pistrinae-nmmo
1083 4418 1245 4474 testimonio
1270 4418 1405 4475 satisfieri
1423 4434 1505 4490 posse
1527 4417 1668 4480 censebat,
1688 4421 1722 4472 ut
1743 4433 1777 4472 ex

56 4510 77 4567 j
130 4504 195 4568 ’νιεῐν,
207 4503 269 4573 μήτε
277 4505 359 4563 κακῶς
369 4506 446 4553 ποιεῖν
456 4496 636 4571 ὑποσχόμενος.
655 4498 781 4555 Ἐπιὸοών
792 4520 842 4554 τιον
853 4500 880 4554 δὲ
892 4520 933 4552 συ·
974 4506 1111 4577 Hispania
1125 4508 1161 4562 ad
1173 4524 1218 4562 me
1228 4507 1349 4580 scripsit.
1364 4525 1378 4558 (η
1391 4505 1777 4578 primum,inquit,p1=aemit.

136 4598 188 4652 τοϊς
197 4592 344 4661 συγγνώμην
352 4585 426 4642 αἶτεῐν
435 4592 485 4642 τῶν
494 4586 619 4659 Θεοφίλου
629 4590 800 4654 σαυυδαστῶν,
808 4589 848 4642 καὶ
860 4608 933 4660 προσ·
974 4586 1092 4641 tendum
1117 4594 1168 4651 est,
1193 4587 1340 4660 Theophili
1357 4586 1549 4653 Alexandrini,
1573 4593 1602 4642 et
1625 4585 1776 4658 Epiphanii

137 4679 290 4748 ποιουμένων
302 4677 347 4745 τὴν
359 4678 460 4732 ου’νοδον
473 4677 583 4730 ἱκετεύειν
596 4675 656 4747 ὑπὲρ
670 4673 759 4741 αὐτῶν,
772 4679 934 4750 ταραχθέντες
976 4674 1071 4745 Cyprii
1093 4679 1222 4749 tempore
1243 4681 1350 4732 motam
1364 4675 1451 4731 fuisse
1473 4674 1657 4746 questionem
1676 4674 1712 4729 de
1723 4674 1775 4729 Dei

136 4767 162 4822 ol
180 4766 288 4840 μοναχοὶ
306 4766 346 4818 καὶ
366 4771 438 4821 τοῦτο
457 4772 548 4840 χρῆναι
568 4773 644 4819 ποιεῖν
664 4765 816 4836 νομίσαντες,
832 4766 934 4818 πολλῶν
975 4767 1087 4830 μαλιστα,
1096 4769 1191 4820 utrum
1199 4762 1626 4837 essetspiritualis,anmembris
1634 4762 1777 4834 corporeis

138 4853 278 4912 ἐπισκόπων
302 4855 504 4926 speusippum,
527 4858 600 4909 τοῦτο
623 4853 653 4922 δὴ
677 4850 707 4907 τὸ
729 4855 829 4922 σύνηθες
853 4851 935 4917 αὐτοῖς
975 4858 1115 4908 constans.
1144 4855 1217 4909 Nam
1236 4853 1420 4925 simpliciores
1439 4858 1468 4908 et
1488 4852 1627 4925 precipue
1645 4850 1777 4906 monachi

137 4948 228 5018 λέγειν,
243 4940 288 4998 κᾶν
303 4937 444 5008 ἀδικῶνται,
459 4943 633 5018 Συγχώρησον
650 4942 751 5015 ἔφασαν.
768 4941 894 5015 Θεοφίλου
908 4943 935 4998 δὲ
976 4956 1142 5012 corporeum
1152 4958 1212 4997 esse
1219 4941 1381 4997 censebant.
1394 4941 1475 4998 Unde
1481 4946 1510 4997 et
1519 4940 1642 4997 heretici
1652 4940 1777 4996 Anthro-

139 5035 244 5106 δτοίμως
266 5032 438 5103 σπεισαμένου,
461 5031 562 5101 καλιὴν
579 5031 707 5086 ασινωνὶαν
726 5027 806 5094 αὐτοῖς
826 5025 936 5086 σἰτιοδόν-
976 5030 1159 5103 pomorphitae
1171 5031 1238 5087 dicti
1259 5036 1335 5098 suut,
1351 5031 1424 5087 ethi
1441 5030 1556 5102 quidem
1572 5029 1786 5086 aversabantur.

136 5143 188 5190 τος,
212 5122 308 5190 διελύθη
327 5125 378 5175 τών
401 5118 469 5192 παρὰ
492 5119 584 5189 Extra
603 5116 761 5194 ἀδικημάτων
781 5121 796 5190 η
819 5117 933 5185 ἐξέτασις,
978 5117 1138 5190 Origeuem,
1155 5120 1229 5192 quod
1243 5121 1334 5176 Deum
1357 5119 1489 5191 spiritum
1503 5134 1565 5175 esse
1583 5119 1711 5185 doceret,
1729 5134 1776 5173 sa·

138 5210 199 5286 ὅιτερ
223 5199 293 5284 οἶμαι
315 5207 358 5265 οὐκ
383 5207 412 5263 n
436 5209 533 5276 συνίὸη,
556 5207 576 5263 αἱ
597 5216 759 5283 συμπαρῆσαν
779 5219 830 5273 τοῖς
851 5207 935 5274 ἄλλοις
976 5206 1129 5278 pientiores
1142 5214 1247 5278 autem,
1255 5215 1289 5265 ut
1301 5225 1399 5264 omnes
1410 5207 1555 5275 Catholici,
1572 5207 1777 5280 spiritnmessa

140 5309 261 5375 μοναχοῐς
276 5297 410 5371 Διόσκοφός
424 5317 451 5352 τε
464 5299 505 5352 nal
522 5295 666 5371 Ἀμμώνιος
684 5320 690 5332 ·
711 5298 744 5356 ‘O
760 5298 803 5372 μὲν
821 5298 868 5372 γὰρ
887 5301 934 5370 ἤδη
975 5296 1173 5367 predicabant.
1199 5299 1291 5363 Quare
1310 5297 1385 5370 quod
1403 5296 1456 5353 hac
1475 5296 1506 5353 in
1519 5313 1550 5353 ra
1575 5313 1640 5354 cum
1653 5295 1777 5368 Origene

138 5389 258 5464 πρότερον
269 5390 426 5458 τελευτήσας,
442 5383 517 5461 ἐτάφη
537 5383 609 5460 ἐντῇ
630 5387 735 5443 Μουκίου
752 5392 797 5443 τοῦ
815 5388 937 5462 μάρτυρος
978 5386 1125 5457 sentirent,
1140 5387 1281 5462 simplices
1294 5387 1337 5445 illi
1351 5391 1487 5461 tanquam
1500 5385 1685 5460 origenistae,
1703 5384 1777 5442 hane

173 5529 936 5607 'Vitiosainterpretatiomtpatstsiraoaenimpnra·
976 5529 1211 5605 idqaodsolemne
1220 5531 1777 5604 cstipsndieeremlmmriiayanaoffenr'

136 5624 185 5697 sis,
200 5622 314 5703 senape
317 5662 372 5681 .....
387 5622 490 5696 ῑφασαν,
510 5620 553 5681 sic
566 5619 672 5697 optime
684 5621 770 5680 vertit
782 5621 931 5680 Valesius:
975 5623 1093 5695 secant,
1105 5623 1191 5679 Parce
1207 5620 1319 5693 seilicet,
1336 5622 1481 5682 eliserunt.
1496 5619 1573 5680 Eun.
