3818 6120
128 314 184 378 aaa
640 277 968 375 neunsmrauu
984 315 1255 373 ussarmuos.
1713 317 1768 376 uo

131 459 196 500 core
202 441 383 515 resplenduit.
393 441 451 511 ligo
457 444 563 509 autem,
571 441 699 509 Domine,
710 441 849 513 quomodo
857 440 1093 502 aliosAnasterio
1114 457 1165 496 suo
1181 458 1267 497 causa
1279 440 1415 495 orationis
1427 440 1463 496 ad
1476 441 1702 496 locaremotiora
1715 441 1768 497 de·

131 532 232 588 docere
240 530 364 596 tentabo,
380 545 449 600 quos
464 546 515 601 per
534 544 580 585 me
598 531 633 585 sd
648 531 849 586 monachorum
865 546 928 602 pro-
967 530 1110 585 scendere.
1132 530 1185 594 Qui
1204 547 1268 586 eum
1289 530 1389 584 exinde
1410 536 1609 597 reverteretur,
1625 530 1766 585 immundi

131 621 254 694 positum
269 635 367 674 vorare
380 617 556 690 dignaberis;
572 636 635 674 eum
647 637 698 675 nce
712 620 857 691 passiones
869 635 928 674 car-
967 619 1083 691 spiritus
1093 619 1489 690 illudentes,frequentereum
1498 619 1571 673 facto
1581 620 1657 674 velut
1667 619 1767 674 ordine

130 710 184 775 nis,
199 704 532 780 quaeadversussnimam
542 709 674 776 militant,
689 715 755 764 ante
764 708 925 767 devicerim.
967 707 1171 779 praecedebant,
1183 709 1362 764 exhortantes
1378 710 1452 763 alter
1465 709 1595 775 alterum,
1606 709 1686 779 quasi
1698 713 1766 765 ante

129 814 182 853 nec
194 798 285 868 legem
299 801 377 852 tuam
390 796 571 853 immaculata
578 804 672 853 mente
681 797 862 853 servaverim?
871 795 926 852 Sed
964 796 1089 867 judicem
1103 797 1216 852 directis
1226 797 1395 868 agminibus,
1406 814 1438 852 ac
1447 798 1581 853 dicentes:
1592 798 1663 852 Date
1672 798 1766 852 locum

130 886 249 952 consido,
266 886 386 954 Christe,
409 887 484 959 quod
497 892 548 941 tua
566 886 635 942 mihi
644 887 733 941 virtus
751 886 781 941 in
796 885 926 941 omnibus
967 884 1470 959 hominiDei.Pachomiusautemspe
1482 887 1585 943 Christi
1596 887 1768 959 Redempto-

129 992 241 1046 semper
254 974 376 1042 assistat,
390 993 584 1047 eaquegeram
599 993 660 1047 quae
670 973 926 1047 tuisconspeetibus
967 975 1146 1042 risarmatuS,
1156 976 1308 1048 spernebat
1316 993 1414 1031 eorum
1426 976 1729 1047 ridiculosatigmenta,
1740 981 1769 1032 et

131 1065 270 1136 placeant.
282 1064 725 1131 Remitte‚clementissimeDeus,
741 1063 928 1135 remitte,pre·
968 1062 1037 1117 acsi
1051 1080 1151 1119 canum
1172 1065 1292 1121 latratus
1318 1065 1509 1137 ineptissimos
1531 1065 1695 1136 deputabat.
1713 1066 1768 1131 Qui

128 1169 186 1220 cor,
203 1152 422 1224 omniapeceata
431 1169 502 1219 mea,
519 1159 700 1208 etcormeum
712 1158 762 1208 tua
768 1153 876 1223 jugiter
885 1151 926 1206 in·
967 1167 1098 1224 magnam
1108 1153 1160 1208 viri
1169 1153 1638 1225 considerantesinstantiam,quod
1646 1154 1675 1208 in
1686 1154 1766 1209 nullo

129 1241 272 1315 spectione
281 1242 408 1314 purifica.
420 1242 484 1297 Haec
495 1241 581 1313 igitur
587 1258 651 1297 cum
663 1240 793 1313 lacrymis
805 1239 926 1296 Domino
966 1257 1081 1312 prorsus
1090 1242 1177 1297 tantis
1186 1242 1385 1298 luctaminibus
1393 1243 1580 1314 frangeretur,
1594 1244 1708 1298 irruunt
1721 1260 1769 1301 su-

130 1330 317 1387 confitebatur
331 1335 361 1385 et
374 1330 495 1398 fletibus,
516 1335 577 1386 tata
590 1336 673 1386 nocte
683 1329 801 1401 pervigil
816 1329 846 1383 in
861 1345 925 1383 ora·
966 1346 1017 1401 per
1030 1347 1096 1385 eum
1110 1347 1213 1402 magno
1227 1348 1315 1385 cuneo
1331 1331 1498 1402 conglobati;
1514 1338 1543 1386 et
1557 1332 1768 1386 circumdantes

129 1420 207 1476 tione
216 1419 381 1486 consistens;
393 1423 423 1474 et
431 1435 488 1490 prae
503 1418 649 1473 nimietate
663 1417 773 1472 sudoris
787 1423 872 1488 atque
887 1416 926 1471 la·
967 1420 1028 1489 ejus
1042 1418 1244 1487 habitaculum,
1256 1420 1306 1474 visi
1321 1426 1388 1475 sunt
1395 1421 1464 1475 illud
1474 1437 1492 1475 a
1501 1420 1686 1475 fundamento
1698 1437 1766 1477 con-

129 1525 289 1582 erymarum
295 1509 489 1579 (namtempus
497 1514 558 1563 erat
565 1507 680 1576 aestatis)
691 1505 926 1578 itapavimentum
966 1508 1078 1575 vellere,
1090 1508 1130 1563 ita
1144 1513 1177 1563 ut
1190 1513 1303 1580 putaret
1312 1515 1424 1564 sanctus
1438 1510 1533 1564 locum
1552 1510 1665 1581 penitus
1679 1509 1768 1565 fuisse

128 1597 177 1654 ubi
192 1602 321 1652 oraverat
335 1596 498 1651 humectum
510 1596 641 1663 reddidit,
658 1601 690 1650 ut
704 1596 767 1650 lusa
781 1594 838 1650 illie
852 1610 927 1666 aqua
966 1597 1130 1669 collapsum.
1142 1598 1194 1664 Qui
1205 1615 1321 1653 manens
1331 1599 1497 1671 intrepidus,
1509 1607 1671 1654 consuetam
1677 1599 1766 1655 eitha-

129 1686 301 1741 crederetur.
323 1686 513 1741 consueverat
532 1690 628 1740 autem
648 1690 727 1739 stans
748 1683 778 1738 in
799 1683 926 1738 oratione
967 1703 1028 1741 ram
1047 1687 1182 1759 spiritalis
1195 1688 1293 1758 plectri
1306 1688 1496 1743 modulatione
1506 1689 1645 1760 pulsabat,
1656 1687 1765 1759 ingenti

129 1790 230 1829 manus
245 1773 412 1846 expandere,
428 1792 498 1845 quas
512 1791 562 1846 per
571 1773 679 1845 aliquot
688 1774 821 1828 horarum
836 1772 927 1844 spatia
938 1758 1033 1831 Broce
1047 1777 1212 1831 decantans:
1227 1778 1405 1832 Deusnoster
1415 1777 1555 1848 refugium
1566 1783 1594 1833 et
1603 1778 1701 1843 virtuS,
1713 1777 1764 1832 ad·

129 1863 247 1918 minime
261 1863 419 1934 colligebat;
437 1864 486 1918 sed
501 1863 661 1918 extensione
676 1863 819 1928 diuturna,
840 1860 926 1916 veluti
965 1865 1044 1934 jutor
1056 1865 1086 1919 in
1095 1864 1331 1932 tribulationibus,
1345 1882 1406 1937 quae
1416 1866 1585 1921 invenerunt
1593 1883 1645 1920 nos
1655 1865 1741 1920 ninus
1756 1884 1763 1932 ;

129 1951 205 2006 cruci
222 1953 364 2007 confixum
386 1969 487 2024 eorpus
510 1952 649 2008 retinebat
669 1951 822 2017 immobile,
845 1949 927 2004 etsie
968 1958 1176 2024 proptereanon
1186 1953 1349 2009 timebimus
1358 1953 1763 2026 dumturbabiturterraffsol.

130 2040 257 2098 animum
269 2057 352 2096 suum
365 2042 401 2096 ad
413 2041 585 2112 vigilandum
599 2041 628 2096 in
640 2039 769 2112 precibus
776 2038 923 2094 excitabat.
967 2047 1040 2105 xcv).
1056 2043 1117 2107 Quo
1131 2043 1277 2114 psallente,
1290 2044 1419 2114 protinus
1431 2050 1474 2098 est
1482 2044 1556 2099 lacta
1565 2043 1765 2115 tranquillitas,

130 2129 165 2184 Et
171 2129 300 2201 quemvis
306 2130 413 2185 essetin
421 2130 639 2185 omnivirtutum
649 2146 752 2200 genere
758 2134 926 2200 praepotens,
968 2136 997 2185 et
1007 2130 1130 2202 impetus
1145 2131 1322 2186 inimicorum
1337 2133 1413 2187 velut
1422 2132 1516 2188 furnus
1531 2134 1651 2188 evanuit:
1665 2133 1766 2204 paulu·

129 2218 287 2274 incredibili
298 2224 394 2274 minen
406 2219 566 2274 humilitate
579 2225 608 2274 et
618 2219 691 2274 mira
711 2216 927 2273 mansuetudine
967 2222 1027 2275 lum
1047 2220 1160 2292 quidem
1172 2221 1343 2286 recedentes,
1360 2226 1393 2275 ut
1410 2238 1493 2276 canes
1507 2222 1555 2293 qui
1574 2239 1637 2277 cum
1657 2221 1768 2292 fatigati

128 2324 193 2363 eum
207 2324 259 2363 suo
272 2325 407 2380 germano
413 2308 585 2375 cohabitans,
598 2324 662 2364 eum
672 2324 723 2379 per
738 2307 834 2362 omnia
844 2306 927 2362 susti·
967 2307 1082 2375 luerint,
1109 2309 1144 2363 ad
1159 2326 1281 2382 praesens
1293 2310 1424 2366 videntur
1437 2311 1597 2378 abscedere,
1613 2311 1663 2366 sed
1678 2312 1768 2382 impu·

128 2396 222 2452 nebat.
240 2397 295 2462 Qui
309 2414 365 2452 non
380 2403 444 2469 post
467 2398 586 2453 multum
601 2396 746 2467 temporis,
767 2397 831 2451 vitae
859 2412 928 2466 prae·
968 2396 1412 2469 dentiorespostearevertuntur3
1424 2401 1643 2456 namcumidem
1653 2405 1767 2455 mactus

129 2487 217 2542 sentis
231 2503 345 2542 cursum
360 2486 497 2558 implevit.
511 2487 599 2556 Cujus
613 2486 698 2541 funus
712 2484 806 2540 debito
820 2484 929 2540 curavit
968 2492 1033 2557 post
1047 2487 1188 2542 orationes
1203 2489 1239 2542 ad
1255 2506 1324 2559 opus
1339 2489 1453 2544 solitum
1477 2489 1657 2555 consedisset,
1676 2490 1766 2545 instar

129 2577 236 2630 honore
249 2575 426 2629 Pachomius.
441 2576 515 2630 Nam
536 2579 625 2629 totam
640 2580 750 2629 noctem
766 2590 851 2644 super
864 2575 926 2644 ejus
967 2574 1035 2643 galli
1046 2574 1194 2644 gallinacei
1208 2576 1301 2631 nimiae
1318 2577 1522 2648 magnitudinis
1535 2595 1629 2633 coram
1643 2595 1678 2633 eo
1694 2578 1768 2633 visus

133 2664 253 2719 cadaver
265 2663 380 2734 psalmis
388 2663 446 2734 egit
459 2662 628 2735 hymnisque
636 2661 810 2735 pervigilcm;
828 2669 856 2718 et
871 2663 929 2717 ani·
970 2666 1014 2716 est
1026 2663 1165 2730 inimicas,
1184 2664 1296 2719 crebras
1310 2666 1416 2720 iterans
1426 2684 1516 2733 voces,
1530 2672 1559 2721 et
1577 2667 1716 2721 clamores
1727 2667 1769 2721 in·

132 2768 210 2807 mam
226 2751 338 2822 quidem
353 2753 414 2823 ejus
425 2751 544 2807 Domino
553 2752 820 2819 commendantem
832 2757 861 2806 et
870 2744 929 2824 ipse
971 2752 1097 2806 conditos
1112 2752 1246 2820 excitans;
1262 2753 1363 2809 deinde
1374 2755 1501 2810 insiliens
1516 2755 1545 2809 in
1560 2773 1634 2822 eum,
1651 2756 1712 2810 suis
1722 2772 1768 2811 ve·

131 2840 297 2908 crediderat,
314 2858 415 2914 corpus
427 2858 492 2896 vero
507 2840 624 2896 sollicite
639 2841 927 2913 reddiditsepulturae.
971 2840 1014 2895 lut
1027 2841 1168 2912 unguibus
1181 2842 1254 2896 loede
1267 2843 1408 2897 laceravit.
1424 2844 1478 2908 Qui
1492 2845 1571 2915 siguo
1586 2846 1678 2900 crucis
1692 2845 1768 2900 fron·

168 2933 234 2989 Car.
246 2930 435 2986 llll-Tunc
445 2929 627 3001 infatigabilis
634 2929 886 2984 Pachomiusarcta
900 2934 929 2984 et
968 2933 1027 2983 tem
1040 2945 1120 2983 suam
1136 2930 1275 2996 muniens,
1288 2931 1445 2986 exsufflavit
1457 2932 1486 2985 in
1495 2949 1559 2987 eum
1575 2931 1638 3001 (Sl),
1649 2950 1768 3005 moxque

133 3024 273 3097 singulari
279 3020 488 3079 conversatione
498 3019 679 3091 semetipsum
686 3018 823 3090 atlligens,
832 3018 929 3073 stude·
970 3017 1083 3088 fugatus
1094 3022 1147 3072 est.
1157 3019 1415 3089 Intelligebatenim
1427 3022 1654 3077 cunctasinimici
1671 3039 1767 3080 versu·

129 3115 179 3171 bat
188 3115 330 3188 integrum
342 3129 371 3166 se
382 3116 466 3182 atque
476 3107 688 3163 immaculatum
698 3107 727 3161 in
742 3106 872 3162 omnibus
883 3124 927 3161 ex·
935 3106 1036 3216 Otias,
1051 3112 1080 3161 et
1092 3107 1194 3162 timore
1208 3107 1301 3185 divino
1316 3109 1459 3180 praeditus,
1475 3111 1620 3166 illusiones
1636 3113 1699 3182 ejus
1717 3128 1767 3183 pro

130 3205 236 3261 hibere.
257 3204 288 3260 Si
302 3200 415 3276 quando
429 3215 551 3270 namque
566 3212 631 3253 eum
645 3196 776 3268 cogitatio
789 3197 928 3268 pulsasset
969 3195 1057 3249 nihilo
1073 3195 1262 3268 computabat.
1272 3198 1351 3252 Unde
1363 3198 1526 3270 frequenter
1538 3200 1610 3254 abeo
1620 3201 1766 3256 lacessitus

129 3294 236 3361 illicita,
254 3308 317 3348 mox
333 3288 619 3346 eomdivinomunere
628 3286 791 3358 repellebat,
804 3291 888 3357 atque
897 3286 927 3340 in
968 3282 1080 3338 iunullo
1090 3285 1767 3362 lacesserepoterat3sedtanquamturrisinexpu·

129 3385 233 3439 timore
246 3380 358 3437 Domini
370 3377 565 3451 perseverabat
573 3375 681 3442 affixus,
693 3380 860 3430 aternamm
871 3391 928 3429 me·
968 3369 1099 3439 gnabilis,
1111 3370 1267 3441 patientissi
1273 3388 1333 3426 inus
1343 3373 1378 3426 ad
1389 3373 1484 3428 orrinia
1499 3375 1655 3428 certamina
1667 3374 1768 3447 perdu-

129 3490 193 3528 mor
211 3488 367 3544 paenarum,
393 3473 422 3522 et
436 3467 565 3521 dolorum
585 3466 645 3519 sine
661 3466 715 3518 line
739 3463 925 3528 manentium,
970 3459 1059 3514 rabat.

132 3561 206 3632 ignis
226 3559 332 3614 scilicet
346 3557 421 3611 illius
436 3552 679 3623 inexstinguibilis,
695 3558 724 3606 et
742 3552 845 3606 vermis
855 3567 927 3605 nun·
1004 3550 1112 3604 Rursus
1126 3550 1180 3605 alio
1195 3555 1321 3622 tempore
1335 3549 1463 3605 cohortes
1473 3550 1704 3619 daemnnum,tali
1717 3567 1768 3623 ge·

131 3647 336 3721 quamomnino
351 3643 506 3699 morientis.
519 3642 590 3696 Cum
601 3639 645 3694 his
656 3641 751 3711 itaque
761 3639 928 3695 Pachomius
968 3653 1036 3692 nere
1044 3634 1250 3709 phantasmatis
1257 3645 1385 3693 sanctum
1395 3638 1445 3693 liei
1452 3640 1588 3695 famulum
1594 3645 1705 3695 tentare
1711 3656 1769 3695 mo·

130 3737 222 3792 modis
237 3739 266 3790 et
279 3733 314 3789 ab
327 3732 432 3788 illicitis
442 3730 605 3797 abstineret,
619 3736 648 3784 et
662 3729 698 3784 ad
712 3728 829 3784 meliora
844 3729 928 3800 proti-
971 3725 1088 3781 liuntur.
1104 3727 1203 3784 Plures
1214 3728 1289 3782 enim
1299 3727 1495 3782 convenientes
1504 3729 1533 3783 in
1544 3745 1642 3794 urruns,
1658 3728 1769 3784 arboris

130 3827 217 3889 eeret,
232 3819 369 3876 dilatandi
380 3818 550 3872 monasteria
563 3815 782 3887 curamgerebat
795 3816 928 3872 immodi·
969 3814 1065 3870 folium
1074 3816 1439 3887 corameomagnislunibus
1447 3817 1579 3887 colligare
1588 3818 1766 3886 videbantur,

130 3927 193 3967 earn
207 3926 258 3982 pro
272 3908 448 3980 susceptione
463 3907 632 3960 multarum:
648 3905 693 3959 eui
707 3905 835 3960 diabolus
848 3905 928 3959 vehe-
970 3909 998 3958 et
1011 3921 1119 3959 summo
1132 3905 1278 3959 conanime
1292 3906 1414 3970 trabere,
1426 3905 1525 3959 dextra
1539 3906 1663 3978 laevaque
1674 3907 1768 3962 ductis

131 4005 242 4055 menter
250 3997 336 4069 coepit
348 3995 493 4064 obsistere,
504 3995 682 4066 stridensque
690 4011 775 4066 super
787 4011 851 4049 eum
857 3993 928 4049 den·
969 3993 1122 4060 ordinibus
1135 4010 1168 4048 ae
1181 4011 1243 4048 sese
1258 4000 1356 4049 mutuo
1372 3995 1560 4060 cohortantes,
1579 3995 1619 4049 sic
1634 3995 1768 4051 insistere

129 4088 215 4156 tibus,
233 4087 319 4143 veluti
328 4085 479 4157 singularis
493 4084 569 4140 ferus
582 4082 647 4155 (20),
657 4083 828 4139 tentationes
838 4083 864 4138 ei
877 4099 928 4138 va-
968 4081 1138 4150 nitebantur‚
1147 4099 1179 4136 ac
1188 4083 1211 4137 si
1223 4082 1318 4153 magni
1331 4082 1432 4154 lapidis
1443 4084 1707 4154 moverentpondus
1715 4084 1768 4139 im·

130 4178 187 4234 rias
202 4175 349 4242 excitabat,
366 4176 389 4230 si
399 4174 493 4230 forsan
511 4174 645 4229 adversus
662 4190 726 4228 eum
749 4173 855 4229 fraudis
869 4188 927 4228 suae
968 4171 1454 4242 mensumflocautemnequissimi
1473 4172 1588 4245 spiritus
1606 4173 1710 4228 idcirco
1728 4172 1768 4228 ia·

128 4268 282 4342 reperisset
293 4265 462 4337 ingressum.
477 4263 532 4319 Sed
547 4263 593 4318 hic
604 4262 756 4318 scutotidei
771 4261 928 4317 communi·
968 4259 1087 4328 ciebant,
1103 4265 1136 4316 ut
1149 4266 1274 4315 mentem
1284 4262 1354 4331 ejus,
1368 4261 1391 4316 si
1402 4267 1526 4333 possent,
1541 4261 1674 4316 inrisum
1694 4262 1768 4318 torte

129 4364 185 4426 tus,
201 4356 351 4428 vigilanter
362 4352 469 4409 inimici
491 4351 652 4407 declinabat
670 4351 797 4419 insidias,
814 4349 1149 4415 sanctasnresolverent,
1170 4354 1199 4404 et
1222 4349 1381 4404 invenirent
1394 4350 1469 4405 unde
1493 4351 1533 4404 rlli
1553 4350 1766 4421 exprobrarent.

129 4447 289 4520 Scripturas
300 4440 437 4500 memoria
445 4442 570 4497 retinens
584 4447 669 4513 atque
683 4441 846 4496 decantans.
968 4438 1475 4510 QuorumPachomiusimpudentiam
1485 4439 1766 4510 cemens,ingemuit;

165 4537 230 4592 Car.
246 4535 378 4591 xvl1.-
395 4530 523 4597 Quadam
530 4547 595 4584 vero
609 4530 664 4596 die,
681 4547 744 4586 cum
760 4529 927 4586 Pachomius
968 4532 1052 4598 atque
1067 4527 1103 4581 ad
1116 4527 1267 4582 Dominum
1281 4528 1371 4582 solitis
1386 4528 1514 4599 precibus
1528 4527 1694 4595 convolavit,
1712 4533 1769 4585 eta·

128 4622 299 4695 supplicaret
312 4620 441 4686 Domino,
453 4625 482 4674 et
489 4619 671 4689 genuavellct
683 4618 712 4672 in
723 4618 849 4673 oratione
863 4634 927 4673 cur·
968 4616 1075 4687 timque
1098 4616 1202 4671 virtute
1216 4617 1321 4672 Christi
1335 4621 1412 4672 tetus
1427 4634 1525 4672 eorum
1552 4633 1658 4672 cuneus
1673 4623 1718 4673 est
1732 4619 1769 4674 ad

129 4728 204 4780 vare,
218 4719 283 4767 ante
292 4715 471 4783 conspectum
485 4709 547 4780 ejus
556 4707 715 4763 daemonum
730 4707 879 4779 praestigiis
888 4706 928 4762 la·
968 4706 1087 4761 nihilum
1102 4707 1242 4761 redactus.

128 4817 179 4856 cus
192 4799 332 4871 apparuit.
345 4797 546 4871 Huiuscemodi
570 4812 692 4868 namque
707 4797 812 4867 figuras
828 4797 927 4851 inanes
1004 4797 1177 4866 Frequenter
1186 4795 1333 4850 enimcum
1346 4795 1482 4851 resideret
1496 4796 1532 4850 ad
1542 4813 1680 4867 mensam,
1695 4798 1767 4854 Deo·

129 4894 215 4961 atque
223 4889 388 4960 superfluas,
401 4887 490 4943 hostis
500 4887 617 4942 humani
629 4885 741 4957 generis
754 4902 865 4957 semper
879 4902 927 4941 ex·
969 4900 1023 4954 que
1036 4884 1431 4956 gratiasageret,apparebant
1442 4884 1483 4938 illi
1496 4884 1628 4941 inhabitu
1637 4886 1770 4957 pulcher·

128 4976 225 5035 bibere
238 4975 397 5043 festinabat,
414 4982 446 5031 ut
460 4976 555 5048 aliqua
577 4975 758 5046 subreptione
772 4975 815 5029 vel
828 4975 926 5030 fraude
967 4973 1103 5029 rimarum
1118 4974 1279 5040 mulierum,
1291 4975 1382 5046 speeie
1397 4973 1597 5041 differentium,
1612 4979 1641 5029 et
1656 4976 1769 5046 procaci

129 5065 330 5122 memorantis
348 5081 366 5118 a
380 5066 493 5137 propria
505 5066 661 5121 intentione
670 5050 814 5129 distracta,
831 5080 926 5136 preces
967 5078 999 5116 ac
1006 5061 1209 5118 foedanuditate
1217 5062 1575 5134 conspicuae,eidemastare
1583 5062 1763 5131 videbantur,

129 5154 249 5211 Domino
264 5152 429 5227 purissimas
448 5154 547 5208 ollerre
562 5171 617 5210 non
632 5159 735 5226 posset.
758 5153 925 5209 Pachomins
966 5157 1041 5206 etex
1056 5152 1191 5224 appositis
1200 5152 1271 5207 velle
1280 5152 1452 5222 contingere.
1468 5152 1522 5206 Sed
1535 5151 1771 5208 athlelafortissi-

130 5261 197 5316 ergo
212 5243 372 5299 damonum
387 5241 540 5308 machinae,
555 5243 665 5298 Christo
673 5244 813 5299 revelante
825 5259 925 5314 cogno·
966 5257 1037 5305 mus,
1046 5241 1171 5312 quamvis
1182 5241 1300 5296 sentiret
1312 5241 1403 5295 exhoc
1412 5241 1473 5311 ipso
1486 5240 1655 5305 molestiam,
1671 5249 1769 5299 tamen

130 5349 220 5398 scens,
237 5332 398 5403 pariterque
414 5330 578 5402 despiciens,
589 5333 711 5388 maxima
722 5333 787 5387 lldci
797 5332 925 5404 capiebat
966 5329 1117 5384 exteriores
1128 5332 1221 5385 oculos
1229 5329 1555 5393 claudens,etinteriorcs
1566 5331 1601 5385 ad
1610 5331 1767 5388 Dominum

20 5488 26 5499 .
128 5428 282 5494 augmenta
298 5440 304 5490 ;
323 5421 374 5474 lios
390 5419 503 5490 quidem
518 5427 678 5476 constanter
691 5422 924 5493 arguens,lleum
964 5435 1103 5485 reserans,
1120 5437 1217 5474 eorum
1228 5420 1374 5474 molimina
1384 5419 1553 5490 proterebat.
1564 5420 1672 5474 Aderat
1687 5422 1764 5476 enim

127 5529 193 5567 vero
208 5510 291 5566 solita
303 5509 460 5582 gratiarum
472 5508 582 5563 actione
590 5508 767 5566 benedicens.
965 5508 1122 5563 misericors
1130 5508 1499 5580 Dominus,quietiamnunc
1508 5508 1768 5566 contritisaerectis

163 5602 353 5659 consueverat
359 5602 589 5672 quoquesanetus
596 5598 739 5672 virproeul
751 5606 771 5666 Ι
782 5606 925 5670 loame-
965 5603 1049 5659 corde
1058 5602 1166 5660 cunetis
1172 5603 1271 5660 adesse
1277 5602 1452 5675 dignatur,et
1459 5602 1535 5659 dicit:
1546 5602 1640 5659 Nolite
1652 5604 1766 5674 amere,
