3832 6120
130 286 182 349 537
327 286 414 343 Vl'ra
432 281 845 342 sermunculorum
865 279 1034 336 Rhamma
1053 278 1098 334 ET
1116 272 1300 332 Joslrrla'r
1318 271 1431 331 mma
1447 270 1565 328 areis.
1698 214 1776 328 ⁸538

130 416 181 471 visi
193 419 271 471 sunt.
288 415 395 469 Horum
409 413 613 485 turpitudinem
627 428 660 465 ac
668 411 786 465 fetorem
794 413 823 463 et
836 414 930 477 stupo-
938 416 962 474 Α
973 405 1028 461 est?
1039 407 1096 460 hut
1109 419 1230 475 quonam
1248 400 1331 455 modo
1342 404 1422 470 pater
1431 398 1489 464 illc,
1501 414 1533 452 ac
1547 414 1603 452 non
1615 396 1710 468 potius
1720 396 1772 449 ho·

130 521 202 569 rem,
229 509 315 575 atque
331 503 417 557 etiam
436 504 596 556 damonum
610 501 639 555 in
661 500 730 570 ipsis
744 498 930 570 operantium,
973 495 1024 549 stis
1039 496 1127 560 μθ
1141 490 1282 548 vocandus
1297 488 1353 542 sit?
1363 488 1424 552 Quo
1439 488 1514 542 circa
1528 503 1579 541 nec
1589 502 1640 556 ego
1655 483 1772 555 posthac

131 611 164 649 ac
177 610 228 666 per
237 594 312 665 ipsos
327 593 513 663 imposturam
526 586 933 652 vobisfacientiuminfirmita·
973 589 1002 638 te
1018 589 1127 655 patrem
1140 579 1296 652 appellabo,
1308 594 1404 633 verum
1415 582 1469 631 ate
1490 576 1649 636 abscedam,
1658 590 1715 628 non
1724 588 1773 626 se-

129 688 190 739 tam
204 688 291 754 atquc
303 681 533 748 imbecillitatem,
550 697 615 735 cum
629 678 718 734 aviro
732 681 829 732 sancto
850 675 933 729 intel·
974 689 1024 728 eus
1038 678 1124 744 atque
1138 672 1162 725 is
1172 670 1221 741 qui
1231 673 1390 739 serpentem
1401 666 1487 736 fugit:
1504 665 1677 736 siquidemte
1686 660 1771 716 saluti

129 770 271 836 lexissem,
302 786 455 841 eorumque
477 768 687 841 improbitatem
709 766 878 838 rejecissem,
901 780 934 817 ac
974 779 1043 817 mea
1057 761 1190 825 invidere,
1202 774 1303 829 meque
1315 756 1345 810 in
1364 754 1480 810 exitium
1491 754 1607 825 pervim
1627 750 1773 823 impellere

131 861 255 932 perlecto
277 860 342 914 odio
361 860 515 913 insectatus
536 858 663 924 fuissem,
686 857 722 911 ad
736 857 827 910 Deum
840 854 933 908 vivum
974 856 1152 923 perspectum
1165 847 1300 903 habuero.
1316 847 1389 901 Nam
1406 844 1430 897 si
1444 843 1514 897 mihi
1537 842 1592 896 vim
1615 842 1724 906 ailerre,
1741 857 1773 895 ac

131 967 164 1004 ao
178 965 277 1003 verum
293 964 339 1002 me
350 947 475 1018 adjunxi,
491 946 602 1019 ipsique
617 947 653 1000 ad
668 951 825 1000 extremum
844 958 933 1012 usque
973 940 1119 1012 tyrannice
1129 954 1238 992 mecum
1251 950 1336 1006 agere
1346 934 1424 1000 velis,
1436 930 1674 1003 quemadmodum
1687 928 1773 983 etiarn

131 1038 196 1092 vitae
209 1038 342 1108 spiritum
355 1037 485 1103 serviam,
501 1052 556 1107 quo
572 1035 658 1090 etiam
679 1035 709 1089 in
728 1033 816 1105 ipsius
833 1047 933 1086 manus
974 1030 1080 1095 dixisti,
1107 1027 1177 1083 nihil
1203 1025 1289 1092 aliud,
1310 1022 1381 1079 mihi
1401 1022 1492 1089 crede,
1513 1019 1579 1076 hinc
1598 1018 1667 1074 lueri
1688 1014 1772 1072 facies

132 1127 249 1198 spiritus
263 1144 344 1182 meus
358 1126 461 1180 veniat.
975 1133 1059 1188 quam
1070 1124 1102 1171 ut
1110 1117 1198 1189 patris
1208 1117 1419 1186 looo,tyrannus
1430 1119 1459 1166 et
1475 1109 1597 1165 carnifex
1612 1107 1770 1179 appelleris.

90 1215 92 1220 ’
168 1219 241 1272 Cum
255 1217 344 1287 igitur
357 1215 655 1285 tantabona,quaeque
670 1211 935 1268 nullaorationecx·
975 1206 1207 1278 Quandoquidem
1231 1204 1339 1259 lacibus
1364 1201 1415 1256 tibi
1442 1200 1529 1254 fuerit
1542 1197 1642 1268 aquilae
1656 1194 1774 1265 vestigia

131 1305 230 1377 plicari
244 1304 361 1376 possint,
388 1303 455 1358 mihi
476 1303 672 1366 occurrissent,
694 1300 851 1372 gaudebam
871 1297 936 1368 qui-
975 1297 1119 1367 oonsequi‚
1131 1313 1163 1350 ac
1176 1311 1228 1366 per
1244 1294 1336 1365 ipsum
1351 1307 1445 1345 aerem
1459 1289 1563 1349 volare,
1577 1277 1662 1357 quam
1677 1280 1771 1337 mede

131 1393 196 1448 dem
203 1410 250 1447 me
258 1392 452 1465 improborum
463 1393 621 1447 damonum
631 1391 765 1446 servitute
774 1389 933 1451 liberatum,
975 1401 1039 1439 mea
1048 1385 1077 1439 in
1093 1385 1236 1440 Christum
1250 1383 1305 1437 tide
1317 1398 1349 1436 ae
1363 1379 1496 1452 praeclaro
1510 1377 1613 1431 ioedcre
1634 1389 1698 1428 cum
1714 1372 1774 1442 ipso

132 1487 216 1552 atque
230 1482 266 1535 ab
282 1480 423 1535 horrenda
435 1481 596 1551 captivitate
607 1487 776 1545 revocatum,
788 1495 820 1533 ac
834 1476 931 1532 Domi·
972 1473 1195 1528 initodcducere.
1205 1472 1310 1525 Verum
1322 1466 1456 1538 intellige,
1471 1483 1488 1520 o
1503 1471 1592 1536 pater,
1608 1468 1704 1533 atque,
1719 1460 1775 1515 ista

133 1570 188 1624 nici
201 1571 296 1624 vultus
312 1570 419 1623 lumine
434 1572 517 1631 (Psoi.
529 1570 565 1637 lv)
580 1569 776 1623 collustratum
791 1583 873 1621 esse:
897 1565 931 1618 il·
972 1562 1116 1616 oculorum
1138 1560 1241 1615 mentis
1254 1556 1421 1630 lippitudine
1446 1559 1474 1608 et
1497 1552 1616 1622 caligine
1636 1550 1773 1615 discussa,

135 1657 181 1712 lud
196 1663 292 1711 autem
305 1656 680 1729 meangebat,animumque
692 1656 933 1711 meumdistrahe-
973 1651 1092 1722 suspica,
1109 1667 1142 1704 ac
1155 1649 1206 1705 Dei
1220 1648 1275 1702 mei
1290 1648 1395 1708 lumen,
1420 1660 1518 1698 omnes
1536 1641 1661 1711 undique
1688 1636 1774 1692 collu-

135 1744 191 1811 bat,
206 1747 282 1817 quod
306 1752 348 1812 tu,
364 1746 495 1801 dominus
510 1762 542 1800 ac
564 1752 646 1817 pater
666 1763 755 1811 meus,
774 1734 1480 1815 hujusmodiRstranS,intuere,atqueipsetandem
1499 1729 1650 1802 aliquando
1666 1727 1772 1782 suavis·

137 1831 334 1888 beneficiorum
344 1835 460 1889 minime
473 1835 613 1907 particeps
627 1852 712 1890 esses.
725 1835 829 1889 Verum
844 1833 932 1888 animi
972 1829 1043 1884 aimo
1059 1829 1134 1883 illius
1151 1828 1299 1900 splendore
1317 1824 1486 1879 illuminare.
1507 1822 1545 1876 Ut
1567 1819 1633 1891 quid
1649 1817 1725 1872 enim
1743 1820 1772 1870 tc

140 1923 217 1977 tulin
232 1924 374 1978 sententia
381 1929 430 1978 tua
439 1924 622 1995 pertinaciam
632 1931 769 1989 metuens,
783 1940 931 1978 moerorem
972 1918 1064 1990 ipsum
1077 1918 1169 1972 carnis
1181 1914 1374 1970 allectionibus
1385 1930 1417 1967 ac
1430 1908 1620 1966 voluntatibus
1634 1912 1724 1961 totum
1743 1912 1772 1959 te

143 2029 230 2067 meum
240 2018 353 2084 pectore
363 2013 534 2084 premebam,
544 2013 619 2085 quod
629 2013 681 2068 tibi
690 2014 866 2068 stomachum
876 2029 934 2067 mo-
972 2008 1126 2075 tradidisti,
1138 2023 1189 2061 nec
1199 2006 1256 2060 ullo
1269 2004 1352 2058 modo
1366 2020 1399 2057 ex
1408 2001 1477 2073 ipsis
1489 1997 1630 2068 emergis?
1647 1994 1719 2052 Illud
1732 1995 1773 2048 in-

143 2117 200 2155 rere
214 2102 331 2156 minime
352 2103 552 2159 vellemlieum
563 2108 657 2157 autem
670 2120 752 2157 orare
762 2101 933 2173 atqueohse-
973 2097 1078 2168 tellige‚
1094 2096 1169 2167 quod
1179 2095 1271 2150 omnis
1280 2109 1345 2148 caro
1360 2092 1455 2146 senum
1465 2095 1517 2155 cst,
1532 2094 1560 2142 et
1579 2086 1670 2142 omnis
1680 2085 1772 2156 gloria

146 2205 213 2245 crare
238 2208 294 2245 non
313 2191 545 2258 intermittebam,
574 2198 604 2246 ut
627 2192 809 2263 alonginquo
823 2191 928 2256 exsilio,
972 2187 1033 2256 ejus
1046 2192 1180 2257 tanquam
1198 2186 1249 2238 iios
1274 2182 1340 2240 leni.
1367 2181 1541 2236 Exsiccatum
1555 2181 1599 2231 est
1612 2175 1717 2239 lenum,
1744 2177 1773 2227 et

149 2280 210 2352 quod
222 2279 339 2351 tibiipsi
361 2281 539 2348 accersivisti,
555 2297 619 2335 cum
647 2281 759 2353 pietatis
787 2281 930 2351 fugitivus,
972 2276 1024 2330 ilos
1037 2278 1099 2347 ejus
1112 2275 1229 2341 decidit;
1246 2272 1361 2328 verbum
1376 2276 1471 2325 autem
1485 2266 1597 2322 Domini
1612 2264 1680 2330 mci,
1696 2261 1771 2333 quod

150 2368 250 2440 ntique
263 2371 356 2424 omnis
371 2377 402 2425 et
411 2371 566 2441 impietatis
583 2371 713 2425 minister
725 2371 840 2424 effectus
851 2375 931 2436 es,te
971 2364 1102 2419 omnibus
1125 2363 1324 2419 annuntiatum
1353 2365 1405 2428 est,
1441 2361 1537 2412 manet
1569 2355 1599 2409 in
1636 2359 1773 2407 aternum
1815 2394 1819 2405 .

152 2466 286 2513 avocaret
301 2459 440 2523 Quoniam
449 2466 543 2514 autem
550 2466 582 2514 tu
591 2460 661 2530 ipse,
673 2464 784 2530 opater,
794 2476 839 2513 res
852 2475 929 2513 naeus
971 2456 995 2517 (i
1003 2456 1058 2509 Pet.
1075 2455 1116 2525 11).

153 2545 305 2618 inspectum
324 2548 476 2619 Ρΐθῐῡῑῑὸὶί,
493 2565 554 2619 qua
568 2565 631 2603 moa
656 2549 771 2603 omnino
790 2548 930 2603 sententia
1005 2550 1077 2614 Quid
1091 2551 1180 2622 igitur
1192 2552 1231 2606 ita
1239 2551 1348 2623 perdite
1362 2556 1449 2622 atque
1464 2549 1565 2604 insane
1575 2545 1696 2618 gloriam
1707 2556 1770 2596 eam

154 2635 189 2700 ait,
200 2637 276 2691 audi:
294 2637 381 2691 Pacta
399 2654 462 2691 cum
474 2638 531 2692 Deo
547 2654 609 2692 meo
624 2637 696 2692 inita
710 2654 766 2691 non
780 2636 908 2708 frangam
921 2657 927 2704 ;
970 2639 1075 2693 retines
1085 2641 1303 2712 etamplecteris,
1317 2655 1379 2712 quaa
1392 2640 1485 2694 instar
1497 2635 1652 2692 recentium
1667 2633 1769 2686 tiorum

152 2739 200 2790 noa,
213 2725 337 2796 inquam,
350 2742 401 2796 per
415 2743 479 2781 eum
494 2727 542 2797 qui
566 2743 611 2780 me
626 2727 749 2798 pretioso
766 2743 865 2782 cruore
878 2743 929 2781 suo
971 2728 1117 2782 marcescit
1123 2729 1365 2801 atqucdeletur‚et
1376 2723 1561 2783 exsecrandas
1569 2741 1602 2779 ae
1609 2718 1709 2777 fetidas
1724 2719 1770 2774 de

155 2816 293 2869 aserdtute
306 2815 465 2870 vindicavit.
488 2815 686 2883 Quamobrem,
695 2832 759 2870 oum
770 2816 837 2887 quid
843 2816 930 2870 animi
969 2816 1058 2883 licias,
1075 2817 1237 2888 ventrisque
1250 2824 1388 2874 eteorum
1403 2834 1465 2888 quae
1479 2815 1551 2869 insra
1565 2817 1690 2867 ventrem
1706 2813 1770 2863 sunt

154 2901 306 2958 habeamtibi
316 2905 492 2975 exploratum
505 2905 550 2970 sit,
569 2905 714 2976 negotium
724 2905 836 2977 tibiipsi
847 2906 932 2960 faces·
971 2904 1142 2972 affectiones,
1159 2923 1220 2977 qua
1235 2907 1349 2977 quidem
1363 2907 1397 2960 ad
1411 2904 1525 2976 aliquod
1541 2908 1653 2973 tempus
1669 2898 1770 2952 stulto-

155 3005 200 3046 scrs
218 2992 320 3059 desine,
350 3009 368 3047 a
388 2994 522 3064 praeclara
544 2994 718 3048 confessione
732 3011 777 3048 me
792 2994 931 3049 deducere
971 3010 1034 3048 rum
1047 3011 1146 3050 sensus
1161 2995 1311 3062 oblectant,
1322 3001 1454 3050 caeterum
1465 2991 1589 3047 amarius
1602 2988 1771 3059 fellepostea

155 3079 259 3136 molens.
274 3083 348 3137 Nam
363 3083 599 3153 quemadmodum
609 3083 633 3137 si
643 3084 745 3137 amium
758 3100 844 3137 manu
859 3058 960 3138 arri·C
972 3084 1147 3154 digeruntur,
1165 3090 1226 3139 tum
1241 3085 1375 3139 nimirum
1391 3100 1456 3138 cum
1468 3080 1575 3137 umbrae
1590 3081 1659 3145 istae,
1685 3083 1770 3147 atque

157 3184 213 3238 perc,
228 3176 384 3231 auttotum
398 3188 477 3226 mare
492 3173 629 3226 exsiccare
637 3173 667 3227 in
676 3172 802 3227 animum
816 3172 931 3227 induxe-
971 3173 1063 3227 inanis
1078 3174 1195 3244 hujusce
1209 3174 1271 3228 vitae
1280 3172 1419 3228 insomnia
1433 3170 1628 3244 praeterierint,
1640 3172 1725 3238 atque
1738 3165 1768 3218 in

157 3257 193 3323 ris,
203 3259 388 3331 irrituaatque
402 3260 511 3316 inutilis
524 3261 574 3315 tibi
588 3262 633 3315 hic
649 3267 766 3316 conatus
775 3261 869 3329 fuerit,
881 3279 929 3316 eo·
969 3268 1105 3333 perpetuo
1118 3263 1191 3333 ignis
1203 3279 1348 3333 nunquam
1362 3259 1557 3331 exstinguendi
1571 3276 1604 3313 ac
1626 3254 1768 3312 tenebrosi

157 3344 203 3401 dem
215 3350 292 3404 modo
312 3350 367 3403 hoc
388 3366 500 3421 quoque
515 3349 627 3404 irritum
641 3350 693 3405 tibi
707 3350 767 3405 iore
780 3352 927 3421 persuade.
971 3351 1097 3406 cruciatu
1111 3369 1208 3406 eorum
1222 3358 1372 3418 amatores,
1388 3364 1417 3406 et
1431 3350 1479 3422 qui
1493 3347 1636 3421 iniquitati
1653 3360 1768 3417 operam

155 3435 185 3488 Ac
194 3444 344 3510 propterea,
371 3444 421 3493 aut
435 3439 494 3510 ipse
508 3439 624 3494 consilio
639 3455 701 3493 meo
715 3439 882 3511 obsequens,
895 3441 931 3495 ad
971 3440 1258 3513 dant,provolventur,
1269 3441 1317 3496 ubi
1327 3441 1356 3495 in
1366 3439 1472 3495 somnis
1482 3438 1585 3493 vermis
1595 3435 1700 3506 absque
1710 3434 1768 3488 ullo

139 3540 142 3547 ·
157 3520 274 3616 Christum
284 3532 314 3581 te
335 3526 468 3598 adjunge,
480 3533 511 3581 ut
521 3527 596 3582 bona
612 3544 645 3582 ea
656 3544 717 3598 quae
727 3529 927 3599 cogitationem
971 3530 1027 3585 fine
1035 3531 1256 3601 ipsoseorrodet,
1265 3548 1298 3585 ac
1309 3535 1462 3602 perpetuus
1474 3528 1548 3600 ignis
1557 3527 1585 3581 in
1595 3525 1707 3580 infinita
1717 3538 1768 3576 sae-

156 3624 244 3669 ⁰mhem
268 3621 405 3687 superant
429 3616 576 3687 percipias,
593 3617 716 3688 sociique
728 3617 803 3672 inter
816 3635 877 3684 nos,
897 3625 931 3674 ut
970 3619 1034 3674 cula
1047 3636 1095 3674 eos
1110 3619 1407 3675 concremabitilnter
1417 3635 1496 3690 quos,
1510 3633 1527 3670 o
1539 3632 1599 3671 rem
1610 3617 1768 3685 gravem,tu

156 3705 248 3801 ΨΜ,
261 3705 302 3760 ita
316 3705 403 3759 etiam
424 3705 490 3760 fidei
514 3706 612 3772 simus,
642 3712 787 3761 autatua
802 3707 928 3775 filietate,
971 3725 1082 3780 quoque
1095 3711 1252 3778 conclusus,
1268 3709 1302 3764 oh
1320 3709 1457 3764 scelerata
1477 3705 1594 3761 consilia
1614 3710 1665 3758 tua
1690 3699 1768 3772 gravi

156 3790 206 3844 mh
222 3795 310 3860 crede,
335 3792 493 3862 abscedam,
516 3811 642 3866 puraque
656 3796 826 3851 conscientia
839 3797 929 3851 Deum
970 3798 1136 3870 paenitentia
1150 3798 1288 3866 alliciaris,
1305 3805 1389 3870 atque
1403 3799 1455 3852 hos
1469 3796 1529 3851 dies
1539 3794 1661 3850 multum
1677 3789 1770 3862 requi·

79 3900 84 3909 ‘
155 3890 226 3934 meum
240 3884 339 3937 ⁰⁰lssffl·
970 3903 1024 3952 res,
1041 3905 1225 3960 meorumque
1240 3889 1386 3943 verborum
1401 3883 1715 3942 recordaberis.Verum
1725 3879 1768 3934 ni-

183 3967 234 4024 dac
245 3971 333 4043 igitur
342 3972 438 4026 omnia
449 3979 480 4027 ut
489 3989 537 4026 rex
545 3973 659 4039 audivit,
677 3974 826 4045 impotenti
835 3974 928 4029 lurore
969 3976 1010 4030 hil
1023 3994 1056 4031 ex
1071 3979 1209 4048 ejusmodi
1216 3976 1516 4050 poenitentiautilitatis
1529 3973 1675 4046 percipies,
1684 3968 1771 4040 siqui-

155 4057 273 4114 ansam
288 4061 424 4133 percitus,
445 4062 579 4116 iracunde
609 4061 727 4118 adeum
749 4062 925 4134 loquebatur,
971 4065 1034 4120 dem
1049 4067 1077 4120 in
1093 4067 1201 4122 insarno
1221 4067 1392 4139 punitentia
1407 4072 1491 4138 atque
1506 4060 1672 4119 confessioni
1692 4059 1768 4112 locus

156 4141 316 4221 dentibusque
325 4149 445 4205 furentis
455 4151 691 4216 instarfrendens,
703 4151 749 4207 his
759 4152 850 4207 verbis
862 4169 930 4207 usus
971 4171 1028 4209 nou
1042 4162 1085 4210 est
1100 4159 1211 4223 (Psalm.
1222 4163 1269 4226 vi).

156 4238 194 4286 tii:
211 4237 342 4301 Quisnam
353 4239 425 4293 alius
443 4240 513 4293 mihi
524 4245 667 4294 tantorum
683 4241 823 4296 malorum
833 4249 932 4296 auctor
1006 4244 1079 4298 Nam
1097 4262 1219 4316 praesens
1234 4250 1345 4317 tempus
1355 4246 1443 4300 labori
1458 4243 1645 4316 praestitutum
1660 4244 1712 4306 est,
1724 4239 1768 4291 iu·

157 4325 370 4399 *butegoipae
387 4329 669 4398 quitatantoamore
682 4331 842 4402 complexus
855 4349 927 4399 sum,
970 4337 1167 4388 turumautem
1177 4331 1768 4406 mercedi.deprotectoetiamsipraesentcs
1811 4378 1814 4383 .

158 4422 222 4506 &tque
232 4422 280 4470 tua
289 4434 377 4471 eausa
388 4416 451 4484 ieci,
476 4434 538 4488 quaa
549 4418 643 4472 nullus
659 4436 784 4490 unquam
799 4427 881 4491 pater
893 4422 930 4476 ie·
969 4423 1127 4494 voluptates
1141 4424 1256 4478 fluxioni
1269 4430 1296 4479 et
1309 4425 1436 4479 interitui
1447 4422 1562 4477 minime
1576 4419 1707 4490 subjectae
1721 4433 1765 4470 es·

158 4498 260 4602 utiQua
271 4506 359 4560 etiam
381 4507 416 4560 de
425 4522 510 4561 causa
524 4508 627 4561 mentis
647 4514 703 4562 tuae
715 4508 884 4579 perversitas
897 4527 929 4565 ae
970 4517 1147 4575 sent,verum
1156 4528 1220 4566 cum
1230 4513 1352 4567 dominis
1360 4514 1419 4568 suis
1430 4513 1458 4567 in
1470 4516 1607 4567 aternum
1619 4508 1764 4569 durarent,

158 4594 292 4662 remmia,
310 4612 345 4649 ex
359 4595 472 4650 licentia
491 4612 555 4650 mea
575 4597 697 4651 collectis
718 4597 834 4663 viribus,
854 4605 885 4654 ut
899 4601 929 4654 iu
970 4617 1027 4655 non
1040 4605 1134 4655 tamen
1147 4607 1296 4673 propterea
1309 4619 1357 4657 eas
1371 4602 1476 4657 Christi
1485 4598 1627 4655 beneflciis
1639 4614 1671 4651 ac
1684 4595 1766 4649 honis

158 4687 228 4736 meum
241 4690 326 4755 eaput
346 4685 495 4751 insanires,
511 4685 585 4740 iecit.
607 4687 673 4741 Non
693 4686 743 4740 abs
755 4704 785 4742 re
799 4688 886 4759 igitur
899 4689 929 4743 in
970 4693 1047 4745 omni
1061 4691 1230 4762 cogitatione
1252 4691 1494 4764 praestantioribus
1507 4688 1645 4743 anteferre
1658 4690 1769 4758 oporte-

158 4769 201 4821 ⁰fh
209 4776 253 4826 tuo
263 4773 399 4844 astrologi
407 4775 511 4828 malum
524 4780 552 4828 et
566 4775 725 4846 improbum
738 4776 828 4831 virum
845 4782 929 4842 atque
970 4778 1031 4834 bat?
1039 4781 1110 4834 Nam
1121 4788 1226 4851 quanto
1235 4783 1277 4836 sol
1286 4781 1511 4853 profundanocte
1518 4778 1620 4833 clarior
1629 4781 1673 4831 est
1682 4781 1767 4846 atque

158 4863 322 4930 lfrogturtem,
339 4868 368 4917 et
392 4863 525 4917 adversus
545 4870 676 4934 parentes
693 4870 885 4920 contumacem
900 4872 929 4921 te
970 4869 1151 4938 splendidior,
1161 4874 1240 4923 tanto
1253 4887 1363 4942 quoque
1374 4875 1458 4941 atque
1469 4868 1554 4923 etiam
1569 4866 1659 4921 multo
1675 4864 1767 4936 magis

157 4934 335 5041 statuerunt.
351 4950 417 5004 Atsi
427 4967 502 5005 nunc
512 4967 623 5023 quoque
637 4953 809 5008 commiseris
819 4960 851 5009 ut
860 4971 928 5008 con·
970 4956 1044 5011 bona
1052 4975 1086 5012 ea
1094 4959 1205 5029 quaeDei
1217 4975 1312 5013 amore
1320 4959 1444 5030 praeditis
1449 4958 1586 5030 promissa
1595 4954 1766 5027 suntquovis

156 5028 225 5092 ⁸¹hum
234 5056 328 5094 meum
340 5038 446 5094 frustra
459 5041 552 5105 cadat,
566 5042 696 5096 hostilem
715 5043 744 5096 in
758 5048 787 5097 te
802 5043 928 5098 animum
968 5051 1081 5101 terreno
1096 5063 1182 5118 regno
1199 5047 1352 5102 illustriora
1371 5054 1400 5102 et
1424 5047 1666 5117 magnificentiora
1687 5051 1763 5101 sunt.

155 5129 322 5201 &amatque
332 5129 410 5184 itate
419 5131 557 5196 multabo,
574 5137 607 5186 ut
616 5149 651 5186 ne
661 5133 690 5186 in
706 5134 800 5188 hostes
814 5133 928 5206 quidem
969 5136 1145 5207 Proindeque
1156 5137 1269 5191 omnino
1279 5143 1498 5192 consentaneum
1507 5143 1568 5192 erat
1582 5154 1617 5192 ea
1630 5153 1691 5208 quae
1705 5152 1763 5190 ma-

154 5216 200 5266 ⁸l⁰8
210 5221 294 5274 tantae
305 5219 417 5274 saevitiae
428 5221 569 5290 specimen
584 5221 733 5293 quisquam
752 5223 890 5277 exhibeat.
966 5225 1030 5295 jora
1044 5232 1073 5280 et
1085 5226 1281 5297 praestantiora
1293 5233 1361 5282 sunt
1378 5227 1559 5282 interioribus
1573 5244 1606 5281 ac
1621 5225 1764 5281 vilioribus

179 5298 286 5405 Rhasum
297 5313 393 5362 autem
408 5308 473 5364 ille:
490 5310 630 5375 Quidnam
641 5317 721 5378 est,o
738 5328 795 5379 rex,
811 5327 861 5367 our
873 5313 927 5366 ira-
967 5314 1127 5385 antiquiora
1145 5315 1258 5370 habere.
1277 5317 1348 5371 Cum
1361 5323 1455 5372 autem
1468 5334 1566 5372 omncs
1576 5319 1692 5388 hujusce
1701 5316 1763 5369 vita

151 5392 232 5448 eilliba
258 5396 454 5464 inflammeris,
491 5416 580 5471 eoque
603 5400 717 5455 nomine
740 5401 924 5471 discrucieris,
968 5420 1012 5458 rea
1027 5410 1056 5459 et
1067 5405 1240 5476 corruptioni
1255 5404 1382 5460 obnoxias
1400 5407 1457 5462 sint
1478 5408 1544 5476 (lob.
1559 5412 1623 5470 xrvt,
1639 5412 1668 5461 et
1686 5405 1762 5459 inso-

144 5482 208 5542 quod
221 5490 300 5541 tanta
313 5485 389 5542 bona
401 5488 535 5544 divinitus
555 5491 608 5545 sim
623 5491 808 5547 consecutus?
820 5493 855 5548 Et
865 5493 928 5565 quis
968 5492 1039 5546 mnii
1052 5498 1137 5564 atque
1152 5493 1258 5548 umbrae
1278 5495 1368 5550 instar
1382 5501 1551 5567 praetereant
1568 5513 1600 5551 ac
1617 5496 1763 5549 deleantur

142 5568 254 5640 unquam
267 5577 408 5648 paterlllii
423 5578 554 5635 felicitate
569 5580 663 5637 dolere
677 5585 761 5656 atque
771 5583 837 5652 augi
853 5583 929 5637 visus
969 5584 1051 5654 (Psoi.
1069 5588 1177 5654 camir),
1197 5583 1267 5647 adeo
1281 5591 1313 5641 ut
1327 5586 1505 5653 instabilibus
1530 5586 1622 5658 potius
1635 5583 1720 5649 auris,
1734 5591 1762 5643 ct
