3832 6120
143 269 184 332 lib
599 279 684 336 mun
702 279 853 338 SANOTAE
872 279 1047 352 ramula,
1067 281 1294 340 ursmarum.
1712 278 1765 339 cte

146 415 197 459 nen
208 417 293 473 super
319 408 404 474 caput
417 402 549 475 positum,
572 420 624 459 nec
636 422 722 479 super
735 409 873 480 scapulas,
890 411 1234 482 tanminicapostquam
1245 409 1445 480 complevimus
1453 412 1605 465 nocturnas
1611 408 1762 474 orauones,

146 497 222 550 ceums
234 493 445 562 ingemuerunt,
462 499 492 548 et
505 494 586 565 quasi
601 510 618 548 a
632 502 747 568 peccato
760 497 926 569 gravissimo
966 500 1035 556 dicit
1058 500 1152 555 adme
1167 504 1281 554 sanctus
1303 500 1421 555 Nonnus
1436 499 1599 571 episcopus:
1613 497 1676 553 Tibi
1689 498 1764 564 dico,

146 586 287 639 arermrunt
299 581 384 636 facies
399 598 473 637 suas.
966 590 1055 646 irater
1067 590 1193 655 diacone,
1210 588 1266 643 vidi
1282 589 1423 644 somnium
1438 594 1467 643 et
1479 588 1590 645 fortiter
1599 587 1761 653 conturbor,

174 670 526 727 cn.111.-Beatissimus
539 679 635 729 autern
644 676 762 731 Nonnus
775 678 926 733 intentissi·
966 694 1001 737 en
1015 680 1089 751 quod
1099 696 1155 734 non
1175 694 1288 750 possum
1300 678 1457 733 discernere
1472 678 1609 743 illudQui
1620 694 1685 731 mor
1694 677 1764 732 dicit

148 777 242 820 meeum
252 760 339 814 etdiu
350 760 527 832 respiciebat,
543 762 583 816 ita
598 767 632 819 ut
642 770 926 837 posteaquamtrans·
966 770 1002 823 ad
1016 786 1061 823 me
1080 769 1180 824 vidisse
1195 786 1225 823 se
1240 768 1269 822 in
1284 768 1400 834 somnis,
1418 768 1556 838 quomodo
1572 767 1607 823 ad
1622 783 1710 822 cornu
1725 766 1765 820 ul-

147 855 208 913 inst
217 850 373 904 intueretur
380 857 408 904 et
418 850 571 922 respiceret
580 868 652 907 eam.
665 854 700 908 Et
713 861 811 925 postea
824 858 925 913 avertit
965 860 1035 914 teris
1050 864 1139 913 staret
1150 858 1232 928 nigra
1246 856 1385 922 columba,
1404 857 1499 911 multis
1513 856 1641 912 sordibus
1654 856 1764 911 insolu-

148 941 225 997 lscieni
238 955 329 1004 suam,
349 937 444 994 dicens
458 940 494 993 ad
505 940 742 998 circumsedentes
760 946 922 1018 episcopos:
964 954 1003 1014 ta,
1020 965 1083 1019 que
1097 946 1315 1002 circumvolabat
1325 952 1416 1011 me,et
1427 947 1544 1001 fetorem
1557 962 1589 1000 ac
1604 947 1764 1016 squalorem

148 1032 243 1086 l'osnon
250 1027 381 1082 delectati
389 1028 456 1083 estis
468 1034 548 1084 tanta
558 1029 766 1101 pulchritudine
778 1036 924 1105 ejusllllis
964 1038 1090 1093 sordium
1104 1039 1166 1108 ejus
1179 1036 1253 1091 ferre
1269 1052 1325 1091 non
1340 1035 1479 1090 valebam.
1496 1035 1548 1091 Illa
1564 1052 1630 1090 sero
1644 1035 1763 1090 circurn-

148 1136 200 1176 rerc
211 1117 524 1189 nihili-espondentibuS,
532 1119 627 1190 posuit
635 1121 924 1196 saciemsupergenua
964 1127 1043 1182 stetit
1056 1143 1112 1192 rne,
1124 1126 1213 1180 donec
1225 1125 1342 1179 dimissa
1349 1130 1392 1179 est
1402 1124 1491 1179 oratio
1498 1125 1763 1179 catechumenorum

149 1224 197 1272 sna,
207 1214 230 1262 st
241 1206 372 1261 manuale
385 1213 513 1261 sanctum
527 1208 602 1279 qucd
616 1210 732 1266 tenebat
745 1211 852 1275 sanctis
865 1231 924 1269 ma·
964 1216 1013 1286 (8).
1040 1216 1193 1286 Postquain
1208 1231 1273 1269 vero
1286 1213 1469 1286 proclamavit
1483 1213 1617 1270 diaconus
1631 1214 1762 1269 ratechis

150 1298 213 1353 nibus
224 1296 287 1363 suis,
304 1302 334 1350 et
347 1297 387 1352 sic
405 1312 517 1351 ornnem
536 1297 630 1353 sinum
654 1315 737 1355 suum
749 1303 867 1374 replevit
880 1305 922 1359 la·
964 1302 1054 1358 menis
1073 1321 1079 1356 :
1098 1301 1253 1367 Procedite,
1270 1300 1366 1355 suatim
1386 1316 1527 1371 nusquam
1546 1299 1712 1371 comparuit.
1727 1300 1764 1354 Et

150 1386 238 1460 nynia,
250 1391 280 1441 et
294 1385 440 1458 suspirans
449 1387 585 1459 grauiter,
602 1386 675 1443 dixit
691 1390 794 1447 iterum
810 1393 846 1447 ad
860 1394 921 1465 epi·
963 1398 1027 1463 post
1046 1391 1160 1446 missam
1182 1391 1292 1445 fidelem
1318 1394 1347 1443 st
1371 1389 1586 1461 completionem
1602 1388 1760 1452 oblationis,

149 1476 305 1548 scopos2Ncn
314 1472 447 1531 delectati
454 1475 521 1531 estis
532 1481 613 1533 tantu
619 1476 829 1550 pulchritudine
839 1483 921 1553 ejus't
962 1498 1026 1538 cum
1040 1480 1158 1536 dimissa
1173 1486 1247 1535 esset
1261 1478 1388 1545 ecclesia,
1405 1478 1567 1550 egrediente
1577 1496 1623 1533 me
1641 1477 1761 1533 limitem

151 1565 257 1622 lllisrere
270 1564 341 1619 nibil
355 1565 602 1636 respondentibus:
614 1567 695 1633 Vere,
711 1568 760 1635 ait,
776 1587 827 1641 ego
841 1572 920 1627 valde
961 1570 1130 1636 domusllei,
1141 1569 1218 1624 venit
1230 1568 1322 1624 denuo
1337 1569 1398 1639 ipsa
1418 1567 1547 1622 columba
1561 1567 1658 1623 multis
1672 1566 1761 1622 sordi·

151 1654 276 1709 delectatus
292 1670 367 1721 sum,
382 1660 413 1711 et
434 1655 541 1727 placuit
556 1655 626 1710 mibi
645 1652 826 1729 pulchritudo
847 1662 918 1732 ejus,
961 1659 1014 1713 bus
1024 1659 1158 1723 insoluta,
1170 1663 1200 1712 et
1210 1657 1314 1713 iterum
1323 1655 1541 1712 circumvolabat
1554 1673 1610 1710 me.
1627 1657 1685 1727 Ego
1696 1672 1762 1712 vero

153 1743 256 1815 quoniam
268 1743 352 1799 istum
362 1742 447 1799 babet
461 1740 538 1801 Deus
554 1729 952 1817 preponereetstatuercinss
962 1749 1114 1804 extendens
1131 1764 1258 1814 nannum,
1278 1745 1450 1817 apprehendi
1472 1762 1545 1813 eam,
1568 1750 1597 1800 et
1612 1745 1716 1816 jactavi
1731 1746 1761 1801 in

153 1837 272 1904 conspectu
280 1833 432 1890 tremendus
441 1840 470 1888 et
476 1834 650 1890 admirabilis
656 1836 731 1891 sedis
737 1854 803 1906 suae,
815 1840 922 1909 J'udica-
962 1839 1106 1905 concham,
1129 1854 1190 1910 quse
1204 1842 1267 1892 erat
1279 1836 1309 1890 in
1321 1836 1394 1891 atrio
1404 1842 1507 1890 sanctae
1520 1834 1658 1903 ecclesiae,
1673 1840 1702 1890 et
1716 1834 1760 1890 di·

153 1929 265 1978 turustsrn
275 1938 326 1977 nos
336 1939 420 1995 quum
427 1923 620 1995 episcopatum
627 1929 764 1982 nostrum.
775 1928 810 1982 Et
818 1929 921 1985 iterum
961 1928 1040 1985 misit
1052 1929 1082 1984 in
1097 1944 1172 2000 aqua
1193 1943 1291 1981 omnes
1307 1926 1403 1980 sordes
1423 1940 1489 1981 suas
1503 1924 1606 1995 quibus
1628 1923 1761 1980 obvoluta

154 2011 388 2084 diritsdepiscopcs
400 2031 406 2067 :
419 2013 491 2078 Quid
504 2013 620 2084 putatis,
633 2014 816 2086 dilectissimi,
834 2035 922 2090 quan·
962 2024 1033 2085 erat,
1049 2023 1078 2073 et
1092 2014 1219 2072 ascendit
1231 2015 1265 2069 de
1279 2030 1353 2086 aqua
1362 2012 1483 2071 candidu
1493 2013 1567 2070 siem
1577 2013 1640 2069 nix:
1657 2029 1720 2085 quae
1732 2016 1762 2067 et

112 2124 115 2128 ·
154 2102 263 2157 tssboras
278 2102 343 2157 iecit
357 2102 387 2157 in
402 2102 529 2159 cubiculo
544 2119 595 2158 sno
617 2104 676 2159 haec
697 2106 808 2174 mulier,
825 2108 921 2164 lavans
962 2111 1068 2175 volans,
1086 2108 1116 2161 in
1130 2105 1269 2162 excelsum
1284 2103 1435 2170 terebatur,
1451 2103 1608 2159 etcninino
1623 2101 1657 2156 ab
1673 2102 1760 2157 oculis

154 2196 174 2244 et
182 2207 332 2263 componens
349 2207 390 2257 se,
407 2207 470 2247 cum
492 2192 569 2248 omni
581 2192 769 2250 sollicitudine
784 2197 872 2252 animi
892 2203 922 2253 et
964 2200 1033 2256 meis
1059 2196 1171 2253 sublata
1191 2200 1242 2250 est.
1263 2195 1335 2250 Cum
1362 2210 1430 2264 ergo
1453 2197 1597 2247 narrasset
1617 2191 1761 2247 somnium

154 2280 277 2336 mentone
295 2281 331 2336 ad
350 2282 540 2353 spectaculum
559 2299 662 2338 ornans
675 2300 714 2351 se,
732 2291 764 2340 ut
783 2288 921 2359 corporali
962 2294 1075 2345 sanctus
1089 2286 1141 2342 Dei
1155 2287 1274 2341 Nonnus
1286 2283 1442 2355 episcopus,
1458 2281 1644 2354 apprehendit
1652 2297 1713 2336 me:
1732 2285 1762 2337 et

154 2370 324 2439 pulchritudini
334 2371 482 2427 otomatui
496 2371 568 2427 nihil
581 2372 699 2441 deesset,
715 2380 854 2446 quatenus
864 2394 922 2432 om·
962 2376 1139 2451 persenimus
1160 2374 1197 2429 ad
1222 2373 1360 2443 majorem
1379 2370 1525 2427 ecclesiam
1557 2386 1621 2425 cum
1652 2368 1761 2425 caeteris

154 2458 212 2515 uibus
222 2462 348 2533 placeret,
365 2478 400 2516 ne
410 2461 501 2533 turpis
511 2461 654 2518 videretur
671 2481 731 2520 esse
741 2466 801 2521 suis
811 2472 921 2523 amate·
962 2467 1110 2540 episcopis,
1122 2470 1152 2520 ct
1164 2461 1348 2519 salutavimus
1356 2461 1518 2533 episcopmn
1531 2458 1662 2515 civitatis.

155 2547 363 2622 ribus,quibodie
376 2556 455 2618 sunt,
467 2556 496 2606 et
507 2552 629 2608 crastino
640 2569 697 2609 non
711 2555 795 2610 sunt?
810 2557 882 2628 Ergo
893 2563 921 2612 et
998 2559 1065 2613 Gne.
1080 2556 1128 2610 ul.
1150 2580 1180 2593 -
1195 2553 1231 2607 Et
1244 2551 1416 2623 ingrediens,
1432 2566 1545 2606 omnem
1560 2549 1696 2621 populum
1711 2565 1758 2605 ee-

154 2653 189 2694 ucs
198 2640 320 2696 babentes
334 2647 444 2712 patrem
455 2640 485 2695 in
500 2642 577 2697 coelis
592 2643 823 2715 omnipotentem,
835 2662 921 2717 spon-
961 2646 1053 2702 clesiae
1077 2646 1206 2700 hortatus
1226 2645 1278 2708 est,
1311 2640 1359 2712 qui
1377 2639 1498 2711 ingressi
1524 2638 1660 2695 sederunt
1676 2654 1762 2712 super

155 2743 197 2783 san
210 2730 400 2798 immortalem,
427 2731 580 2787 donantem
602 2731 674 2787 bene
695 2734 920 2790 custodientibus
961 2737 1077 2792 thronos
1088 2750 1168 2804 suos,
1180 2736 1281 2802 etpost
1294 2746 1408 2785 omnem
1421 2728 1585 2785 canonicam
1600 2727 1762 2785 celebratio·

153 2819 401 2892 promissionesque
414 2820 520 2876 babent
530 2819 641 2876 divitias
654 2822 781 2877 coelestes
797 2833 825 2877 et
836 2828 918 2878 ceter·
960 2842 1026 2881 nem
1040 2824 1081 2879 vel
1095 2822 1244 2878 lectionem
1256 2819 1346 2876 sancti
1356 2819 1511 2891 Evangelii,
1523 2820 1600 2875 idem
1614 2819 1762 2892 episcopus

153 2910 371 2982 supremaque
386 2909 521 2965 aestimari
533 2925 590 2965 non
600 2916 726 2981 possunt,
747 2927 809 2982 quie
823 2914 920 2967 oculus
960 2914 1080 2970 deitatis
1093 2911 1240 2984 porrigens
1257 2914 1387 2964 sanctum
1400 2909 1581 2980 Evangelium
1597 2907 1761 2965 beatissimo

153 3011 193 3051 non
202 2999 268 3066 sidit,
287 3016 338 3055 nec
358 2999 436 3054 auris
446 2999 562 3066 audivit,
575 3015 626 3054 nec
636 2999 666 3054 in
675 3016 724 3055 cor
734 3000 857 3056 hominis
872 3019 918 3057 as·
960 2999 1310 3070 Nonno,lrortabutureum
1320 2997 1444 3054 utrerba
1455 2997 1602 3053 faceretad
1613 3000 1760 3070 populum.

108 3112 114 3125 ·
153 3088 283 3155 cuderunt,
298 3107 361 3161 quse
387 3089 553 3161 preparavit
568 3089 644 3144 Deus
671 3089 851 3160 diligentibus
875 3093 1014 3160 sessQui
1029 3091 1158 3164 aperiens
1172 3106 1202 3144 os
1219 3103 1302 3143 suum
1316 3086 1486 3159 loquebatur
1503 3086 1671 3158 sapientiam
1696 3086 1758 3154 Dei,

154 3173 277 3237 Qudenim
291 3179 373 3251 plura
387 3176 647 3249 loquorihabentcs
660 3179 917 3250 repromissionem,
961 3199 1022 3255 quie
1041 3177 1188 3235 habitabat
1200 3177 1229 3231 in
1244 3193 1287 3243 co,
1304 3175 1439 3247 quoniam
1453 3174 1525 3230 nihil
1538 3175 1758 3247 compositionis,

153 3260 225 3320 taciem
236 3268 310 3323 illam
325 3284 460 3338 magnam
471 3272 500 3322 et
507 3260 692 3338 splendidam,
705 3268 920 3325 etinoestimabi·
960 3269 1206 3343 autpliilosophiae,
1215 3272 1264 3322 aut
1272 3265 1456 3321 indiscretum
1467 3264 1672 3336 alloquebatur,
1689 3264 1760 3320 nihil

154 3350 192 3408 lem
204 3358 287 3428 sponsi
298 3359 406 3414 cultum
418 3357 523 3424 ridere,
543 3357 588 3412 cui
611 3356 764 3413 Cherubim
778 3360 919 3432 respicere
960 3363 989 3417 in
1004 3377 1034 3416 sa
1050 3358 1155 3414 habens
1170 3358 1299 3411 humanae
1314 3360 1422 3410 naturae
1437 3355 1612 3427 superfluum
1630 3372 1636 3407 :
1654 3354 1704 3410 scd
1717 3370 1760 3410 re·

153 3456 193 3498 non
202 3447 303 3515 audent,
319 3464 377 3502 non
387 3463 521 3502 ornamus
531 3463 623 3519 neque
636 3447 808 3519 detergimus
822 3452 918 3506 sordes
960 3451 1053 3524 pietus
1066 3449 1173 3521 Spiritu
1188 3451 1294 3514 sancto,
1309 3444 1482 3516 arguebatet
1492 3444 1689 3501 commonebat
1702 3445 1760 3516 ple-

154 3528 280 3593 demeris
289 3535 438 3593 animabus
451 3537 565 3606 nostris,
572 3537 622 3592 sed
630 3536 799 3596 dimittimus
812 3556 859 3597 eas
872 3557 919 3596 ne·
959 3540 1033 3607 bem,
1049 3537 1235 3594 sincerissime
1249 3537 1368 3608 loquens
1382 3534 1417 3589 de
1430 3534 1526 3590 futuro
1533 3534 1648 3607 judicio,
1665 3540 1692 3590 et
1697 3550 1760 3606 per·

152 3619 368 3699 nuenariacere.
959 3629 1053 3703 petuis
1064 3628 1146 3684 bonis
1161 3643 1223 3699 quse
1243 3624 1368 3696 reposita
1386 3630 1463 3680 sunt.
1479 3624 1587 3680 Cuncta
1599 3639 1667 3695 ergo
1678 3621 1758 3695 plebs

177 3712 228 3770 Gar.
245 3717 290 3774 lV.
308 3745 344 3761 -
359 3717 409 3772 llis
428 3715 557 3773 omnibus
570 3716 661 3786 dictis,
674 3719 860 3790 apprehendit
873 3738 919 3777 me
959 3723 1128 3791 compuncta
1141 3720 1184 3772 cst
1197 3733 1230 3771 er
1243 3719 1339 3783 MS
1350 3712 1452 3780 verbis,
1474 3713 1577 3787 quibus
1593 3714 1702 3769 locutus
1716 3717 1760 3770 est

153 3807 465 3875 ambrosinianum,
475 3806 749 3880 pervenimusquein
764 3809 918 3882 hospitium
959 3826 1011 3884 per
1032 3825 1097 3864 eum
1118 3806 1240 3879 Spiritus
1253 3811 1377 3873 sanctus,
1389 3804 1431 3859 ita
1445 3809 1478 3859 ut
1489 3804 1682 3875 pavimentum
1696 3818 1759 3861 san·

153 3886 351 3952 ubiuobisiuerat
360 3897 543 3952 celluladata.
557 3897 592 3953 Et
604 3897 748 3968 ingressus
758 3897 918 3955 cubiculum
959 3904 1010 3956 ctae
1022 3897 1150 3954 Ecclesiae
1164 3895 1316 3953 inundaret
1325 3893 1421 3967 populi
1435 3892 1579 3967 lacrymis.

153 3987 376 4057 cumputautse
386 3987 417 4042 in
427 3987 866 4059 pavimentum,etiaciemsuurn
882 3991 917 4045 ad
994 3988 1124 4045 cantu.
1148 4018 1181 4028 —-
1197 3984 1407 4042 Gubernaticne
1421 4000 1486 4039 rere
1501 3982 1701 4039 misericordis*
1715 3982 1758 4039 di·

152 4070 243 4144 tham,
254 4076 470 4149 percutiensque
485 4082 582 4149 pectus
596 4092 689 4145 suum,
698 4077 916 4150 lacrymabatur,
959 4077 1029 4133 sinae
1043 4077 1171 4148 contigit,
1186 4081 1219 4132 ut
1245 4075 1406 4131 conveniret
1421 4074 1457 4129 sd
1469 4074 1599 4129 eamdem
1612 4073 1759 4129 ecclesiam

152 4154 219 4219 diens
228 4166 359 4223 :Domine
373 4167 440 4222 Jesu
450 4166 570 4233 Christe,
579 4167 694 4237 ignosce
701 4168 770 4222 mibi
780 4169 919 4239 peccatori
951 4171 989 4221 ct
1001 4166 1135 4222 meretrix
1152 4166 1219 4232 haec,
1235 4164 1271 4219 de
1285 4164 1445 4237 quiefactus
1459 4168 1503 4219 cst
1517 4162 1597 4219 nobis
1608 4179 1715 4231 sermo,
1730 4168 1760 4219 et

152 4249 282 4327 etudigno,
292 4256 450 4329 quiaunius
459 4255 513 4311 diei
522 4261 638 4311 ornatus
649 4257 804 4313 meretricis
819 4276 918 4331 super·
960 4256 1035 4328 quod
1043 4255 1148 4311 mirum
1157 4253 1471 4322 est,cutechumena,cui
1484 4268 1631 4324 nunquam
1641 4251 1759 4307 accessit

151 4341 336 4403 ttcitomatum
346 4346 448 4402 animm
458 4345 625 4411 nientluab
636 4348 714 4401 vultu
723 4347 870 4419 respiciam
881 4351 917 4405 ad
927 4382 952 4442 D
961 4348 1119 4405 sollicitudo
1133 4354 1323 4420 peccatorum,
1337 4364 1389 4403 nec
1406 4346 1557 4419 aliquando
1569 4348 1605 4402 ud
1627 4346 1679 4402 Dei
1694 4363 1758 4403 con-

151 4427 185 4481 iti
198 4441 241 4489 ant
257 4435 361 4507 quibus
374 4433 550 4490 sermonibus
565 4435 705 4506 justificer
717 4437 747 4491 in
768 4445 918 4510 conspectu
961 4438 1083 4495 venisset
1106 4438 1261 4505 ecclesium,
1286 4436 1378 4492 subito
1406 4441 1573 4510 compuncta
1592 4442 1636 4493 cst
1658 4437 1758 4493 timore

150 4518 197 4575 tuci
210 4524 270 4580 Non
285 4525 363 4580 enim
380 4523 525 4580 occultabo
539 4541 587 4579 cor
604 4541 699 4581 meum
713 4531 778 4582 ante
793 4531 829 4595 te,
851 4545 918 4600 quo·
960 4529 1083 4595 Domini,
1091 4545 1154 4583 cum
1169 4531 1302 4598 argueret
1313 4527 1703 4599 sauctusNonnuspopulurn,
1717 4527 1759 4583 ita

149 4605 202 4667 hum
210 4615 344 4688 prospicis
354 4618 462 4670 secreta
472 4631 544 4670 mea.
553 4615 588 4671 Et
602 4632 642 4670 vac
656 4616 727 4671 mihi
741 4619 881 4688 peccatori
890 4624 919 4674 et
962 4625 995 4674 ut
1006 4619 1170 4690 desperaret
1189 4618 1225 4673 dc
1240 4634 1280 4685 sc,
1293 4618 1357 4689 ipsa
1370 4617 1474 4673 mulier
1486 4618 1623 4689 plangens
1640 4616 1759 4673 flumina

147 4691 244 4773 iiligna,
260 4703 395 4777 quoniam
408 4708 474 4758 ante
492 4704 580 4758 altare
595 4708 676 4759 tuum
689 4705 800 4774 assisto,
816 4712 846 4762 et
859 4725 916 4765 non
956 4710 1146 4782 lacrymarum
1159 4708 1303 4776 tundebat,
1317 4724 1368 4763 nec
1378 4707 1435 4763 ullo
1455 4707 1539 4763 modo
1553 4722 1571 4760 a
1585 4707 1653 4762 lietu
1667 4707 1758 4763 cnti-

147 4786 210 4847 ⁰lero
221 4794 366 4866 pulchram
376 4793 499 4848 animuin
516 4793 628 4865 qualern
641 4795 747 4866 expetis
762 4813 780 4851 a
798 4814 853 4853 me.
866 4799 918 4855 Illa
961 4815 1027 4854 nere
1043 4816 1073 4854 se
1087 4804 1207 4871 poterat.
1229 4799 1264 4854 Et
1279 4798 1375 4853 statim
1389 4797 1523 4868 pracepit
1535 4795 1644 4852 duobus
1658 4799 1755 4869 pueris

146 4877 200 4936 tuin
212 4883 341 4955 promisit
356 4884 468 4955 placere
489 4882 661 4951 hominibus,
677 4890 706 4939 et
719 4885 798 4951 socit3
814 4890 842 4943 et
865 4906 917 4960 ego
959 4887 1027 4954 suis,
1039 4887 1151 4943 dicens:
1165 4887 1307 4943 sustincte
1318 4888 1348 4942 in
1367 4886 1419 4941 hoc
1428 4887 1488 4940 loco
1497 4903 1503 4953 ;
1513 4886 1618 4941 ctdum
1629 4902 1759 4959 egressum

143 4975 237 5038 pumici
249 4974 302 5031 tibi
316 4975 438 5047 placere,
451 4980 478 5030 ct
490 4976 625 5031 mentitus
633 4992 696 5031 sum
709 4985 825 5050 propter
834 4981 920 5052 pigri·
959 4977 1045 5033 suerit
1060 4983 1173 5034 sanctus
1182 4978 1302 5033 Nonnus
1311 4977 1467 5049 episcopus,
1480 4975 1639 5047 sequamini
1652 4984 1761 5048 eum,et

142 5057 193 5119 tiam
203 5066 487 5122 meam.Nudussun1
498 5071 556 5120 tam
569 5066 599 5121 in
611 5066 680 5121 coelo
690 5084 776 5139 quarn
792 5068 918 5141 interra,
960 5067 1093 5140 inquirite
1107 5067 1156 5122 ubi
1170 5070 1293 5135 maneat,
1310 5070 1339 5121 ct
1353 5065 1447 5122 uenite
1460 5070 1489 5122 et
1504 5067 1666 5123 renuntiate
1675 5068 1757 5124 mihi.

139 5163 182 5210 ten
192 5157 348 5229 adimplens
357 5162 496 5228 precepta
507 5155 706 5213 mandatorum
716 5162 921 5233 tuorumErgo
961 5157 1045 5213 Pueri
1059 5173 1124 5212 sero
1140 5156 1265 5212 lecerunt
1279 5155 1490 5229 sicutpraecepit
1503 5155 1544 5212 eis
1557 5157 1673 5213 domina
1687 5174 1760 5229 sua;

137 5255 181 5301 mn
193 5253 236 5303 est
249 5245 318 5302 mibi
332 5263 397 5319 spes
412 5246 590 5319 exoperibus
605 5245 696 5315 bonis,
712 5249 761 5304 sed
780 5267 844 5322 spes
855 5268 920 5308 mea
962 5252 990 5302 ct
1004 5252 1152 5319 sequentes
1171 5263 1232 5314 nos,
1248 5251 1386 5303 venerunt
1398 5248 1428 5304 in
1442 5247 1587 5304 basilicam
1602 5247 1758 5305 beatissimi

134 5329 157 5389 in
168 5336 359 5392 misericordia
373 5341 433 5403 tua,
450 5353 505 5409 qua
520 5337 629 5392 confido
644 5338 755 5392 salvari.
771 5338 839 5395 Haec
855 5358 919 5397 vero
959 5339 1093 5411 martyris
1113 5338 1227 5407 tuliani,
1243 5337 1292 5393 ubi
1306 5337 1387 5394 nobis
1410 5339 1566 5412 hospitium
1581 5356 1632 5396 seu
1658 5338 1759 5394 cellula

131 5420 172 5481 ilo
183 5426 304 5496 meente,
328 5431 356 5483 et
375 5427 478 5483 borum
503 5444 589 5483 causa
611 5428 766 5500 plurimum
780 5430 916 5501 ululante,
961 5428 1069 5484 cratEt
1079 5428 1210 5499 regressi,
1235 5433 1381 5496 uenerunt,
1402 5428 1522 5486 dominre
1541 5444 1598 5485 sum
1613 5428 1756 5484 dicentes:

130 5514 221 5572 ecdem
237 5517 284 5573 die
297 5517 482 5576 vehementer
495 5518 566 5575 testa
573 5517 784 5576 celebraiimus.
962 5518 1100 5583 Quoniam
1106 5518 1135 5574 in
1143 5517 1259 5574 basilica
1275 5518 1431 5575 beatissimi
1439 5518 1682 5593 mmtyrisluliani
1696 5532 1758 5572 ma·

144 5596 222 5656 ,Gra
237 5597 273 5659 v,
286 5599 543 5674 -Superreniente
557 5606 653 5661 autem
667 5601 724 5673 die,
737 5619 799 5678 que
811 5608 920 5668 cstDe·
962 5613 1020 5667 net.
1037 5609 1097 5676 Quo
1112 5609 1163 5667 illa
1176 5609 1283 5684 audito,
1305 5611 1402 5670 statim
1418 5609 1577 5671 transmisit
1595 5607 1764 5682 diptychum·
