3818 6120
157 326 209 385 557
336 322 340 327 ’
360 327 446 383 Vl'l'll
464 324 685 382 SANOTORUM
703 325 876 383 RARLAAM
895 286 1064 383 tammam
1084 326 1127 381 ΕΤ
1145 324 1330 383 eoeneum
1349 328 1458 384 lNDlAE
1477 329 1594 387 REGIS.
1745 336 1797 395 tat

157 454 249 509 lucem
266 469 428 508 accurram:
445 451 563 507 fortasse
588 452 664 505 enim
689 452 744 506 mei
765 452 1131 525 miserelsitnr,Aeaposcit.
1160 451 1294 507 Sacerdos
1322 453 1425 526 itaque,
1461 462 1558 528 utpote
1582 458 1675 516 divina
1701 462 1795 533 gratia

155 542 385 614 paenitentiaeque
393 543 511 611 januam
520 540 868 611 mibiimprobnacrebelli
880 559 959 596 servo
1001 541 1111 613 plenus,
1128 541 1272 610 ingentem
1288 542 1381 605 animo
1395 545 1566 616 voluptatem
1583 549 1665 621 cepit,
1675 547 1796 623 eumque

156 631 276 702 aperiet.
292 631 459 701 Quanquam
475 629 547 683 mihi
560 629 621 683 lieri
636 646 693 683 non
713 631 914 700 posseridetur
929 636 960 685 ut
1005 629 1162 694 confestim,
1175 634 1208 683 ut
1224 647 1283 684 mos
1306 629 1422 698 serebat,
1446 650 1496 704 por
1515 636 1573 690 dies
1595 637 1668 693 haud
1692 656 1796 711 paucos

157 727 335 790 peccatorum
352 735 490 783 meorum,
509 734 569 788 quae
585 735 671 772 arena
685 720 816 788 graviora
833 725 909 786 sunt,
931 724 959 774 et
1001 717 1166 772 Christianae
1177 718 1689 791 fiderudimcntisinstitutum,divino
1702 732 1792 796 311

156 825 255 863 eorum
269 826 330 879 qum
340 813 402 862 tum
415 808 505 861 sciens
517 813 578 861 turn
589 808 722 877 ignorans
736 809 904 880 perpetravi,
916 826 959 862 ve·
1001 805 1168 877 baptismate
1181 808 1289 879 perlicit
1303 808 1331 862 in
1346 810 1460 864 nominc
1474 813 1565 867 Patris
1575 820 1604 869 ct
1617 816 1679 870 Filii
1694 822 1724 871 et
1734 817 1797 889 Spi-

160 897 236 953 niam
247 897 400 953 obtineam.
999 895 1071 950 ritus
1081 896 1171 950 sancti
1183 897 1280 962 (illal't'.
1296 900 1371 966 att).
1385 899 1488 954 Mansit
1502 907 1671 958 autemeam
1684 905 1731 959 illo
1744 906 1799 960 Na-

192 987 252 1041 llac
267 987 394 1041 oratione
411 986 516 1051 audita,
531 986 605 1056 regis
619 985 694 1039 filius
709 987 805 1042 statim
822 987 957 1057 exsurgit,
999 985 1074 1049 chor,
1093 991 1228 1056 perpetua
1243 985 1277 1041 ob
1292 1003 1326 1040 ea
1340 994 1454 1059 peccata
1470 1007 1531 1060 quae
1551 999 1728 1062 perpetrarat
1741 1011 1799 1066 poe·

154 1083 242 1148 etque
252 1077 348 1130 animo
360 1076 512 1139 incalescit,
523 1076 706 1146 animumque
717 1076 852 1130 Nachoris
863 1075 898 1130 ad
913 1076 959 1129 de·
1000 1074 1242 1141 nitudineductus,
1254 1076 1401 1148 Deumque
1411 1077 1586 1147 benedicens,
1600 1083 1646 1153 qui
1656 1083 1798 1140 neminem

157 1165 958 1236 sperationempropendentemrecuperareatqueerigere
999 1163 1090 1234 perire
1099 1164 1627 1239 vult,verumomniumresipiscentiam
1641 1178 1792 1243 exspectat,

156 1254 264 1326 incipit.
284 1255 370 1308 Nulla
380 1254 465 1319 enim,
487 1270 503 1307 o
518 1254 639 1316 Necnon
656 1254 757 1324 inquit,
771 1255 849 1308 nulla
863 1254 897 1307 de
908 1254 959 1308 hac
999 1258 1084 1324 atque
1099 1254 1208 1325 eosqui
1224 1255 1417 1326 poenitentiam
1433 1264 1522 1328 agunt
1534 1259 1657 1314 humane
1670 1277 1703 1316 ac
1717 1261 1798 1317 beni-

156 1360 185 1397 re
211 1343 351 1397 dubitatio
375 1343 501 1398 animum
525 1348 605 1397 tuum
625 1343 733 1397 subeat.
755 1343 894 1414 Scriptum
917 1349 959 1397 est
998 1358 1053 1412 gne
1065 1343 1166 1413 excipit
1181 1345 1221 1410 (II
1234 1346 1285 1398 ret.
1300 1359 1331 1399 111
1346 1346 1458 1408 ;Ezeclt.
1475 1358 1565 1418 xviri).

155 1433 220 1488 eain
231 1433 326 1502 (loon.
339 1437 400 1500 vin)
416 1449 497 1503 posse
508 1433 597 1487 Deum
608 1433 693 1486 etiam
714 1449 747 1487 ex
762 1432 805 1486 his
819 1430 959 1503 lapidibus
1037 1431 1094 1488 lieu
1109 1438 1213 1498 autem,
1226 1449 1289 1487 cum
1300 1434 1334 1488 de
1350 1435 1485 1490 Nachoris
1500 1437 1584 1493 rebus
1599 1457 1682 1495 mane
1696 1442 1800 1498 certior

155 1521 277 1576 excitare
288 1521 362 1575 filios
372 1520 591 1585 Abrameuod
602 1521 727 1592 quidem,
739 1527 770 1575 ut
780 1520 959 1592 aiebatpater
1000 1518 1088 1573 iactus
1112 1519 1221 1587 luisset,
1244 1537 1276 1574 ac
1296 1538 1344 1593 spe
1362 1538 1413 1576 sua
1434 1523 1591 1593 excidisset,
1614 1534 1643 1582 et
1661 1537 1798 1602 praeterea

155 1611 298 1677 Barlaam,
310 1610 377 1681 quid
387 1610 463 1664 aliud
475 1616 526 1676 est,
540 1627 624 1681 quam
640 1610 713 1680 quod
727 1611 856 1665 homines
866 1611 959 1683 deplo-
999 1607 1140 1677 sapientes
1160 1625 1224 1662 snos
1245 1626 1277 1662 ac
1300 1608 1415 1664 stolidos
1437 1619 1563 1668 oratores
1590 1616 1798 1690 nullanegotia

155 1706 224 1755 ratae
233 1699 599 1771 improbitatisatqueomni
610 1699 767 1771 iniquitatis
776 1715 880 1770 genere
891 1716 957 1754 con·
999 1702 1146 1765 superatos
1157 1696 1242 1751 fuisse
1252 1699 1483 1769 conspexisset,in
1495 1719 1596 1774 magna
1605 1705 1692 1760 animi
1701 1707 1798 1762 anxie·

155 1789 287 1843 taminati
303 1789 424 1844 salutem
444 1789 576 1860 consequi
590 1789 708 1859 possint.
727 1788 887 1861 Christique
907 1789 956 1843 tilii
998 1784 1241 1853 taterersabatum
1257 1803 1369 1858 eosque,
1382 1805 1444 1843 cum
1455 1807 1553 1861 graves
1564 1793 1797 1864 priuscontume-

153 1877 237 1944 effici,
255 1878 303 1950 qni
315 1895 366 1949 pro
378 1895 549 1933 suasumma
564 1884 593 1933 et
606 1877 761 1932 incredibili
777 1878 952 1932 humanitate
965 1847 987 1907 B
1000 1872 1052 1928 lias
1062 1890 1093 1928 ac
1103 1873 1238 1929 dedecora
1257 1873 1324 1947 ipsis
1339 1875 1489 1946 intulisset,
1505 1898 1537 1936 ac
1551 1884 1701 1939 nonnullos
1710 1885 1797 1940 etiam

154 1967 285 2023 omnibus
296 1985 357 2022 sese
368 1969 405 2022 ad
417 1969 562 2023 meliorem
575 1968 683 2038 frugem
694 1967 894 2038 recipientibus
904 1984 958 2022 coe·
998 1959 1111 2017 bubulis
1126 1964 1218 2018 nervis
1232 1971 1355 2020 all'Ossssffl
1370 1967 1399 2020 ln
1414 1969 1528 2024 m0‘l11m
1545 1970 1704 2041 lflssefflsseli
1721 1974 1797 2047 il‘S0·

154 2058 240 2112 testes
246 2063 342 2128 portas
351 2058 482 2129 patefecit
491 2057 606 2128 lNeque
614 2057 688 2112 enim
701 2056 831 2127 cuiquam
841 2057 955 2112 omnino
998 2067 1119 2123 rumque
1127 2054 1221 2109 oculos
1229 2054 1496 2126 taligineillerisset‚
1509 2061 1721 2134 aseablegarit.
1734 2064 1797 2137 Ipse

153 2146 253 2201 salutis
264 2147 371 2201 aditum
383 2147 532 2217 praeclusit,
547 2163 643 2201 rerum
664 2163 712 2200 cos
727 2163 797 2217 quos
812 2146 953 2200 scelerum
997 2146 1092 2196 autem
1104 2141 1237 2197 falsorum
1248 2143 1365 2198 deorum
1376 2143 1596 2204 imbecillitatem
1607 2151 1742 2207 damnare
1756 2153 1799 2207 ia·

153 2235 272 2308 poenitet
286 2235 459 2291 misericordi
473 2235 569 2290 animo
580 2235 706 2305 suscipit3
720 2234 880 2306 obeamque
891 2252 955 2290 cau·
996 2231 1203 2302 coepit,etiamsi
1209 2231 1314 2304 alioqui
1324 2235 1451 2289 nondum
1460 2236 1496 2290 ad
1504 2237 1708 2299 Christilutam
1714 2242 1798 2313 plene

152 2339 214 2379 sam
229 2325 265 2379 iis
277 2325 327 2395 qui
341 2325 411 2379 hora
422 2325 522 2395 prima,
539 2332 567 2379 ct
580 2325 673 2389 tertia,
690 2329 809 2388 etsexta,
827 2331 855 2379 et
868 2341 952 2389 nona,
996 2336 1028 2374 ac
1042 2320 1163 2391 perfecte
1182 2322 1276 2375 oeulos
1294 2324 1433 2394 ⁰0njicer0
1451 2325 1482 2383 in
1493 2325 1623 2399 ¹balmum
1637 2316 1795 2386 induceret·

152 2425 182 2468 et
194 2414 346 2468 undecima
359 2415 394 2468 ad
415 2414 524 2468 vineam
539 2419 824 2482 accessionesque
847 2430 954 2468 merces
997 2409 1107 2463 Etenim
1120 2410 1207 2464 densa
1222 2411 1350 2481 caliginis
1371 2412 1460 2468 nubes
1481 2410 1535 2486 ipsi
1558 2417 1683 2490 undique
1708 2418 1798 2475 affusa

153 2503 330 2566 attribuitur,
342 2503 578 2575 quemadmodum
589 2502 761 2573 Evangelicis
771 2503 881 2575 scriptis
893 2520 955 2574 pro·
995 2498 1087 2553 cordis
1101 2499 1189 2570 ipsius
1204 2499 1298 2554 oculOS
1318 2500 1410 2555 adhuc
1434 2503 1558 2560 tenebat·
1575 2507 1715 2562 Caelerum
1738 2524 1797 2565 non

153 2591 243 2646 ditum
260 2597 304 2646 est
319 2593 423 2655 ritaret.
439 2595 496 2657 xx).
512 2593 552 2646 Ac
567 2591 684 2662 proinde
699 2591 809 2646 etiamsi
823 2593 858 2646 ad
879 2593 954 2649 hunc
992 2587 1052 2659 jam
1065 2589 1223 2651 sacerdotes
1236 2606 1301 2643 suos
1312 2589 1341 2644 in
1355 2590 1490 2648 honorem
1506 2593 1638 2664 habebat;
1656 2612 1706 2651 nec
1723 2595 1796 2654 testa

152 2698 243 2753 usque
257 2681 332 2735 diem
347 2681 508 2753 inpeccatis
523 2681 712 2747 consenueris,
729 2688 824 2735 tamen
851 2682 875 2736 si
897 2682 953 2735 fer-
996 2682 1025 2730 et
1034 2664 1168 2743 libamina
1179 2678 1337 2733 simulacris
1347 2679 1405 2735 suis
1415 2683 1577 2753 peragebat,
1591 2700 1689 2740 rerum
1701 2686 1797 2742 animo

152 2772 226 2825 renti
242 2771 337 2826 animo
354 2771 478 2834 accedas,
500 2770 598 2825 eadem
620 2788 682 2841 quae
698 2771 717 2824 ii
734 2771 781 2842 qui
806 2772 840 2824 ab
856 2771 952 2825 adole·
995 2765 1024 2820 in
1037 2771 1186 2838 utramque
1201 2774 1309 2837 partem
1321 2769 1469 2825 vacillabat
1481 2791 1487 2826 ε
1501 2772 1567 2827 hinc
1582 2773 1717 2830 nimirum
1733 2776 1798 2831 deo·

152 2861 261 2915 smmi„
285 2867 427 2915 certamen
450 2858 597 2914 subierunt
623 2859 740 2931 praemja
759 2860 948 2931 consequeris,
994 2871 1056 2908 rum
1071 2855 1600 2932 suorumimbecillitatemimprobans,
1613 2863 1797 2920 illincautem

151 2950 217 3005 liaec
232 2955 261 3004 et
275 2951 366 3004 multa
377 2950 434 3003 alia
448 2966 511 3004 cum
521 2949 713 3003 divinissimus
723 2948 834 3019 juvenis
847 2949 881 3003 ad
894 2949 951 3003 Na·
993 2943 1165 3014 Evangelicae
1175 2945 1433 3002 ritaesinceritatem
1444 2950 1796 3026 reformidans,pravaque

150 3039 265 3095 altorem
275 3039 304 3093 in
318 3037 398 3093 malis
409 3040 595 3092 inveteratum
608 3037 643 3092 de
662 3038 827 3108 poenitentia
841 3039 950 3093 locutus
993 3034 1194 3088 consuetudine
1204 3034 1245 3088 ita
1257 3035 1434 3111 constrictae,
1445 3043 1476 3092 ut
1486 3038 1521 3093 ab
1532 3056 1566 3094 ea
1578 3040 1622 3095 trix
1635 3041 1716 3095 avelli
1731 3059 1796 3113 pos·

148 3128 262 3193 suis-„eq¹
279 3128 388 3200 ipsique
402 3128 512 3182 ,eniam
528 3127 733 3199 spopondisset,
751 3127 951 3200 Christumque
993 3127 1044 3176 set.
1055 3122 1198 3194 Siquidem
1210 3126 1730 3199 corporearumvoluptatumservituti
1739 3147 1797 3186 ma·

150 3217 261 3273 facilem
276 3234 308 3272 ac
323 3216 475 3289 propitium
489 3217 542 3288 ipsi
557 3217 615 3270 foro
630 3216 813 3287 promisisset,
826 3216 950 3289 illudque
990 3212 1082 3283 jarem
1096 3211 1124 3265 in
1135 3210 1250 3267 modum
1268 3212 1397 3269 addictus
1408 3215 1478 3284 erat,
1490 3217 1656 3291 vitiosisque
1671 3218 1796 3275 affectio·

150 3324 201 3379 pro
215 3313 293 3362 certo
307 3308 483 3372 allirmasset,
496 3322 559 3360 euin
572 3322 621 3376 pro
636 3323 687 3360 sua
699 3304 825 3359 bonitate
839 3321 950 3377 semper
992 3300 1075 3357 nibus
1089 3317 1203 3373 prorsus
1210 3319 1324 3374 operam
1341 3303 1435 3371 dabat,
1453 3305 1555 3378 captivi
1571 3307 1663 3363 instar
1678 3309 1792 3378 ductus,

148 3396 306 3468 peccatoris
332 3395 526 3468 penitentiam
555 3394 695 3466 suscipere
721 3401 851 3466 paratum
877 3411 948 3461 esse,
992 3395 1077 3461 atque
1092 3389 1197 3461 absque
1212 3391 1285 3457 rino,
1310 3397 1342 3446 ut
1361 3394 1440 3450 lsaiae
1457 3395 1548 3451 verbis
1564 3394 1629 3452 utar
1642 3399 1793 3468 (isaiam),

148 3502 255 3557 efflans
269 3485 357 3556 ipsius
371 3485 505 3551 animam,
520 3490 658 3556 tanquam
669 3483 881 3538 medicamentis
891 3483 951 3554 qui·
992 3477 1096 3541 ebrius,
1113 3484 1141 3533 et
1152 3478 1188 3532 ab
1202 3478 1330 3551 improba
1341 3484 1544 3540 consuetudine
1561 3491 1698 3560 tanquam
1707 3487 1794 3544 trano

148 3574 269 3630 busdam
285 3575 439 3640 emolliens,
450 3574 542 3646 ipsum
554 3590 668 3646 prorsus
678 3573 707 3627 in
717 3573 867 3628 sanitatem
878 3589 952 3628 asse·
992 3568 1114 3640 quedam
1128 3574 1275 3624 retractus·

148 3665 217 3721 mit,
1028 3658 1099 3713 Cum
1112 3657 1200 3728 igitur
1215 3675 1264 3713 rex
1279 3676 1343 3714 cum
1359 3661 1463 3735 duplici
1486 3665 1655 3736 cogitatione
1667 3666 1704 3721 ad
1718 3667 1795 3723 hunc

184 3754 289 3810 Statim
304 3752 425 3810 enimad
441 3769 507 3807 eum
520 3751 632 3807 Nachor
646 3751 731 3807 dixit:
745 3752 787 3805 Tu
801 3751 950 3823 quidemn
992 3745 1107 3801 modum
1140 3748 1304 3816 luctaretur,
1335 3749 1526 3809 nobilissimus
1550 3753 1638 3826 ipsius
1661 3753 1736 3808 illius
1761 3770 1794 3811 ac

147 3843 247 3899 animo
261 3843 347 3898 etiam
363 3858 447 3913 quarn
458 3857 574 3912 corpore
585 3839 713 3906 nobilior,
723 3839 951 3910 quiadmirabili-
993 3852 1056 3890 vere
1070 3836 1148 3907 regio
1164 3837 1257 3892 animo
1277 3840 1421 3910 preditus,
1446 3841 1476 3896 in
1495 3859 1546 3898 suo
1561 3844 1666 3915 palatio
1682 3843 1794 3915 quietus

148 3932 202 3988 bus
211 3932 258 3986 his
272 3931 414 4004 mysteriis
422 3932 556 4003 praeclare
566 3930 691 3985 imbutus
702 3929 784 3996 es,ad
794 3935 949 3985 extremum
992 3924 1120 3996 degebat,
1138 3932 1245 3982 nalum*
1254 3944 1312 3984 ⁸¹1ae
1323 3931 1552 4003 80⁰0r0⁸llfllems
1569 3933 1793 4006 ffl0d0⁸fi³mq¹10

148 4039 241 4094 usque
256 4022 286 4076 in
301 4021 434 4092 praeclara
448 4019 620 4075 consessione
636 4019 718 4073 velim
740 4035 876 4086 titaneos,
898 4035 949 4073 nec
991 4022 1020 4073 et
1034 4020 1220 4075 constantiam
1240 4037 1292 4093 per
1313 4039 1398 4096 opera
1422 4026 1529 4081 cunctis
1549 4026 1704 4083 declarans.
1718 4027 1792 4083 Nam
1841 4029 1851 4043 ’

148 4128 212 4169 mm
227 4117 279 4167 aut
291 4112 381 4166 ullum
404 4116 525 4182 tempus,
543 4115 592 4165 aut
609 4109 682 4164 ullus
694 4108 794 4162 modus
807 4124 822 4162 e
836 4114 885 4163 tuo
899 4125 948 4180 pe·
990 4107 1104 4170 theatra
1118 4113 1289 4181 etequorum
1302 4113 1466 4181 certamina,
1479 4119 1507 4169 et
1519 4116 1699 4173 venationum
1710 4132 1790 4172 exer·

149 4207 226 4257 ctare
240 4201 351 4255 evellet.
368 4201 425 4271 Ego
440 4206 536 4254 autem
551 4199 603 4253 hac
617 4199 679 4270 ipsa
695 4198 765 4252 hora
776 4197 946 4268 proficiscar,
990 4195 1147 4260 citationes,
1168 4203 1197 4250 et
1216 4197 1313 4252 inania
1326 4199 1420 4254 omnia
1429 4201 1562 4270 juvenilis
1576 4203 1667 4259 atatis
1683 4202 1787 4271 studia,

149 4291 313 4345 atsalntem
329 4306 421 4344 meam
432 4305 567 4361 quaeram,
576 4287 806 4359 mihiqueDeum,
819 4302 902 4358 quem
912 4286 947 4340 ad
989 4297 1018 4339 et
1038 4284 1209 4356 imposturas
1228 4285 1329 4357 quibus
1352 4287 1432 4342 stulti
1452 4287 1540 4345 animi
1563 4291 1738 4348 deliniuntur
1760 4297 1789 4346 et

148 4379 220 4435 iram
235 4379 390 4451 provocavi,
403 4377 653 4451 perpoenitentiam
669 4375 822 4447 propitium
838 4392 870 4430 ac
883 4375 947 4430 faci·
988 4373 1160 4442 inescantur,
1168 4373 1248 4429 nihili
1261 4374 1374 4430 omnino
1385 4376 1514 4447 ducebat3
1525 4396 1622 4436 verum
1631 4398 1664 4437 ex
1681 4379 1787 4436 Christi

150 4468 203 4525 lam
215 4468 343 4524 reddam.
359 4470 422 4523 Non
433 4468 508 4524 enim
523 4466 649 4539 posthac,
668 4465 723 4519 nisi
737 4464 789 4519 tibi
808 4464 890 4519 aliter
904 4464 977 4553 riq)
988 4463 1128 4518 mandatis
1138 4462 1252 4519 omnino
1263 4464 1412 4535 pendebat,
1425 4483 1459 4523 ac
1469 4467 1562 4524 divino
1573 4487 1669 4526 amore
1678 4469 1787 4526 saucia-

149 4554 946 4631 daatur,regisiaciemconspioiam.lngentiautemanimi
988 4559 1043 4614 tus,
1057 4569 1122 4608 eum
1132 4550 1289 4625 expetebat,
1307 4554 1355 4626 qui
1370 4572 1434 4612 vere
1454 4559 1626 4630 expetendus
1640 4565 1693 4629 est,
1708 4563 1786 4614 totus

150 4646 247 4703 ladas
256 4648 371 4703 effectus
381 4647 456 4718 regis
465 4645 638 4716 lllius‚atque
652 4643 726 4698 liunc
741 4659 899 4705 sermonem
911 4643 945 4697 li·
987 4641 1079 4696 suavis
1093 4659 1125 4696 ac
1139 4648 1215 4697 totus
1230 4642 1424 4700 desiderabilis
1434 4646 1525 4715 (dont.
1539 4651 1575 4719 v),
1591 4651 1783 4725 atquehujus·

149 4734 248 4793 tenter
254 4737 405 4808 excipiens,
416 4732 712 4806 ipsumeomplectitur
721 4738 750 4788 et
759 4733 943 4799 exosculatur,
986 4730 1073 4797 modi,
1085 4736 1118 4785 ut
1132 4731 1191 4786 sine
1204 4732 1263 4787 ulla
1272 4733 1421 4790 saturitate
1435 4742 1622 4808 exspectatur.

148 4825 319 4898 ementisque
334 4823 371 4880 ad
389 4824 479 4880 Deum
490 4823 561 4879 tusis
581 4820 720 4897 precibus,
732 4837 797 4876 eum
811 4837 827 4876 e
840 4820 945 4892 palatio
1022 4820 1054 4875 In
1069 4820 1235 4875 memoriam
1262 4827 1358 4878 autem
1375 4823 1488 4881 rediens
1506 4826 1634 4900 magistri
1655 4832 1699 4887 sai
1715 4833 1785 4891 Bar·

117 4948 132 4955 -
148 4912 262 4970 emittit.
987 4909 1160 4993 memetque
1169 4910 1255 4982 ipsius
1265 4911 1357 4967 vitam·
1372 4912 1425 4968 sibi
1435 4916 1603 4973 anteoculos
1612 4936 1783 4995 proponens,

183 5003 321 5075 Egressus
342 5000 580 5075 autemllacbor,
605 5001 700 5056 animo
714 5006 898 5072 compunctus
915 5000 944 5054 in
986 4998 1075 5072 ipsius
1089 5017 1186 5075 amore
1199 4999 1324 5057 animum
1335 5018 1417 5056 suum
1433 5003 1586 5062 demulceri
1599 5010 1784 5082 sentiebat‚ac

147 5091 344 5149 humamanam
352 5090 533 5148 solitudinem
544 5091 616 5147 cervi
627 5092 716 5147 instar
726 5089 944 5162 prosiliit,ntque
986 5105 1108 5162 quonam
1117 5094 1198 5161 pacto
1208 5088 1421 5161 ipsumvideret,
1435 5110 1545 5153 summo
1555 5099 1780 5173 studiocurabat;
1852 5126 1856 5133 ·

147 5181 176 5238 in
188 5182 319 5239 monachi
327 5181 486 5257 ,cujusdam
500 5178 704 5254 quisacerdotii
715 5178 852 5254 dignitate
864 5195 945 5234 orna·
985 5183 1070 5251 atque
1090 5177 1177 5250 ipsius
1199 5194 1343 5235 sermones
1362 5179 1423 5236 sine
1440 5182 1498 5238 ulla
1521 5184 1730 5247 intermissione
1751 5193 1781 5250 ia

147 5275 193 5327 tas
206 5277 278 5337 erat,
298 5271 460 5343 speluncam
472 5287 502 5326 se
522 5270 630 5327 confert
645 5270 674 5324 in
694 5258 750 5341 qua
766 5268 811 5324 ille
829 5272 945 5340 propter
985 5266 1067 5324 corde
1091 5282 1141 5322 suo
1156 5266 1363 5343 circumferens,
1380 5285 1441 5325 erat
1454 5276 1589 5346 tanquam
1603 5277 1688 5335 arbor
1701 5297 1781 5338 secus

146 5358 341 5417 imminentem
352 5367 458 5416 metum
473 5359 662 5417 delitescebat.
675 5359 767 5430 Atque
775 5364 840 5413 ante
851 5357 944 5431 ipsum
985 5373 1122 5428 aquarum
1138 5340 1414 5429 decursusplantata,
1423 5365 1781 5440 perpetuoqueirrigata,ac

146 5448 350 5507 ferventissimo
360 5455 472 5522 pectore
486 5448 565 5509 hini
572 5465 634 5525 sese
645 5447 790 5521 provolvit,
800 5446 943 5520 ipsiusque
989 5445 1170 5518 tempestivos
1190 5447 1304 5502 domino
1324 5448 1431 5505 fructus
1445 5450 1575 5511 afferens.
1591 5456 1693 5513 Multas
1708 5459 1784 5514 enim

145 5539 240 5612 podem
252 5540 342 5597 inster
355 5538 483 5595 videlicet
497 5539 598 5596 veteris
611 5537 687 5595 illius
696 5536 849 5594 meretricis
859 5538 944 5609 (Loca
985 5536 1099 5592 animas
1116 5534 1220 5592 diaboli
1235 5535 1343 5610 laqueis
1357 5538 1470 5613 eripuit,
1482 5541 1648 5618 Christoque
1660 5551 1785 5604 serratas

146 5629 197 5685 ml
233 5629 242 5656 ¹
395 5626 547 5700 pertundit,
568 5644 601 5683 ac
623 5627 749 5684 divinum
771 5623 943 5698 baptismum
985 5623 1100 5692 obtulit,
1114 5623 1254 5696 siquidem
1276 5626 1357 5683 malti
1373 5626 1408 5684 ad
1427 5644 1492 5687 eum
1518 5647 1579 5690 sose
1596 5630 1781 5706 conferentes,
