3818 6120
127 318 186 380 2⁸³
215 342 220 349 ·
512 319 599 377 vira
617 318 746 376 senon
766 318 944 376 Pnouolssl
963 318 1115 377 nestris
1134 318 1393 382 Tnemnsssts
1715 322 1767 383 tot

128 448 266 504 auderem
279 462 373 517 agere,
389 451 422 501 ut
435 461 531 501 meum
541 450 638 502 contra
648 460 694 500 me
702 446 854 501 Dominum
869 461 931 516 pro·
940 445 1063 513 Asciens
1077 446 1226 518 indignum
1240 449 1289 503 tali
1302 466 1428 517 munere,
1444 449 1554 504 diverso
1570 449 1653 504 modo
1667 465 1702 503 ne
1716 451 1769 505 hoe

127 552 234 591 vocum
240 537 392 602 irritarem,
404 535 452 606 qui
463 535 609 590 manifeste
616 535 773 589 testaturin
782 535 930 604 Evangelio
971 535 1064 606 ipsum
1078 537 1160 591 lieret
1167 537 1322 593 differebat.
1331 539 1366 593 Et
1372 554 1434 593 cum
1443 539 1564 610 amplius
1573 539 1769 610 importunita-

127 626 242 681 dicens:
259 624 400 689 Quamdiu
413 621 518 678 fecistis
532 624 581 678 uni
602 640 635 678 ex
649 624 774 678 minimis
795 623 930 678 iratribus
971 630 1029 679 tem
1044 627 1105 696 eJus
1119 625 1192 679 serre
1206 643 1263 681 non
1275 633 1378 697 posset,
1394 629 1471 682 venit
1481 629 1652 682 adsenctum
1666 629 1770 683 Pacho·

131 715 216 781 meis,
227 714 407 768 mihilecirtis
416 714 522 784 (Mettis
532 718 597 782 xxv)
608 713 730 784 lAccipe
740 713 836 784 itaque
850 713 931 767 satis·
957 700 1060 790 mium
1070 721 1170 769 cuncta
1184 732 1245 786 quar
1256 716 1360 785 negotii
1375 722 1456 771 erant
1466 717 1556 772 eidem
1564 717 1698 789 pandens,
1711 732 1770 773 cere

129 803 284 857 &fiunem
298 817 402 868 meam,
415 796 583 856 venentius
598 806 687 872 peter,
701 800 837 871 quianon
855 801 932 855 velut
970 807 1018 857 tus
1033 804 1107 875 quod
1117 804 1177 874 ipse
1189 805 1266 858 solus
1285 806 1479 860 contentiones
1496 806 1658 876 hujusmodi
1673 811 1768 878 posset

129 892 225 947 vitans
238 896 323 962 atque
330 905 467 962 spernens
476 906 524 944 eos
533 890 582 961 qui
596 891 650 943 huc
659 891 783 955 veniunt,
799 890 931 961 hocquod
971 891 1124 946 absolvere.
1141 893 1195 957 Qui
1206 910 1268 947 cum
1281 910 1394 947 causam
1409 895 1522 965 ponitus
1534 895 1718 964 cognovisset,
1729 897 1770 949 eit

129 978 236 1036 essens
249 979 320 1033 t'acio
333 996 340 1032 ι
356 980 405 1033 sed
421 979 487 1050 quia
500 978 529 1032 in
540 978 667 1032 coenobio
685 980 931 1050 congregationem
972 980 1136 1052 presbytero
1149 1001 1154 1035 ε
1170 983 1269 1037 Nonne
1281 982 1316 1036 ad
1331 984 1383 1037 lioc
1393 984 1502 1050 venisti,
1513 988 1546 1038 ut
1555 999 1771 1055 permecognm

130 1068 254 1139 suscepi,
270 1067 406 1138 plurimos
420 1067 469 1138 qui
478 1083 569 1138 nuper
581 1067 707 1121 conversi
717 1073 792 1133 sunt,
804 1074 830 1121 et
843 1068 933 1121 diver·
973 1085 1064 1123 scores
1079 1070 1190 1124 Domini
1206 1072 1396 1125 voluntatem?
1411 1072 1483 1127 liudi
1498 1088 1565 1142 ergo
1579 1088 1633 1138 me,
1657 1079 1685 1127 et
1698 1073 1734 1126 du
1743 1073 1770 1127 el

130 1173 179 1213 sos
193 1172 293 1212 eorum
308 1172 402 1211 mores
416 1172 478 1211 esse
495 1172 642 1226 cognosco.
660 1157 815 1211 Nonnullos
837 1163 933 1210 autem
974 1158 1047 1229 quod
1062 1159 1194 1229 postulat,
1207 1160 1276 1213 nihil
1289 1161 1316 1213 in
1331 1161 1384 1215 hac
1398 1166 1478 1231 parte
1487 1161 1647 1232 desperans.
1661 1162 1771 1216 Fortas-

131 1247 197 1302 novi
214 1246 355 1301 intantum
369 1246 458 1317 ipsius
473 1246 693 1300 conversationis
703 1247 825 1316 ignaros,
835 1252 868 1299 ut
881 1261 933 1299 nec
973 1247 1011 1301 sis
1025 1248 1101 1301 enim
1112 1265 1162 1318 per
1172 1249 1224 1303 hoe
1236 1250 1358 1304 olllcium
1374 1249 1540 1304 liberabitur
1554 1250 1649 1303 anima
1661 1250 1770 1320 ejusde

131 1336 337 1391 monachorum
347 1334 475 1389 habitum
485 1334 623 1389 noverint.
633 1335 711 1389 lnter
720 1350 790 1405 quos
797 1339 864 1388 sunt
872 1349 934 1405 par·
973 1336 1133 1407 captivitate
1147 1337 1261 1392 diaboli.
1279 1339 1357 1409 Saepe
1367 1354 1489 1409 nemque
1499 1339 1636 1409 contingit
1645 1342 1677 1393 ut
1686 1340 1770 1393 homo

130 1424 200 1490 suli,
212 1429 296 1478 tanta
305 1423 485 1494 simplicitate
494 1424 627 1489 viventes,
641 1423 933 1478 utnecdextermnva·
974 1426 1065 1479 malus
1073 1426 1189 1480 allectus
1198 1424 1351 1491 beneficiis,
1359 1427 1392 1481 ad
1399 1427 1487 1481 botros
1494 1444 1523 1482 se
1530 1428 1656 1483 conterat
1665 1442 1769 1482 mores.

132 1514 213 1569 leant
226 1513 309 1575 scire,
326 1528 416 1582 neque
433 1513 587 1566 sinistram.
616 1512 722 1568 Idcirco
745 1512 850 1566 credidi
872 1528 932 1566 esse
974 1513 1771 1587 Desideriumnamquemeliorumpiumnovitingenerare

129 1602 318 1663 commodius,
331 1605 364 1655 ut
377 1601 604 1671 supervenientes
617 1601 718 1655 iratres
733 1617 860 1655 seorsum
874 1617 933 1655 sus·
973 1603 1157 1674 propositum,
1172 1604 1216 1658 his
1226 1603 1528 1667 duntaxatanimabus,
1539 1620 1601 1677 quie
1614 1622 1670 1660 non
1680 1620 1771 1677 usque

130 1692 305 1763 ciperentur,
322 1690 467 1743 inhonore
481 1690 604 1743 maximo
620 1691 776 1745 coristituti.
791 1690 862 1744 Hinc
870 1706 937 1759 eigo
946 1688 1042 1747 Badeo
1058 1685 1362 1764 negligentiae'torpore
1372 1694 1511 1765 prolapsa
1522 1699 1598 1759 sunt,
1615 1698 1647 1748 ut
1661 1694 1771 1764 possint

129 1796 187 1835 non
200 1779 311 1834 restim
326 1777 451 1849 patribus
465 1778 509 1832 vel
524 1778 658 1833 iratribus
669 1780 718 1850 qui
733 1779 768 1832 ad
780 1794 831 1832 nos
845 1779 933 1832 ‹liver—
974 1780 1086 1835 studere
1096 1780 1246 1836 virtutibus
1268 1783 1326 1836 Nos
1337 1798 1412 1851 ergo,
1423 1783 1667 1853 iratei·,hocagere
1678 1783 1768 1850 decet,

129 1875 205 1934 tunt,
222 1868 310 1922 ullam
325 1867 525 1922 contumeliam
540 1867 611 1931 lieri,
627 1867 675 1921 sed
695 1869 785 1938 magis
809 1867 932 1921 debitam
974 1870 1048 1940 quod
1058 1871 1116 1923 Deo
1125 1871 1233 1941 placeat
1255 1870 1299 1924 Sic
1307 1870 1381 1924 enim
1391 1870 1503 1924 dilectio
1511 1872 1572 1941 ejus
1583 1870 1610 1924 in
1619 1870 1700 1925 nobis
1710 1886 1770 1925 esse

130 1957 319 2011 reverentiam
343 1956 534 2010 commodari:
555 1957 712 2027 presertim
735 1974 799 2012 cum
819 1956 933 2011 statutis
974 1957 1148 2029 probabitur,
1160 1960 1184 2013 si
1192 1959 1399 2030 compatiamur
1408 1959 1771 2030 alter·utrmn.Hocaccepto

129 2046 257 2100 meisad
272 2044 445 2100 reddendum
461 2044 606 2099 nobiscum
621 2047 679 2101 Deo
692 2053 821 2102 votasua
837 2061 934 2100 conve-
973 2062 1117 2119 responso,
1132 2047 1227 2101 senior
1238 2047 1305 2102 iecit
1316 2048 1390 2119 quod
1403 2047 1455 2101 sibi
1469 2047 1562 2101 iuerat
1584 2048 1769 2118 imperatum.
1830 2082 1858 2123 ·.

132 2134 226 2199 niam,
241 2138 350 2205 etpost
363 2136 416 2190 lroc
428 2135 531 2206 singuli
547 2135 801 2191 adlocadestinata
815 2150 932 2190 concur·
975 2137 1028 2191 Sed
1038 2136 1124 2190 irater
1138 2136 1184 2190 ille
1199 2137 1255 2190 voti
1267 2152 1380 2207 compos
1393 2137 1517 2203 ellectus,
1534 2136 1569 2191 ad
1588 2136 1702 2191 beatum
1717 2136 1772 2190 Pa·

131 2232 208 2285 rent,
219 2223 310 2295 quieti
319 2240 434 2294 operam
444 2224 553 2289 dantes,
568 2240 613 2278 me
619 2224 773 2279 secundum
781 2225 869 2280 Deum
881 2226 934 2279 sol·
975 2224 1116 2280 chomium
1127 2241 1254 2279 reversus
1262 2229 1313 2289 est,
1323 2227 1383 2295 jam
1391 2224 1773 2296 montesalviiusatquecom·

133 2312 239 2367 licitim
254 2312 351 2366 usibus
373 2317 459 2377 {m
476 2328 574 2367 eorum
585 2314 745 2368 necessaria
759 2315 932 2385 providente.
976 2320 1104 2385 punctus,
1122 2319 1152 2368 et
1168 2314 1270 2368 cadens
1281 2315 1311 2367 in
1326 2314 1434 2381 faciem,
1451 2314 1636 2369 contltebatur
1655 2315 1768 2368 dicens:

135 2402 202 2457 ilaec
216 2400 337 2455 audiens
352 2401 483 2472 prefatus
494 2402 650 2473 presbyter,
671 2403 747 2456 omni
763 2418 829 2458 eum
852 2404 935 2457 laude
975 2402 1096 2457 Ohomo
1111 2404 1171 2468 Dei,
1188 2405 1309 2458 multum
1322 2405 1490 2459 sublimatus
1499 2420 1530 2459 es
1544 2421 1561 2458 a
1573 2405 1640 2465 Deo,
1654 2403 1701 2475 qui
1717 2402 1772 2457 dis-

133 2490 336 2561 dignissimum
349 2490 550 2561 comprobavit,
573 2496 650 2545 certo
670 2504 840 2561 cognoscens
861 2492 936 2563 quod
976 2508 1135 2546 cernensea
1144 2508 1206 2563 quae
1216 2492 1359 2564 pertinent
1369 2493 1652 2559 adsalutem,malum
1660 2493 1688 2545 in
1700 2499 1772 2545 bono

133 2580 291 2635 secundum
306 2580 395 2633 ileum
409 2586 509 2633 cuncta
519 2586 617 2650 ageret
628 2599 634 2645 ς
647 2580 822 2651 multumque
834 2582 938 2635 releva·
977 2580 1077 2634 vicisti.
1095 2581 1124 2635 Si
1138 2598 1204 2651 ergo
1220 2598 1275 2635 non
1290 2581 1390 2636 luisses
1397 2598 1464 2652 erga
1473 2599 1518 2635 me
1533 2581 1610 2635 mitis
1623 2580 1775 2651 atquelon·

135 2674 182 2723 tus
196 2668 290 2723 sancti
310 2667 452 2723 Pachomii
471 2668 671 2735 satisfactione,
699 2670 780 2723 letus
802 2670 938 2724 remeavit
977 2670 1107 2741 ganimis,
1123 2670 1172 2724 sed
1187 2671 1293 2740 aliquid
1307 2670 1336 2724 in
1354 2687 1399 2724 me
1412 2670 1535 2740 rigidum
1551 2670 1723 2740 protulisses,
1739 2667 1775 2722 ab

135 2758 170 2812 ed
186 2757 313 2829 propria.
978 2759 1031 2812 hoc
1040 2759 1186 2813 discedens
1196 2757 1302 2824 habitu,
1313 2760 1395 2813 alico
1403 2774 1517 2830 prorsus
1525 2756 1772 2813 alienusetllcorer.

171 2848 240 2901 Gir.
255 2846 380 2902 XXXIV.
394 2876 427 2887 —
439 2847 540 2901 Mulier
548 2851 643 2901 autem
659 2848 787 2918 quiedam
799 2847 829 2901 in
839 2847 937 2902 eadem
978 2848 1059 2903 Nunc
1072 2853 1166 2903 autern
1176 2848 1338 2903 benedictus
1347 2854 1379 2903 tu
1389 2849 1518 2915 Domino,
1527 2864 1578 2918 per
1587 2863 1670 2919 quem
1680 2847 1776 2901 anima

136 2936 327 3007 'tentyrorum
341 2936 452 2990 civitate
466 2936 626 3007 patiebatur
636 2938 742 2990 lluxum
756 2936 938 3007 sanguiniset
978 2953 1042 2991 mea
1056 2938 1132 2991 salva
1146 2938 1219 2991 lacta
1232 2943 1284 2992 est.
1298 2938 1376 2992 'lunc
1390 2938 1512 2991 allevans
1523 2934 1631 2991 oumde
1644 2942 1775 2990 terrave·

139 3026 193 3080 liae
203 3025 372 3080 infirmitate
383 3026 443 3095 jam
453 3025 559 3096 prolixo
567 3030 693 3097 tempore
705 3023 860 3080 laborabat.
874 3026 939 3080 Haec
978 3025 1113 3080 nembilis
1123 3042 1216 3089 senex,
1228 3026 1395 3080 hortabatur
1403 3026 1510 3088 sedulo,
1521 3025 1644 3079 utvitam
1652 3029 1777 3078 sumeret

138 3115 259 3169 audiens
273 3114 456 3168 Pachomium
470 3112 520 3168 Dei
535 3130 595 3169 esse
615 3115 762 3181 cultorem,
787 3120 969 3185 sanctaquec
980 3131 1133 3185 congruam
1145 3114 1286 3185 dignitati,
1298 3116 1456 3185 nequando
1470 3115 1625 3184 negligens,
1640 3118 1776 3184 perpetua

139 3201 524 3269 conversationemirabilem,
533 3203 648 3274 insuper
656 3210 684 3258 et
691 3204 856 3275 Dionysium
863 3220 939 3275 pres·
979 3205 1009 3258 in
1023 3204 1118 3258 tuturo
1126 3209 1267 3258 tormenta
1274 3203 1400 3259 sentiret.
1416 3204 1449 3257 Et
1459 3203 1600 3257 osculatus
1610 3201 1776 3266 eum‚dimi-

140 3289 273 3362 byterum
289 3291 411 3347 amicum
426 3292 488 3362 ejus
498 3307 559 3346 esse
567 3292 774 3358 charissimum,
784 3299 866 3363 rogat
873 3308 938 3346 eum
979 3293 1060 3348 sitin
1075 3309 1153 3364 pace,
1174 3309 1258 3363 quem
1273 3293 1458 3362 etiamusque
1472 3290 1508 3345 ad
1525 3290 1598 3345 fores
1611 3289 1775 3344 monasterii

140 3386 171 3435 ut
182 3380 227 3434 sni
243 3378 458 3446 mlsereetur‚et
467 3380 548 3451 quasi
562 3397 613 3452 per
620 3382 794 3436 occasionem
809 3397 939 3436 necessa·
980 3387 1143 3453 prosecutus
1157 3387 1210 3436 est.

141 3468 210 3522 iiam
223 3467 260 3522 nd
277 3484 309 3522 se
326 3469 509 3523 Pachomium
521 3476 662 3524 convocet.
673 3470 727 3534 Qui
743 3469 870 3540 precibus
880 3484 939 3524 mu·
1016 3472 1083 3525 Civ.
1098 3472 1220 3525 XXXVI.
1237 3501 1261 3510 -
1277 3470 1375 3524 lldhuc
1390 3476 1484 3524 nutem
1505 3473 1603 3522 sancto
1626 3465 1775 3521 Pachomlo

141 3556 215 3611 lieris
228 3558 329 3622 llexus,
344 3558 396 3612 hoc
416 3574 500 3627 agere
517 3574 573 3612 non
585 3568 721 3613 moratur.
734 3560 804 3613 Cum
814 3576 881 3629 ergo
891 3576 938 3612 ve·
979 3559 1082 3614 ibidem
1097 3565 1200 3626 stante,
1217 3576 1280 3614 occe
1294 3559 1336 3612 vir
1349 3559 1458 3629 alonge
1472 3557 1590 3612 festinus
1605 3556 1727 3622 veniens,
1740 3554 1776 3609 ad

142 3645 227 3699 auset
241 3646 412 3700 Pachomius
421 3647 457 3700 ad
468 3647 624 3711 ecclesiam,
646 3653 675 3702 et
697 3652 761 3718 post
783 3648 938 3702 orationem
980 3650 1041 3719 ejus
1053 3648 1170 3718 vestigia
1183 3649 1363 3719 provolvitur,
1375 3647 1523 3701 obsecrans
1532 3651 1565 3700 ut
1574 3646 1777 3699 tlliamsuama

142 3733 308 3807 Dionysium
322 3735 482 3801 salutasset,
492 3737 573 3806 Juxta
585 3752 650 3790 eum
675 3737 802 3807 protinus
824 3737 935 3792 assedit.
979 3733 1777 3808 demoniovexamn,percnnstigratiameuraredigna-

143 3822 272 3895 itumque
284 3824 470 3894 loquerentur
478 3825 648 3885 adinvicem,
658 3825 939 3880 mulieriiducialldei
979 3830 1067 3880 retur.
1084 3826 1145 3890 Quo
1159 3826 1256 3880 relicto
1274 3842 1331 3898 pne
1344 3825 1451 3880 iuribus
1464 3825 1618 3895 ingressus,
1641 3823 1702 3895 ipse
1720 3821 1777 3876 tale

144 3911 282 3978 roborata,
300 3912 472 3983 credensque
486 3913 589 3968 dicenti
597 3913 722 3968 Christo:
736 3914 859 3979 Conssde,
872 3914 937 3981 illia,
981 3915 1007 3970 ei
1020 3924 1187 3985 responsum
1202 3932 1252 3986 per
1265 3915 1412 3969 ostiarium
1427 3913 1542 3984 dirigit:
1564 3914 1626 3967 Non
1641 3900 1685 3966 est
1697 3910 1778 3965 nobis

144 4000 385 4055 lldestuasalvam
394 4002 613 4073 telecitfflottlr.
624 4007 673 4068 ixl,
688 4009 751 4074 post
760 4008 870 4073 tergum
879 4004 940 4072 ejus
980 4004 1152 4059 consuetudo
1165 4020 1227 4058 cum
1243 4003 1408 4058 mulieribus
1421 4003 1512 4073 loqui;
1524 4002 1572 4056 sed
1587 3999 1778 4071 siquidhabes

145 4088 264 4145 menter
276 4091 405 4156 accessit,
416 4096 445 4145 et
456 4091 606 4157 cucullum,
619 4091 692 4162 quod
703 4091 847 4162 operiebat
857 4096 941 4162 caput
981 4108 1013 4147 ex
1023 4093 1197 4146 vestimentis
1207 4094 1277 4162 ejus,
1295 4093 1375 4146 mitte
1385 4090 1476 4157 nobis,
1484 4090 1557 4161 quod
1568 4090 1597 4144 in
1607 4088 1778 4145 nomineDo-

144 4178 210 4247 ejus,
227 4185 356 4233 tremens
365 4179 475 4249 attigit3
487 4180 640 4251 statimque
652 4186 751 4234 sanata
762 4185 814 4234 est.
831 4178 865 4233 Et
878 4194 940 4249 pro-
981 4180 1050 4235 mlni
1063 4181 1268 4244 benedicentes,
1278 4180 1328 4234 tibi
1339 4181 1466 4251 protinus
1476 4184 1619 4233 remittam
1631 4197 1637 4243 3
1654 4183 1684 4232 et
1692 4177 1779 4231 credi-

144 4266 237 4321 cidens
247 4266 940 4338 inleciemsuam,adoravitDominum,glorilicans
982 4285 1044 4324 mus
1059 4270 1088 4324 in
1104 4271 1215 4325 Christo
1230 4269 1304 4340 quod
1320 4269 1378 4323 silia
1394 4274 1444 4323 tua
1453 4269 1506 4322 isto
1522 4266 1606 4320 modo
1621 4265 1656 4320 ab
1671 4265 1778 4319 inimici

144 4356 723 4428 eiuselementiam,quodtantaperservos
735 4356 942 4411 suosbeneticia
982 4357 1247 4413 libereturincursu.
1265 4358 1392 4428 Cumque
1402 4357 1497 4411 tunica
1506 4356 1706 4427 puellsesencto
1713 4352 1780 4407 iliis·

143 4443 324 4499 credentibus
338 4446 510 4500 contulisset.
524 4448 603 4501 Tunc
613 4451 727 4500 sanctus
735 4446 778 4499 vir
792 4429 974 4517 Dionysiusl)
984 4452 1027 4501 set
1035 4445 1130 4512 allata,
1142 4463 1236 4500 severe
1247 4445 1455 4501 nimisintuitus
1465 4446 1506 4499 ait
1517 4465 1522 4497 :
1534 4446 1596 4498 Non
1604 4447 1648 4497 est
1657 4442 1718 4512 ejus
1727 4442 1780 4495 iste

143 4532 249 4587 mmm
263 4533 398 4600 sentiens,
415 4533 558 4590 benedixit
578 4534 700 4600 mulieri,
717 4538 746 4588 et
762 4534 892 4605 protinus
906 4534 940 4589 ad
983 4535 1108 4590 vestitus.
1125 4536 1291 4590 Affirmante
1305 4552 1370 4590 vero
1386 4541 1465 4606 patre
1479 4538 1564 4603 atque
1582 4530 1693 4585 dicente
1717 4531 1779 4600 ejus

144 4636 195 4676 tua
207 4619 363 4693 repedavit}
984 4640 1053 4689 esse,
1065 4624 1209 4695 respondit
1218 4625 1243 4679 ei
1256 4643 1261 4678 :
1278 4625 1312 4678 Et
1318 4640 1370 4694 ego
1380 4623 1443 4677 novi
1450 4622 1523 4693 quod
1534 4620 1655 4692 ejussit3
1668 4620 1716 4674 sed
1728 4618 1781 4672 vir·

177 4710 248 4766 cnr.
267 4711 377 4765 XXXV.
394 4742 427 4752 -
438 4711 597 4783 Aliquando
608 4728 674 4766 vero
689 4713 841 4766 necessitas
851 4712 943 4783 exegit
983 4713 1132 4784 ginitatem
1147 4729 1227 4767 suam
1240 4714 1298 4767 Deo
1311 4712 1453 4774 dedicans,
1469 4724 1525 4763 non
1540 4708 1660 4762 servavit
1674 4707 1778 4762 sancti·

144 4806 177 4853 ut
187 4798 265 4870 sepis
279 4799 436 4855 munimine
445 4801 648 4855 monasterium
660 4802 819 4868 vallaretur,
843 4801 872 4855 ln
887 4817 943 4871 quo
983 4803 1084 4860 moniae
1098 4802 1269 4874 puritatem:
1285 4806 1399 4872 propter
1411 4800 1464 4853 hoc
1473 4800 1535 4868 ejus
1547 4797 1699 4868 inspiciens
1706 4797 1781 4851 tuni-

142 4904 229 4959 opere
236 4886 429 4943 laborantibus
436 4888 579 4956 iratribus,
592 4890 736 4961 ipselaetus
744 4889 944 4944 serebatmaxi-
984 4896 1090 4957 cam,et
1099 4890 1259 4959 intelligens
1267 4889 1513 4943 castitatemsuam
1524 4885 1780 4941 minimecustodls·

142 4992 222 5031 mum
236 4976 384 5032 auxilium.
984 4995 1024 5044 se,
1040 4995 1096 5033 non
1107 4981 1168 5049 ejus
1177 4994 1239 5031 esse
1246 4982 1366 5032 testatus
1374 4976 1597 5047 sum.Spondeat
1613 4974 1709 5046 itaque
1726 4973 1779 5028 tibi

178 5064 514 5135 Poeteliquantosautem
520 5067 580 5121 dies
588 5069 741 5123 monachus
747 5067 945 5139 quidampres-
984 5068 1014 5123 in
1022 5072 1170 5138 conspectu
1177 5066 1288 5121 Domini
1300 5065 1431 5137 deinceps
1444 5065 1534 5119 vivere
1552 5065 1737 5127 continenter,
1750 5068 1780 5117 et

141 5152 235 5225 byter,
251 5154 406 5209 multorum
415 5156 535 5211 fratrum
545 5164 626 5228 pater
635 5156 765 5223 existens,
782 5156 830 5227 qui
845 5156 944 5210 solitus
985 5155 1183 5228 propitiabitur
1192 5155 1216 5208 ei
1231 5154 1367 5220 Christus,
1380 5170 1534 5225 sanamque
1545 5153 1683 5207 restituet.
1696 5148 1780 5206 Pater

141 5248 207 5297 eret
219 5249 351 5297 sanctum
365 5244 548 5298 Pachomium
562 5244 659 5299 erebro
673 5245 796 5311 visitare,
816 5245 894 5299 venit
907 5245 943 5298 ad
983 5245 1399 5316 igiturindignansetmoerens,
1408 5243 1579 5296 liliamsuam
1589 5245 1780 5312 perscrutatus

141 5346 209 5387 eum
224 5348 290 5386 cum
304 5346 361 5387 uno
376 5332 472 5397 lintre,
490 5338 604 5404 propter
614 5334 824 5388 contentionem
838 5350 900 5404 que
914 5334 943 5387 in
985 5339 1036 5399 est,
1053 5339 1082 5386 ot
1095 5333 1135 5386 sic
1144 5348 1205 5386 esse
1214 5337 1245 5385 ut
1259 5338 1372 5386 sanctus
1383 5331 1548 5385 Pachomius
1561 5330 1670 5383 dixerat
1681 5327 1780 5399 puellae

142 5421 319 5475 monasterio
332 5428 395 5476 ortu
407 5421 509 5488 luerat,
524 5439 556 5477 ex
569 5424 621 5476 hac
643 5423 771 5478 videlicet
790 5439 893 5477 causa:
919 5423 943 5476 is
984 5422 1155 5477 contessione
1167 5421 1305 5491 cognorit.
1321 5422 1389 5485 Quen
1402 5437 1465 5474 cum
1478 5422 1640 5490 jurunrento
1655 5415 1779 5487 pollicita

142 5510 205 5581 ipse
219 5511 316 5571 trater,
333 5510 382 5581 qui
395 5527 460 5565 curn
474 5528 506 5565 eo
517 5517 691 5582 pervenerat,
706 5513 908 5566 molestuserat
918 5511 943 5567 ei
985 5511 1082 5565 luisset
1091 5526 1235 5580 nunquam
1241 5527 1271 5564 se
1279 5510 1347 5565 talia
1358 5526 1457 5580 gerere
1472 5508 1551 5570 velle,
1568 5523 1618 5576 pro
1629 5503 1779 5559 easirbea·

142 5598 277 5667 nimium,
291 5599 440 5655 clenmms
464 5599 629 5656 desiderans
649 5600 816 5675 dignitatem
832 5619 837 5654 :
860 5616 944 5673 quem
984 5605 1031 5655 tue
1040 5598 1160 5655 Domino
1170 5599 1346 5671 supplicavit,
1362 5588 1776 5664 benedicensqueoleummielt.
