3818 6120
154 226 207 287 743
711 229 757 286 DE
776 231 870 288 VlTlS
890 230 1038 288 Ph'l'RUM
1056 234 1163 290 LIBER
1181 235 1232 291 ΙΙΙ.
1741 244 1789 303 744

152 357 251 427 Video,
264 358 355 423 Pater,
369 356 436 428 quia
448 355 502 410 etei
516 353 641 411 laborem
655 354 790 422 sustineo,
804 355 895 410 sentio
908 356 983 416 ta·A
992 354 1062 412 abiit
1079 358 1114 413 ad
1131 363 1260 413 sanctum
1276 355 1407 414 abbatam
1430 358 1579 430 lsidomm,
1598 368 1628 419 et
1647 367 1748 422 retulit
1765 369 1791 424 ei

150 463 216 502 men
229 447 351 501 tractum
361 445 390 500 in
403 461 448 500 me
462 445 596 517 perficere
609 443 725 512 bonum,
737 445 805 516 quia
814 461 865 517 per
874 461 951 501 occa·
991 446 1153 503 violentiam
1167 448 1388 519 impugnationis
1402 466 1460 504 suae
1475 452 1588 522 (Pelea,
1606 453 1701 510 libello
1714 472 1788 525 xnn,

151 535 259 591 sionem
273 534 494 607 impugnationis
506 535 601 606 hujus,
618 538 647 589 et
664 534 786 606 amplius
797 535 905 605 jejuno,
922 540 950 590 et
991 551 1071 591 num.
1097 535 1150 607 12).
1178 537 1305 609 Cumque
1331 538 1367 593 de
1391 538 1543 611 Scripturis
1571 543 1679 598 sanctis
1707 545 1790 603 abbas

150 624 270 695 amplius
284 623 314 678 in
333 623 435 694 vigiliis
449 628 479 678 et
491 623 664 678 orationibus
683 624 782 678 tolero.
799 623 950 680 Verumta·
991 624 1115 680 Isidorus
1128 625 1273 698 proferens
1286 626 1456 693 testimonia,
1466 630 1665 687 consolaretur
1677 650 1752 702 44444,
1763 641 1789 692 41

148 713 360 784 mendeprecor
377 717 416 779 te,
433 717 465 767 ut
479 728 575 768 exores
594 728 644 784 pro
666 728 712 766 4444
727 711 947 768 misericordiam
991 718 1023 768 ut
1048 715 1084 769 ad
1106 715 1235 770 cellulam
1255 731 1336 770 suam
1361 723 1549 774 reverteretur
1573 728 1690 793 rogaret
1715 741 1787 791 eum,

149 801 271 870 Domini,
297 807 330 856 ut
349 802 397 856 det
421 800 491 855 mihi
515 799 656 868 virtutem,
681 807 820 872 quatenus
842 801 947 873 possim
988 802 1079 857 noluit
1088 802 1173 858 abbas
1185 803 1295 875 Moyses
1303 821 1420 875 pergere
1429 807 1601 863 adcellulam
1612 812 1788 869 suam'l'uuc

147 891 287 946 sustinere
299 896 328 945 et
340 895 448 945 certare
469 890 608 961 legitime.
626 890 704 945 Tunc
722 889 817 944 senior
834 896 948 946 sanctus
988 890 1075 945 abbas
1090 892 1214 946 isidorus
1228 893 1337 964 pariter
1351 911 1413 948 cum
1428 895 1529 951 abbate
1546 901 1642 971 Moyse
1656 902 1788 957 ascende·

147 979 219 1034 dixit
231 980 257 1034 ei
273 997 279 1032 :
298 980 367 1035 Ecce
381 995 455 1034 nunc
469 979 595 1050 cognovi,
616 979 666 1044 1114,
687 979 754 1050 quia
768 979 890 1034 fideliter
903 979 948 1034 in·
990 984 1057 1034 runt
1068 979 1097 1035 in
1111 982 1257 1053 superiora
1269 982 1376 1037 cellula
1387 1000 1454 1038 sua.
1471 986 1506 1039 Et
1517 986 1589 1041 dixit
1597 988 1625 1042 ei
1642 989 1766 1046 Isidorus
1780 1010 1786 1046 :

147 1068 251 1140 telligis
266 1069 341 1142 quod
355 1069 407 1123 hoc
421 1067 548 1140 spiritale
559 1072 701 1122 certamen
719 1085 771 1139 per
782 1068 948 1140 patientiam
990 1069 1106 1140 Respice
1121 1070 1156 1124 ad
1171 1074 1266 1137 435
1281 1069 1470 1139 Occidentem,
1482 1076 1592 1131 4444414.
1605 1077 1736 1150 Cumque
1749 1097 1789 1136 oe·

147 1158 184 1213 ad
199 1158 319 1215 salutem
333 1163 466 1212 aternam
480 1157 581 1211 animae
596 1161 651 1211 tuae
665 1156 803 1227 proficiat.
816 1157 860 1212 lta
874 1158 950 1212 enim
991 1157 1121 1228 spiceret,
1134 1157 1204 1213 vidit
1213 1158 1422 1215 multitudinem
1436 1161 1594 1219 damonum
1609 1165 1789 1224 vehemente·

147 1252 261 1302 sanctus
280 1245 431 1318 Apostolus
444 1245 535 1300 dixit:
553 1245 662 1301 Bonum
677 1250 820 1301 certamen
832 1245 946 1313 certavi,
990 1263 1053 1302 cum
1062 1245 1157 1302 furore
1170 1246 1338 1318 perturbari,
1348 1253 1377 1303 et
1394 1251 1476 1321 quasi
1489 1252 1526 1307 ad
1536 1254 1668 1325 pralium
1684 1273 1788 1330 praepa-

146 1351 260 1392 cursum
283 1334 484 1401 consummavi,
511 1334 595 1389 iidem
624 1334 751 1403 servavi;
772 1334 807 1389 de
835 1339 945 1405 cataro,
988 1340 1074 1404 ratos,
1087 1334 1308 1409 festinantesque
1317 1354 1453 1410 pugnare.
1468 1341 1544 1397 Dixit
1557 1344 1689 1399 44444444
1704 1345 1787 1403 abbas

146 1424 270 1497 reposita
282 1429 327 1479 est
339 1423 409 1480 mihi
418 1439 522 1478 corona
533 1423 738 1494 justitiee3non
748 1424 839 1479 solum
851 1428 946 1478 autem
987 1424 1111 1480 Isidorus
1135 1444 1142 1479 ε
1171 1426 1287 1498 Respice
1309 1426 1413 1482 iterum
1430 1429 1643 1500 adorientem,
1665 1435 1784 1491 etvide.

146 1513 225 1580 mihi,
242 1513 292 1569 sed
307 1519 337 1569 et
356 1511 485 1587 omnibus
500 1512 548 1584 qui
567 1512 689 1585 diligunt
711 1513 865 1568 adventum
884 1515 946 1584 ejus
987 1512 1113 1587 Cumque
1125 1514 1286 1587 respiceret,
1299 1516 1367 1571 vidit
1380 1517 1617 1576 innumerabilem
1631 1523 1786 1581 multitudi-

146 1604 188 1672 (ll
202 1604 273 1659 Tim.
288 1603 335 1673 rv).
986 1619 1051 1658 nem
1064 1609 1225 1659 sanctorum
1239 1606 1412 1676 angelorum,
1428 1607 1582 1678 gloriosum
1598 1617 1629 1666 44
1637 1612 1785 1683 splenden-

181 1690 207 1749 9.
219 1691 330 1748 Etalius
339 1691 425 1746 etiam
435 1690 524 1746 irater
533 1691 713 1747 vehementer
722 1692 944 1764 impugnabatur
954 1672 1043 1747 Btem
1058 1710 1143 1765 super
1157 1695 1253 1749 lumen
1266 1693 1335 1749 solis
1357 1695 1513 1751 eoelestium
1528 1698 1666 1755 virtutum
1682 1703 1785 1758 exerci-

144 1779 180 1836 ab
195 1781 341 1836 immundo
351 1781 451 1853 spiritu
464 1779 665 1835 fornicationis.
677 1780 836 1853 Exsurgens
847 1788 942 1839 autem
984 1787 1056 1837 tum.
1072 1783 1121 1838 ait
1142 1788 1237 1838 autem
1258 1783 1284 1838 ei
1301 1783 1387 1839 abbas
1405 1785 1552 1841 Isidorus:
1574 1789 1646 1843 Ecce
1669 1807 1742 1862 quos
1757 1791 1784 1847 in

145 1876 230 1927 noctu
245 1870 315 1925 abiit
329 1869 366 1924 ad
389 1870 539 1941 quemdam
563 1874 691 1925 sanctum
707 1877 736 1925 et
752 1871 901 1942 probatum
914 1873 944 1927 in
986 1871 1135 1927 Occidente
1153 1871 1257 1939 vidisti,
1275 1872 1329 1944 ipsi
1352 1879 1418 1928 sunt
1437 1875 1486 1946 qui
1510 1875 1598 1930 etiam
1617 1878 1783 1950 impugnant

144 1959 295 2014 virtutibus
304 1958 491 2025 seniorem,et
505 1958 646 2014 confessus
656 1964 699 2014 est
709 1959 735 2014 ei
748 1959 945 2032 quiapatieha-
985 1966 1096 2016 sanctas
1105 1961 1166 2016 Dei.
1178 1962 1251 2016 Nam
1261 1978 1331 2033 quos
1340 1962 1375 2017 ad
1384 1962 1529 2018 Orientem
1542 1966 1726 2038 conspexisti,
1736 1969 1784 2041 ipsi

144 2053 193 2103 tur
202 2047 443 2120 impugnationem
453 2064 470 2101 a
480 2047 580 2119 spiritu
590 2048 789 2103 fornicationis.
801 2050 867 2105 Hac
879 2068 944 2107 cum
988 2055 1054 2106 suut
1064 2067 1134 2122 quos
1148 2050 1184 2104 ad
1200 2050 1373 2121 adjutorium
1391 2053 1494 2109 sanctis
1508 2053 1567 2109 suia
1589 2055 1679 2111 mittit
1703 2058 1782 2114 Deus.

142 2136 267 2191 audisset
277 2137 381 2206 senior,
392 2135 588 2192 consolabatur
599 2137 783 2204 eum,docens
795 2138 947 2211 spirituali·
987 2140 1131 2210 Cognosce
1157 2155 1224 2210 ergo
1247 2139 1315 2210 quia
1337 2140 1431 2212 plures
1452 2147 1519 2197 sunt
1537 2142 1697 2213 nobiscum,
1718 2147 1782 2203 sicut

142 2224 195 2281 bus
208 2224 300 2280 verbis
320 2225 355 2281 de
375 2225 478 2280 virtute
493 2226 645 2298 patientia,
662 2226 767 2291 dicens,
788 2227 862 2282 sicut
876 2227 945 2283 scri·
986 2228 1053 2283 dicit
1068 2229 1183 2283 Elisaeus
1202 2229 1339 2300 propheta
1360 2231 1409 2298 (IV
1421 2232 1482 2300 hep.
1499 2237 1546 2298 vi).
1569 2232 1679 2289 Verum
1703 2219 1779 2292 441444

141 2320 222 2387 ptum
235 2319 287 2382 est,
295 2314 420 2369 viriliter
430 2315 514 2386 agite,
527 2321 556 2370 et
564 2315 737 2371 confortetur
746 2332 794 2371 cor
806 2323 940 2381 vestrum,
983 2324 1097 2373 sanctus
1106 2319 1228 2373 loannes
1238 2318 1306 2372 dicit
1325 2337 1331 2372 :
1349 2318 1421 2383 Quia
1432 2321 1523 2390 maj0r
1540 2325 1584 2376 est
1599 2322 1649 2394 qui
1664 2323 1696 2378 in
1707 2325 1779 2380 nobis

141 2419 241 2459 omnes
255 2403 304 2475 qui
317 2403 437 2475 speratis
451 2403 481 2458 in
500 2403 620 2459 Domino
637 2405 720 2471 (Psoi.
738 2405 819 2473 xxvi).
843 2405 944 2461 Rever·
983 2406 1614 2479 44444444]4444444444444414111444441.
1633 2412 1671 2466 ut
1683 2413 1727 2469 his
1738 2430 1779 2469 au·

140 2508 189 2548 sus
213 2496 257 2547 est
279 2491 367 2547 frater
393 2492 430 2546 ad
456 2492 585 2547 cellulam
604 2508 695 2558 suam,
711 2497 741 2547 et
761 2509 824 2548 ecce
838 2493 942 2550 iterum
983 2496 1049 2550 ditis
1063 2495 1235 2551 confortatus
1254 2497 1282 2551 in
1298 2496 1417 2552 Dornino
1431 2502 1546 2552 sauctus
1560 2498 1649 2555 abhas
1665 2502 1774 2575 Moyses,

139 2581 315 2654 impugnatio
325 2579 514 2636 insistebatei.
527 2582 692 2653 lpseautem
701 2580 943 2639 festinavitdenuo
982 2597 1111 2636 reversus
1135 2587 1178 2636 est
1202 2581 1232 2636 in
1251 2580 1381 2636 cellulam
1403 2599 1495 2646 suam,
1514 2583 1624 2654 gratias
1643 2593 1776 2658 ageas,et

140 2669 867 2743 pergereadsupradictumseniorem.Vidensautem
877 2688 941 2728 eum
981 2670 1142 2742 glorificans
1151 2669 1264 2725 Domini
1278 2669 1367 2725 4444444
1381 2672 1448 2726 lesu
1466 2670 1573 2726 Christi
1585 2670 1723 2731 honitatis
1734 2693 1774 2749 pa·

139 2759 355 2828 senior,iterum
365 2758 483 2814 docebat
497 2774 561 2814 eum
570 2764 603 2814 ut
612 2759 753 2832 patienter
765 2765 794 2815 et
804 2759 942 2817 indelessa
982 2759 1120 2814 tientiam.

138 2848 301 2916 sustineret,
318 2847 483 2920 dicebatque
495 2847 520 2902 ei
536 2864 544 2904 :
558 2848 657 2912 Crede,
667 2849 717 2916 tili,
732 2849 867 2921 quoniam
878 2850 941 2905 mit·
1019 2847 1062 2906 11.
1071 2848 1139 2904 Erat
1148 2847 1261 2920 quidam
1267 2847 1391 2904 14444444
1402 2865 1496 2905 eremo
1505 2851 1774 2926 Scythiapromptus

138 2943 181 2992 tet
193 2936 244 2993 tibi
266 2937 402 2993 Dominus
427 2938 509 2992 lesus
523 2937 652 2992 Christus
671 2938 808 2993 auxilium
823 2938 857 2994 de
871 2939 940 2994 coelo
981 2943 1010 2994 et
1023 2939 1116 2993 alacer
1130 2938 1159 2992 in
1175 2954 1245 3009 opus
1258 2937 1317 3002 Dei,
1327 2943 1356 2992 et
1365 2937 1486 3010 spiritali
1500 2942 1718 2998 conversatione
1730 2946 1773 3011 (le

137 3031 235 3082 sancto
254 3043 314 3094 suo,
338 3033 372 3082 ut
394 3027 484 3099 possis
508 3043 642 3099 superare
667 3027 826 3099 passionem
855 3028 1035 3099 hanccine.
1051 3029 1136 3083 libell.
1155 3043 1181 3094 4,
1198 3043 1225 3082 n.
1245 3025 1301 3096 22).
1319 3026 1392 3081 Huic
1406 3032 1501 3082 autem
1525 3029 1663 3086 inimicus
1675 3032 1773 3104 generis

138 3116 318 3171 Consortatus
332 3122 426 3170 autem
446 3116 542 3184 frater,
560 3122 693 3171 monente
707 3122 803 3172 sancto
818 3118 939 3186 seniore,
982 3116 1099 3171 humani
1111 3114 1238 3171 diabolus
1249 3114 1366 3170 immisit
1379 3115 1573 3187 cogitationes,
1583 3126 1617 3174 ut
1624 3121 1772 3176 recordare·

136 3205 272 3261 remeavit
285 3206 321 3261 ad
337 3205 467 3260 cellulam
487 3221 577 3273 suam,
597 3210 626 3260 et
642 3205 747 3260 iterum
764 3205 940 3278 impugnatio
980 3203 1184 3276 turcnjusdam
1199 3209 1271 3260 uotae
1283 3203 1335 3259 sibi
1350 3204 1477 3260 mulieris
1491 3206 1772 3277 pulchritudinem,et

136 3296 217 3350 valde
239 3293 426 3350 conturbabat
445 3311 494 3350 cor
507 3295 578 3365 ejus.
592 3295 628 3350 Et
641 3295 738 3350 statim
757 3296 856 3350 eedem
868 3296 940 3352 hora
979 3292 1771 3363 conturbareturincogitationibussuisvehementercou·

136 3385 226 3440 noetis
253 3400 382 3440 reversus
403 3390 447 3438 est
468 3383 504 3438 ad
523 3383 672 3452 seniorem,
689 3391 719 3440 et
736 3384 940 3457 deprecabatur
979 3383 1044 3455 tigit
1055 3389 1161 3447 autem,
1177 3399 1210 3437 ex
1224 3382 1432 3453 dispensatione
1442 3383 1557 3439 Domini
1567 3386 1645 3453 lesu,
1663 3392 1697 3442 ut
1709 3387 1768 3442 alius

135 3489 202 3530 eum
213 3479 245 3529 ut
257 3473 393 3529 intentius
404 3489 454 3545 pro
467 3489 500 3528 eo
509 3473 659 3528 Dominum
667 3479 805 3528 exoraret.
821 3474 897 3530 Dixit
910 3475 938 3531 ei
980 3474 1094 3547 quidam
1104 3473 1191 3528 irater
1199 3472 1235 3527 de
1244 3471 1364 3544 AEgypto
1375 3472 1481 3528 veniret
1490 3473 1768 3532 andsitandumeuu

135 3564 243 3618 senior:
255 3564 297 3619 Ne
306 3563 497 3636 pertimescas,
509 3562 560 3631 tili,
570 3579 662 3634 neque
677 3563 834 3631 resolvaris,
844 3581 935 3637 neque
976 3564 1005 3618 in
1018 3563 1155 3618 charitate
1167 3561 1280 3616 Christi.
1299 3561 1335 3616 Et
1353 3561 1422 3616 dum
1436 3562 1511 3617 iuter
1524 3579 1557 3618 se
1578 3564 1766 3637 loquebantur,

135 3652 289 3708 abscondas
303 3652 487 3724 cogitationes
501 3658 564 3707 tuas
575 3670 582 3720 ;
592 3652 633 3707 ita
642 3652 718 3707 enim
733 3651 935 3726 4444144444ρὶ-
976 3653 1067 3708 evenit
1076 3667 1169 3707 sermo
1178 3656 1212 3705 ut
1225 3650 1330 3705 diceret
1340 3650 1386 3706 ille
1396 3649 1483 3706 frater
1492 3651 1528 3706 de
1541 3651 1668 3725 AEgypto
1684 3671 1691 3707 :
1708 3652 1766 3719 Quis

135 3741 207 3795 ritus
219 3739 382 3796 immundus
395 3740 540 3795 discedite
554 3746 591 3795 te.
608 3740 685 3795 Nihil
699 3739 774 3795 enim
790 3741 831 3795 ita
844 3741 935 3799 allidit
976 3745 1142 3797 mortuaest
1156 3739 1328 3794 illamulier.
1347 3740 1413 3811 lpsa
1435 3744 1530 3794 autem
1553 3745 1625 3809 erat,
1645 3741 1676 3797 in
1700 3741 1767 3812 cujus

134 3828 268 3884 4444444444
283 3829 452 3894 daemonum,
474 3827 614 3901 quomodo
632 3829 656 3884 si
679 3828 742 3901 quis
756 3835 866 3885 secreta
879 3831 934 3886 im·
974 3846 1071 3886 amore
1084 3826 1305 3901 impugnabatur
1316 3828 1494 3900 supradictus
1512 3828 1615 3887 frater.
1631 3829 1700 3885 llaec
1712 3844 1766 3884 curu

135 3918 304 3974 mundarum
319 3917 522 3988 cogitationum
535 3917 700 3973 revelaverit
711 3918 814 3974 sanctis
828 3935 860 3974 ac
870 3918 935 3976 bea·
974 3920 1100 3975 audisset
1110 3918 1166 3984 ille,
1180 3923 1245 3989 post
1257 3934 1361 3989 paucos
1377 3917 1437 3972 dies
1451 3916 1521 3973 abiit
1536 3917 1572 3972 ad
1587 3918 1684 3974 locum
1699 3919 1765 3974 illum

134 4006 250 4063 tissimis
271 4005 408 4079 patribus.
424 4006 549 4062 1144414444
569 4023 631 4078 age,
652 4007 701 4074 lili,
718 4013 746 4062 et
761 4007 935 4065 confortetur
975 4009 1024 4065 ubi
1038 4007 1159 4081 positum
1174 4011 1235 4062 erat
1247 4023 1349 4079 corpus
1364 4005 1438 4061 illius
1448 4006 1589 4063 destructa
1603 4007 1766 4070 mulieris,et

134 4102 281 4163 cortuum,
296 4102 325 4151 et
333 4096 441 4151 sustine
447 4095 597 4152 Dominum
607 4097 689 4161 (Psoi.
698 4101 781 4167 xxvv).
793 4096 846 4152 Ubi
858 4098 934 4153 enim
975 4098 1087 4170 aperuit
1100 4097 1352 4169 noctusepulcrum
1363 4097 1434 4166 ejus,
1446 4101 1549 4151 etcum
1562 4096 1708 4167 palliosuo
1717 4101 1765 4152 tor·

134 4186 231 4242 durim
240 4192 284 4241 est
292 4202 397 4258 pugna,
410 4184 448 4240 ibi
460 4185 608 4257 gloriosior
617 4186 672 4241 erit
685 4191 714 4240 et
723 4202 834 4242 corona.
846 4187 933 4243 Deui-
974 4187 1125 4243 sitsaniem
1133 4185 1289 4258 putredinis
1297 4186 1369 4256 ejus,
1376 4189 1406 4239 et
1412 4201 1540 4240 reversus
1551 4191 1595 4240 est
1602 4185 1641 4241 ad
1647 4185 1765 4267 cellulam

133 4283 309 4349 quesanctus
317 4275 455 4348 propbeta
468 4275 555 4330 isaias
569 4274 652 4330 dicit:
665 4275 800 4347 Nunquid
809 4276 933 4331 invalida
973 4293 1064 4344 suam,
1076 4273 1252 4348 ponebatque
1261 4274 1379 4329 fetorem
1388 4273 1418 4327 in
1428 4279 1581 4345 conspectu
1592 4290 1656 4340 suo,
1667 4280 1695 4330 44
1705 4274 1765 4329 dice

132 4370 175 4420 est
192 4381 293 4421 manus
304 4363 416 4419 Domini
431 4361 465 4418 ad
479 4363 652 4431 salvandum,
663 4368 713 4418 aut
727 4369 881 4435 aggravata
891 4354 1307 4437 estDbatcogitationibussuis
1316 4361 1512 4419 :Eccehsbetis
1521 4360 1764 4435 desideriumquod

131 4455 208 4510 auris
222 4456 294 4526 eJ'us,
310 4458 411 4508 utnon
425 4451 557 4508 exaudiat
572 4451 659 4521 (Irata
682 4451 758 4522 tull
779 4452 933 4508 Considera
973 4454 1151 4527 quaerebatis,
1165 4452 1267 4508 satiate
1290 4468 1339 4507 vos
1353 4468 1387 4506 ex
1401 4466 1444 4518 eo,
1459 4457 1488 4506 et
1508 4451 1552 4506 ita
1575 4451 1606 4506 in
1627 4452 1676 4507 illo
1690 4450 1765 4506 fetore

91 4572 94 4577 ·
132 4545 929 4619 ergo‚tiliole,quiscertamentuumexspectatDominus,
972 4543 1114 4600 cruciabat
1127 4543 1319 4614 semetipsum,
1333 4539 1765 4612 usquequocessaretabeosor·

129 4634 238 4709 tibique
247 4641 346 4692 contra
359 4633 502 4690 diabolum
516 4631 661 4688 dimicanti
671 4638 753 4704 parat
766 4634 931 4690 aternitatis
971 4633 1117 4688 didissima
1130 4630 1314 4704 impugnatio.

131 4739 271 4782 coronam.
290 4724 357 4782 Ideo
367 4729 523 4780 monetnos
536 4727 632 4777 sancta
647 4721 800 4794 Scriptura,
814 4723 929 4779 dicens:
1008 4720 1050 4777 lt.
1067 4722 1129 4777 Duo
1150 4720 1252 4776 fratres
1277 4718 1407 4775 monachi
1423 4716 1554 4774 abierunt
1568 4717 1599 4773 in
1618 4717 1764 4791 proximam

132 4813 205 4880 Quia
218 4832 269 4887 per
282 4815 386 4872 44441444
400 4811 597 4869 tribulationes
612 4816 723 4884 oportet
744 4828 795 4866 uos
814 4811 932 4869 introire
971 4811 1122 4880 civitatem,
1132 4815 1165 4866 ut
1178 4810 1368 4865 distraherent
1382 4824 1443 4880 qua
1458 4805 1592 4863 manibus
1603 4808 1664 4864 auis
1673 4824 1721 4881 per
1730 4810 1765 4861 te-

130 4902 161 4959 in
179 4920 297 4975 regnum
313 4904 448 4959 calorum
464 4903 534 4972 (Act.
544 4903 609 4973 xiv).
625 4901 691 4956 llaec
705 4907 800 4957 autem
814 4901 932 4958 audiam
972 4905 1032 4956 tum
1046 4916 1152 4956 anuum
1165 4899 1272 4972 operati
1286 4901 1380 4953 essent
1390 4899 1504 4968 (Pelea,
1518 4899 1607 4952 libell.
1623 4914 1651 4964 v,
1673 4914 1701 4952 n.
1715 4894 1762 4963 ll).

129 4992 226 5061 irater,
242 4994 438 5049 confirmatum
449 4998 493 5048 est
506 5006 555 5046 cor
568 4992 629 5063 ejus
638 4990 667 5046 in
681 4990 810 5060 Domino,
827 4997 856 5047 et
871 5008 932 5063 per·
971 4990 1051 5046 Unus
1064 4994 1158 5045 autem
1174 5005 1207 5043 ex
1220 4987 1261 5044 eis
1273 5003 1403 5059 egressus
1418 4991 1461 5041 est
1474 4990 1507 5040 ut
1517 4985 1650 5057 quadam
1662 4984 1714 5040 sibi
1725 4999 1766 5039 44·

130 5082 235 5137 mansit
252 5081 327 5154 apud
346 5082 496 5149 seniorem,
513 5081 658 5152 noluitque
677 5079 752 5136 ultra
773 5081 876 5136 reverti
894 5079 931 5137 ad
972 5073 1766 5147 444444444444444,4144444444444144444444444444444444-

130 5169 259 5226 ceDulam
275 5186 367 5226 suam.
971 5169 1017 5236 sit,
1033 5174 1061 5224 et
1078 5168 1232 5240 instigante
1249 5164 1360 5221 diabolo
1379 5163 1479 5220 cecidit
1494 5163 1525 5218 in
1545 5163 1764 5220 fornicationem.

168 5258 209 5317 10.
226 5259 313 5315 &ato
328 5258 420 5314 abbati
435 5259 534 5332 Moysi,
545 5258 593 5331 qui
606 5256 754 5313 habitabat
764 5258 794 5313 in
806 5259 867 5314 loco
881 5259 930 5330 qui
971 5258 1042 5314 Cum
1058 5262 1152 5312 autem
1167 5271 1294 5311 reversus
1307 5253 1427 5309 venisset
1440 5251 1540 5320 frater,
1552 5251 1627 5308 dixit
1640 5253 1666 5308 44
1682 5271 1689 5305 :
1705 5250 1767 5307 soce

128 5346 322 5424 appellabatur
333 5348 425 5415 Petra,
441 5348 562 5421 quodam
578 5353 703 5420 tempore
717 5349 859 5403 intantum
875 5348 923 5403 im·
971 5346 1151 5401 distraximus
1163 5361 1224 5417 qua
1239 5342 1397 5399 necessaria
1410 5346 1501 5406 erant,
1512 5346 1768 5397 reverlamnrnunc

127 5438 223 5512 posuit
236 5435 416 5493 durissimam
431 5435 671 5507 impugnationem
687 5435 796 5491 damon
810 5434 930 5491 fornica·
971 5435 1006 5491 od
1021 5434 1150 5490 cellulam
1160 5431 1487 5504 nostramllespondens
1495 5435 1597 5515 autem
1608 5430 1697 5486 frater
1705 5427 1768 5484 dixit

127 5527 222 5600 144444,
239 5531 272 5583 44
284 5542 342 5583 non
354 5525 519 5599 praevaleret
533 5524 630 5581 sedere
645 5525 675 5581 in
688 5524 790 5582 cellula
803 5541 865 5594 sua,
880 5525 931 5601 sed
971 5525 1013 5581 ei:
1030 5524 1093 5580 Non
1105 5539 1221 5598 possum
1235 5521 1481 5594 reverti.Cumque
1491 5518 1697 5592 deprecaretur
1709 5532 1766 5574 eum
