3818 6120
130 365 188 424 era
582 365 666 420 vnn
686 363 840 423 saucrrn
858 359 1120 430 nuennosmn,
1140 358 1313 419 neerms.
1719 368 1772 430 350

127 493 303 566 pertingere.
316 488 350 545 Et
364 487 398 543 dc
413 495 576 562 contemptu
590 492 692 553 saeculi,
711 509 762 547 nec
774 489 1324 565 diligendosnmeispromittebasflliam
1334 490 1771 555 meamlliccenonsolnmillam

128 598 195 638 esse
208 582 281 637 tilios
295 581 357 653 plus
373 597 457 651 quam
468 581 568 645 Deum,
586 581 633 652 qui
646 581 934 637 omniumexstititsa-
974 579 1148 647 nonvidebo,
1164 579 1264 646 sedtu,
1281 579 1311 634 in
1324 597 1379 652 quo
1395 582 1613 640 consolationem
1631 588 1770 644 modicam

128 678 203 728 otor.
218 669 407 745 apostolicam
424 686 535 742 qnoque
551 671 719 742 scripturam
734 672 931 743 interpretans,
975 670 1121 734 habebam,
1141 669 1319 740 derelinques
1333 686 1393 724 nos.
1411 672 1471 727 Heu
1486 674 1547 727 me!
1558 674 1620 744 quis
1632 676 1693 747 jam
1703 694 1771 733 con-

130 761 276 834 quomodo
295 758 439 815 tribulatio
461 759 624 830 patientiam
640 766 782 832 operatur,
798 761 933 832 patientia
975 759 1110 813 solabitur
1123 765 1295 813 senectutem
1307 761 1467 815 meamtnd
1483 777 1566 833 quem
1578 763 1633 827 ibo,
1643 767 1705 836 quis
1715 769 1771 822 mei

129 849 331 925 probationem
343 851 429 916 (Porri.
443 850 480 918 v).
495 849 599 903 Videris
613 867 676 904 vero
692 854 801 921 patrem
812 867 894 905 suum
905 850 934 905 in
975 848 1088 919 adjutor
1097 848 1169 903 erit?
1182 848 1289 918 Duplex
1303 848 1408 902 malum
1420 850 1494 921 quod
1510 851 1607 923 lugeo:
1622 855 1772 925 triginta'ei

129 940 213 1012 gravi
229 955 357 1005 rnoerore,
375 938 598 1009 compatiebatur
612 938 662 992 illi.
976 944 1037 992 octo
1048 936 1113 991 anni
1125 943 1191 992 sunt
1204 937 1277 1008 quod
1292 937 1402 1009 perdidi
1413 938 1500 993 filiam
1510 956 1612 1004 meam,
1622 944 1692 999 nihil
1704 945 1773 1000 mihi

171 1030 237 1085 Gne.
254 1028 316 1083 Xll.
327 1027 577 1082 -Sedtimensne
590 1033 797 1098 agnosceretur,
811 1029 935 1100 etimpc-
976 1027 1011 1081 de
1026 1044 1059 1080 ea
1078 1027 1232 1081 revelatum
1256 1033 1307 1089 est,
1333 1028 1408 1097 quod
1431 1029 1477 1083 die
1495 1036 1631 1102 nocteque
1646 1034 1770 1098 orabam,

131 1118 293 1174 elimentum
306 1117 331 1172 ei
348 1118 462 1182 t'aceret,
482 1117 578 1172 volens
596 1123 770 1172 autemeam
786 1117 934 1182 consolari,
977 1115 1156 1170 necsimilem
1171 1115 1247 1169 illius
1258 1116 1361 1183 inveni,
1377 1116 1536 1172 detinetme
1546 1120 1773 1193 incomparabilis

131 1208 209 1263 dirit
222 1207 248 1261 ei
263 1227 269 1261 :
286 1207 375 1263 Crede
386 1205 455 1261 mihi
470 1207 544 1277 quod
553 1223 609 1260 non
621 1207 754 1278 despiciet
764 1211 793 1261 te
807 1208 891 1262 Deus.
902 1208 937 1261 Et
977 1205 1065 1259 dolor.
1082 1205 1154 1270 Quid
1170 1222 1279 1277 sperem
1293 1206 1411 1261 amodo?
1424 1207 1473 1262 ubi
1491 1212 1710 1267 consolationem
1728 1216 1772 1269 in-

131 1297 161 1352 si
172 1297 203 1351 in
212 1295 398 1369 perditionem
406 1295 501 1351 anima
511 1300 586 1350 esset
597 1295 661 1351 silica
671 1302 735 1361 tum,
744 1296 937 1350 manifestaret
977 1295 1107 1349 veniam?
1119 1296 1178 1366 jam
1199 1295 1366 1350 descendam
1391 1297 1489 1368 lugens
1507 1298 1537 1353 in
1561 1300 1712 1356 internum.
1728 1305 1774 1357 Vi·

133 1402 200 1441 cam
208 1385 259 1441 tibi
275 1386 360 1451 Deus,
375 1390 407 1439 ut
421 1401 472 1439 nec
481 1384 529 1438 illa
544 1385 683 1439 adinbolo
699 1390 809 1439 retenta
821 1385 937 1439 inferret
977 1385 1150 1438 densantem
1161 1400 1226 1439 eum
1237 1385 1597 1456 Smaragdusvehementer
1606 1391 1773 1461 plorantem,

131 1473 188 1530 tibi
202 1480 230 1530 ct
242 1474 295 1529 sibi
309 1474 416 1529 luctum
435 1478 612 1546 perpetuum.
630 1474 684 1529 Sed
699 1474 782 1528 credo
794 1474 822 1527 in
835 1474 935 1538 Deum,
978 1478 1008 1526 rt
1021 1475 1127 1527 nullam
1137 1473 1356 1527 consolationem
1369 1475 1561 1547 accipientem,
1581 1479 1621 1533 ait
1636 1479 1671 1533 ad
1685 1496 1749 1535 eum
1766 1501 1772 1535 :

136 1563 477 1637 quiabonumconsilium
491 1563 576 1633 elegit
589 1563 651 1626 sibi,
664 1563 736 1617 sicut
744 1562 879 1633 jamdixi,
892 1582 937 1616 se.-
979 1562 1051 1626 Quid
1068 1561 1191 1617 turbaris
1214 1568 1243 1616 et
1261 1563 1443 1635 temetipsum
1462 1564 1614 1621 interficis?
1632 1569 1775 1641 Numquid

135 1654 261 1709 cundum
276 1669 372 1707 vocem
388 1652 541 1722 Evangelii,
559 1669 614 1723 qua
633 1651 735 1706 dicitur
750 1670 755 1704 :
773 1651 826 1715 Qui
845 1651 937 1720 diligit
977 1649 1100 1704 invalida
1120 1656 1163 1704 est
1177 1666 1276 1706 monus
1293 1651 1415 1718 Domini,
1437 1659 1486 1708 aut
1498 1653 1652 1726 quidquam
1663 1662 1706 1712 est
1717 1658 1776 1714 Deo

135 1749 247 1816 patrem
262 1747 312 1796 aut
326 1748 445 1796 matrem
464 1757 549 1812 super
568 1757 623 1805 me,
639 1746 755 1794 nonest
777 1757 821 1793 me
836 1740 969 1834 dignusB
979 1737 1114 1793 difficile?
1128 1740 1189 1793 Jam
1205 1757 1276 1811 pone
1295 1741 1380 1794 linem
1396 1741 1525 1798 tristitiae.
1535 1743 1692 1801 Recordare
1705 1762 1778 1817 quo-

132 1832 247 1906 (natea
263 1837 300 1898 ng
313 1837 351 1898 et,
364 1831 392 1885 Si
407 1830 469 1902 quis
482 1847 537 1884 non
555 1829 794 1884 abrenuntiaverit
808 1828 937 1882 omnibus
980 1828 1064 1882 modo
1079 1829 1244 1899 patriarchae
1259 1829 1344 1883 Jacob
1355 1831 1652 1889 manifestaveritDeus
1661 1836 1775 1908 loseph,

136 1937 202 1992 quae
212 1921 343 1992 possidet,
355 1936 410 1973 non
419 1924 511 1990 potest
522 1936 669 1973 meusesse
685 1919 838 1989 discipulus
852 1920 938 1983 (lucc
979 1934 1062 1988 quem
1074 1917 1154 1989 quasi
1170 1918 1435 1989 mortuumlugebat
1447 1920 1522 1988 (Gen.
1540 1927 1621 1991 xcvi).
1635 1924 1689 1978 Sed
1700 1924 1777 1979 obse-

136 2013 205 2079 ην).
221 2010 325 2065 Potens
340 2016 383 2064 est
395 2015 490 2063 autem
506 2009 589 2073 Deus,
606 2015 634 2062 et
647 2008 677 2062 in
691 2009 742 2062 hoc
757 2008 859 2062 seculo
876 2024 937 2060 ma-
980 2021 1026 2060 cro
1039 2012 1065 2059 te
1082 2012 1112 2061 ut
1126 2023 1177 2077 per
1191 2011 1248 2061 tres
1262 2007 1321 2062 dies
1336 2023 1381 2061 me
1394 2024 1452 2062 non
1464 2009 1576 2064 deseras
1591 2027 1681 2083 neque
1699 2013 1778 2067 dere-

135 2098 272 2154 nitestare
282 2115 344 2153 earn
356 2098 417 2153 tibi.
434 2098 500 2153 Sine
507 2098 578 2168 jam,
589 2098 666 2157 sine:
681 2097 747 2167 quid
757 2096 938 2168 temetipsum
980 2094 1102 2166 linquas.
1119 2095 1257 2150 Haesitans
1278 2102 1374 2150 autem
1391 2097 1567 2168 Paphnutius
1580 2099 1655 2155 intra
1672 2109 1776 2157 semet-

135 2188 274 2245 interficis
293 2187 502 2242 contristando?
518 2187 572 2242 Sed
586 2203 639 2257 agc
653 2187 760 2256 gratias
774 2186 841 2248 Deo,
869 2185 939 2238 nihil
981 2183 1073 2254 ipsum
1082 2201 1134 2254 per
1144 2185 1280 2252 triduum,
1294 2186 1389 2240 dicens
1401 2204 1407 2239 :
1417 2187 1547 2242 Forsitan
1557 2189 1666 2244 eiDeus
1675 2191 1779 2246 revela·

135 2278 302 2350 desperans.
316 2279 388 2332 Nam
403 2276 540 2348 Agapitus
552 2276 687 2346 nragister
696 2291 786 2340 mcuS,
797 2272 940 2328 multoties
979 2273 1050 2327 verit
1061 2273 1095 2327 de
1104 2290 1156 2327 me.
1168 2274 1263 2328 Tertio
1272 2281 1365 2330 autem
1374 2274 1420 2329 die
1430 2275 1502 2331 dixit
1515 2276 1551 2330 ad
1567 2277 1755 2350 smaragdum
1768 2299 1774 2335 :

135 2366 317 2422 nimistristis
327 2365 530 2421 dicebatmihi:
541 2363 940 2435 Quia-venitquidamnomine
981 2362 1142 2434 Exspectavi
1157 2363 1231 2418 sicut
1253 2363 1368 2435 rogasti,
1384 2364 1498 2419 domine
1512 2365 1551 2419 mi
1567 2365 1661 2434 irater,
1678 2374 1707 2424 et
1720 2385 1777 2425 non

136 2455 453 2529 Paphnutiusoperibus
467 2455 690 2509 bonisintentus.
704 2453 751 2523 qui
764 2453 849 2507 liliam
858 2468 938 2506 suam
981 2451 1095 2506 discessi
1106 2451 1206 2507 alieubi
1222 2469 1272 2523 per
1283 2459 1341 2508 tres
1355 2453 1502 2508 continuos
1519 2454 1588 2512 dies.

137 2551 278 2617 tanquam
288 2551 427 2599 mortuam
441 2545 528 2614 luget,
545 2545 671 2597 nesciens
687 2544 752 2613 quid
761 2543 786 2595 ci
795 2541 937 2608 acciderit,
1016 2542 1079 2594 Cae.
1093 2541 1163 2594 llll'.
1177 2570 1206 2580 -
1217 2542 1394 2612 Cognoscens
1402 2549 1497 2598 autem
1503 2543 1683 2615 smaragdus,
1692 2547 1740 2619 qui
1750 2554 1779 2603 et

137 2640 168 2691 et
181 2635 271 2689 nimia
285 2633 484 2688 lamentatione
498 2632 650 2703 affligitur:
664 2631 784 2685 maxime
799 2630 866 2701 quia
879 2631 941 2684 uni·
981 2628 1174 2701 Euphrosyne,
1200 2629 1268 2700 quia
1288 2630 1412 2686 instabat
1429 2631 1489 2687 dies
1511 2631 1689 2689 dormitionis
1705 2637 1776 2707 ejus,

137 2739 173 2779 ca
188 2730 251 2779 erat
267 2723 318 2788 illi,
342 2730 371 2778 et
390 2740 453 2777 cum
469 2722 600 2794 lacrymis
615 2722 732 2792 projecit
750 2738 780 2774 se
798 2721 834 2774 ad
857 2719 941 2791 pedes
980 2717 1294 2790 vocavitPaphnutium,
1311 2720 1456 2775 etdixitad
1468 2738 1551 2776 eum:
1568 2722 1640 2788 Quia
1654 2724 1778 2797 omnipo·

138 2811 262 2878 abbatis,
276 2818 308 2867 ut
322 2829 373 2884 per
391 2813 452 2882 ejus
467 2811 609 2865 crationes
625 2816 653 2864 ct
672 2809 798 2863 omnium
822 2809 940 2863 fratrum
982 2811 1044 2861 tens
1055 2808 1128 2862 Deus
1139 2807 1209 2863 bene
1219 2808 1360 2881 disposuit
1374 2827 1467 2866 meam
1476 2811 1628 2881 miseriam,
1646 2820 1675 2868 et
1687 2814 1778 2870 adim-

137 2902 217 2958 Deus
230 2900 408 2974 patefaceret.
425 2901 467 2955 lta
482 2905 511 2954 et
520 2903 552 2954 tu
561 2917 629 2970 roga
642 2900 730 2954 Deum
743 2904 938 2970 propteream,
982 2896 1067 2967 plevit
1076 2896 1245 2952 desiderium
1257 2915 1361 2964 meum,
1374 2900 1448 2958 cuod
1458 2900 1493 2954 ad
1505 2902 1588 2956 finem
1600 2903 1780 2975 usquevirffi.

135 2997 171 3047 et
184 3008 247 3061 ego,
263 2990 531 3062 quamvisiudignus
544 2990 722 3044 etmalorum
738 3004 864 3042 incorum
876 3005 940 3042 con·
981 2990 1025 3039 ter
1050 2986 1183 3040 certando
1203 2986 1329 3056 perduxi,
1351 3003 1408 3042 non
1433 3005 1496 3044 mea
1509 2989 1621 3057 virtute,
1646 2992 1695 3046 sed
1718 2995 1779 3064 ejus

136 3081 227 3145 acius,
239 3080 340 3151 saepius
348 3079 514 3150 deprecatus
521 3078 682 3144 Dominum,
694 3077 863 3147 utdignetur
872 3076 939 3130 dare
981 3074 1130 3144 adjutorio,
1144 3075 1192 3147 qui
1206 3091 1250 3130 me
1264 3075 1412 3131 custodivit
1428 3076 1463 3130 ab
1475 3077 1694 3135 insidiisiuimici
1703 3100 1710 3135 ε
1719 3098 1781 3154 per·

138 3168 194 3225 tibi
208 3169 399 3225 sufferentiam
414 3173 443 3223 et
457 3167 710 3238 longanimitatem,
727 3172 757 3220 et
772 3166 846 3236 quod
861 3170 1042 3235 expe-cacto
1057 3180 1140 3218 cursu
1156 3171 1286 3236 superest
1298 3164 1368 3220 mihi
1383 3182 1488 3222 corona
1499 3167 1625 3238 justitiae.
1643 3170 1713 3225 Nolo
1728 3186 1780 3226 au·

139 3258 184 3314 dit
198 3259 351 3330 adimpleat
364 3262 422 3312 tam
435 3258 470 3311 de
484 3263 512 3311 te
527 3273 611 3327 quam
625 3256 659 3310 de
675 3256 733 3309 filia
746 3261 805 3310 tua.
823 3256 942 3326 Propter
981 3257 1075 3307 temte
1088 3254 1147 3323 jam
1159 3270 1219 3307 esse
1231 3253 1381 3309 sollicitum
1395 3271 1446 3326 pro
1461 3255 1777 3330 filiatuaEuphrosyna,

136 3346 193 3404 hoc
207 3349 405 3420 cttrequenter
417 3354 444 3401 tc
459 3346 553 3400 ridere
568 3345 652 3411 volui,
664 3351 693 3399 et
707 3343 828 3416 colloqui
837 3350 940 3410 tecum,
983 3358 1034 3412 ego
1049 3342 1125 3395 enim
1137 3358 1200 3396 sum
1215 3342 1262 3396 illa
1276 3343 1388 3412 misera,
1404 3348 1434 3397 et
1443 3349 1473 3398 tu
1485 3361 1514 3398 es
1522 3351 1603 3416 pater
1612 3363 1700 3402 meus.
1711 3349 1779 3404 Ecce

140 3442 174 3494 nt
185 3437 307 3508 aliquam
318 3436 536 3491 consolationem
552 3453 601 3506 per
616 3452 661 3488 me
676 3434 812 3488 humilem
826 3433 942 3487 forsitan
981 3432 1039 3501 jam
1056 3431 1158 3498 vidisti,
1176 3436 1204 3486 et
1217 3431 1391 3486 satisfactum
1409 3432 1527 3502 esttibi,
1552 3435 1601 3490 sed
1621 3451 1703 3491 nemo
1727 3437 1780 3494 hoc

140 3526 291 3581 invenires.
315 3527 352 3581 Ut
374 3533 467 3580 autern
495 3541 551 3578 non
572 3528 771 3594 agnosceretur
785 3539 835 3593 pcr
853 3522 943 3576 multa
983 3514 1061 3586 sciat,
1074 3525 1101 3574 et
1116 3537 1171 3575 non
1187 3521 1335 3592 permittas
1344 3520 1380 3575 ab
1394 3521 1559 3594 alioeorpus
1571 3541 1666 3580 meum
1678 3526 1780 3582 nudari

107 3670 119 3679 ,
140 3616 292 3689 colloquia,
309 3615 381 3669 dixit
395 3615 429 3669 ad
447 3613 653 3686 Paplrnntiuur:
671 3611 747 3675 Vale,
763 3611 876 3665 domine
892 3611 940 3664 mi.
983 3616 1011 3663 et
1027 3609 1121 3673 lavari,
1134 3610 1364 3682 sedatemetipso
1378 3610 1532 3666 hocfecias.
1544 3613 1579 3668 Et
1590 3613 1779 3686 quiapromisi

142 3704 179 3760 Et
197 3704 265 3759 dum
286 3704 417 3759 recedere
432 3704 516 3757 vellet
534 3701 720 3774 Paphnutius,
747 3700 840 3754 eninm
866 3699 941 3754 illius
983 3696 1077 3752 abbati
1092 3696 1196 3752 habere
1220 3698 1322 3753 multas
1332 3699 1530 3770 possessiones,
1546 3706 1575 3756 et
1587 3701 1610 3757 si
1625 3704 1779 3775 potuissem

140 3795 371 3866 compatiebatur
392 3794 442 3859 illi,
467 3793 552 3847 facies
574 3793 635 3862 ejus
657 3790 790 3862 pallebat,
803 3797 831 3844 et
850 3789 940 3862 reple·
982 3786 1122 3842 sustinere
1137 3793 1165 3842 et
1179 3788 1333 3859 perdurare
1348 3788 1376 3842 in
1394 3789 1454 3843 loco
1474 3788 1537 3857 isto,
1551 3791 1719 3851 adducerem
1731 3811 1779 3850 ees

139 3882 227 3939 batur
241 3883 381 3955 lacrymis.
399 3884 459 3936 Prae
474 3881 562 3935 nimio
586 3886 681 3935 autern
693 3879 802 3950 jejunio
828 3886 855 3933 et
878 3879 941 3935 diu·
982 3876 1036 3941 hic,
1052 3876 1137 3948 imple
1154 3894 1220 3948 ergo
1236 3878 1309 3948 quod
1325 3877 1451 3949 promisi,
1469 3879 1536 3950 quie
1551 3883 1716 3939 venerabilis
1735 3890 1780 3939 est

137 3979 226 4028 tnrna
240 3972 334 4027 inedia
354 3971 520 4042 sanguinem
546 3969 683 4023 vomebat.
713 3968 831 4023 llultum
852 3968 942 4038 igitur
981 3964 1059 4020 locus
1073 3966 1135 4032 iste,
1152 3971 1180 4020 ct
1194 3983 1242 4021 ora
1257 3984 1307 4037 pro
1320 3983 1375 4021 me.
1388 3968 1453 4023 Haec
1463 3968 1558 4024 dicens
1572 3971 1691 4027 tradidit
1699 3973 1780 4046 spiri-

138 4060 314 4116 confortatus
322 4058 498 4131 Paphnutius
511 4058 540 4111 in
552 4056 743 4111 admonitione
756 4057 826 4125 ejus,
839 4055 941 4110 disces·
983 4063 1043 4107 tum
1057 4054 1190 4109 Kalendis
1203 4055 1339 4110 Januarii.

137 4150 179 4206 ait
192 4149 229 4204 ab
244 4166 287 4205 ea
299 4150 334 4204 Et
349 4149 462 4203 veniens
476 4147 513 4202 ad
528 4145 669 4210 abbatem,
685 4144 771 4200 dixit:
790 4143 941 4199 AEdisrcata
1019 4143 1086 4196 One.
1102 4143 1161 4197 XV.
1179 4177 1209 4187 ·-
1224 4144 1298 4199 Dum
1313 4146 1438 4203 audisset
1461 4148 1530 4202 talia
1543 4149 1627 4205 verba
1649 4151 1779 4223 Paphnu·

136 4244 183 4294 est
197 4237 294 4292 anima
309 4254 372 4291 mea
389 4238 423 4291 de
436 4236 483 4291 illa
497 4234 594 4301 fratrc,
611 4241 639 4288 et
652 4235 691 4287 ita
706 4250 769 4288 sum
785 4232 864 4287 laetus
879 4233 941 4287 effe·
981 4230 1048 4297 tius,
1062 4237 1090 4285 ct
1101 4231 1216 4287 vidisset
1229 4233 1296 4304 quia
1310 4232 1488 4303 obdormivit,
1503 4244 1645 4294 commota
1656 4247 1721 4295 sunt
1737 4241 1778 4293 ri-

136 4334 201 4383 ctus
227 4327 257 4382 in
277 4326 369 4399 gratia
388 4326 438 4380 Dei
459 4342 491 4380 ex
507 4323 696 4379 consolatione
718 4324 789 4393 ejus,
806 4327 942 4392 tanquam
982 4320 1145 4390 secrecius,
1161 4321 1360 4393 ceciditquein
1373 4330 1488 4388 terram,
1506 4330 1534 4377 et
1548 4324 1638 4381 factus
1652 4328 1779 4383 estvelut

136 4417 312 4472 invenissem
328 4416 416 4470 filiam
428 4432 530 4470 meam.
543 4412 749 4468 Commendans
759 4429 789 4465 se
801 4411 831 4465 in
841 4410 941 4465 oratio·
983 4415 1119 4463 mortuus.
1131 4411 1287 4464 decurrens
1298 4416 1393 4465 antem
1402 4412 1550 4483 Agapitus,
1563 4414 1658 4469 videns
1667 4432 1790 4488 quoque·

137 4506 226 4562 nibus
241 4503 350 4560 abbatis
374 4510 402 4559 ct
416 4504 541 4558 omniurn
556 4502 684 4566 fratrum,
707 4517 835 4555 reversus
850 4506 893 4555 est
912 4493 1049 4570 ianuia
1067 4498 1214 4553 defunctus
1234 4505 1309 4554 esset
1329 4499 1510 4573 Smaragdus,
1532 4508 1560 4557 et
1589 4504 1778 4575 l'aphnutium

139 4595 259 4650 domum
273 4611 363 4659 suam,
380 4594 563 4664 magnificans
577 4592 677 4645 Deum.
979 4589 1119 4659 jacentem
1135 4588 1163 4642 in
1174 4593 1250 4642 terra
1260 4590 1434 4656 semivivum,
1445 4593 1562 4662 jactavit
1572 4593 1599 4646 in
1609 4593 1708 4646 facicm
1716 4596 1777 4665 ejus

178 4686 246 4739 Car.
263 4685 338 4739 Xlll.
354 4715 378 4724 —
391 4683 540 4754 Complens
551 4687 645 4735 autem
657 4679 829 4748 Smaragdos
836 4678 865 4733 in
872 4678 942 4732 cella
983 4693 1083 4747 aquarn
1098 4676 1148 4746 (o),
1162 4684 1190 4731 et
1201 4678 1319 4733 elevavit
1331 4696 1395 4734 eum
1409 4681 1521 4735 dicens:
1539 4682 1611 4746 Quid
1624 4682 1717 4749 habes,
1730 4685 1779 4739 do-

137 4773 269 4829 solitaria
279 4772 396 4843 triginta
404 4780 433 4827 et
443 4778 503 4826 octo
511 4787 607 4835 annos,
620 4768 717 4823 incidit
726 4769 753 4822 in
765 4767 939 4834 infirmitate,
982 4765 1057 4819 minc
1072 4766 1109 4819 mi
1125 4767 1282 4838 paphnuti?
1291 4768 1338 4822 nit
1352 4776 1447 4823 autem
1459 4769 1649 4840 Paphnutius:
1663 4772 1778 4829 Dimitte

136 4879 198 4935 qua
212 4867 242 4917 ct
256 4868 383 4916 mortuus
397 4867 449 4917 est.
460 4862 587 4925 Quanam
603 4863 694 4924 862
707 4875 772 4911 vcro
785 4857 830 4910 die
841 4873 941 4910 secun·
982 4871 1029 4910 me.
1039 4863 1069 4910 ut
1080 4856 1124 4909 hic
1133 4857 1641 4923 moriar‚vidienimrnirabiliahodie.
1654 4862 1778 4933 Surgens

134 4953 208 5008 dum
228 4952 459 5006 consuetudinem
475 4950 552 5005 venit
567 4947 742 5019 Paphnutius
752 4946 870 5000 inrisere
885 4962 942 4999 mo·
982 4951 1076 4999 cirtem
1092 4945 1176 4999 irruit
1186 4945 1214 4999 in
1225 4943 1324 4999 faciem
1337 4948 1407 5016 ejus,
1420 4948 1626 5004 multitudinem
1640 4951 1779 5024 laeryma-

134 5041 305 5108 nastcrium
314 5037 811 5114 etpostorationemobsalutationem
823 5034 941 5089 fratru'm
983 5050 1045 5089 rum
1060 5034 1218 5102 infundere,
1231 5034 1370 5099 clamabat
1378 5035 1472 5091 dicens
1482 5035 1562 5092 :Heu
1574 5040 1634 5093 me!
1648 5041 1705 5096 filia
1716 5060 1781 5099 urea

142 5132 218 5189 dixit
229 5131 290 5186 seni
305 5150 311 5186 :
325 5131 357 5187 Si
374 5131 468 5202 iubes,
493 5131 586 5193 Pater,
600 5128 680 5180 mitte
695 5144 740 5179 me
756 5123 941 5194 Smaragdum
983 5122 1152 5187 dulcissima,
1164 5140 1251 5194 quare
1261 5128 1326 5177 ante
1337 5141 1393 5179 non
1408 5125 1593 5182 manilestasti
1604 5129 1673 5185 mihi
1687 5137 1779 5204 utcgo

134 5219 245 5288 videre,
255 5220 321 5292 quia
331 5221 410 5275 valde
424 5219 565 5274 desiderat
575 5234 637 5271 eum
645 5215 817 5269 animamea.
827 5213 943 5267 Vocato-
983 5229 1094 5284 quoque
1117 5218 1210 5266 tecum
1231 5229 1356 5267 morerer
1378 5219 1534 5284 spontanea
1552 5218 1717 5276 voluntate?
1732 5222 1780 5277 b'ae

134 5310 325 5383 quedgapito
336 5309 470 5381 praecepit
481 5309 505 5362 ci
518 5308 619 5360 ducere
629 5303 819 5377 Paphnutium
833 5302 868 5356 ad
878 5302 943 5356 visi·
984 5301 1051 5355 mihi
1062 5301 1068 5353 !
1080 5301 1220 5371 quomodo
1229 5301 1503 5373 latuistilqnomodo
1517 5308 1697 5376 pertransisti
1712 5311 1780 5365 insi·

132 5398 464 5470 tandumSmaragdum.
475 5396 613 5453 introiens
621 5392 796 5464 Paphnutius
804 5392 832 5445 in
845 5391 944 5447 cellam
984 5390 1045 5444 dias
1056 5389 1289 5457 adversariorum,
1297 5395 1325 5444 et
1335 5392 1474 5464 nequitias
1482 5394 1644 5466 spirituales
1653 5399 1781 5454 tenebra·

131 5488 189 5549 ubi
206 5506 279 5560 aegcr
288 5489 410 5561 jacebat,
422 5488 507 5560 coepit
517 5504 581 5541 euru
598 5482 717 5538 oseulari
733 5483 900 5553 lacrymans,
916 5485 945 5535 ct
985 5497 1047 5535 rum
1058 5479 1120 5532 vitae
1130 5479 1225 5551 hujus,
1236 5479 1392 5536 ctintroisti
1403 5482 1430 5536 in
1443 5482 1528 5537 vitam
1539 5487 1691 5540 eteniam?

129 5578 250 5635 dicens:
268 5579 330 5634 lleu
352 5579 415 5633 me!
437 5577 486 5632 nbi
511 5581 578 5630 sunt
601 5570 801 5646 promissiones
815 5576 881 5638 tuac,
897 5568 945 5641 ubi
1021 5568 1166 5625 caaxvl.
1179 5598 1202 5609 ·
1217 5569 1428 5643 llmcdgapitus
1437 5571 1601 5639 audiens,et
1610 5590 1779 5645 cognoscens

129 5666 223 5735 verba
239 5667 344 5737 dulcia
360 5667 436 5741 quod
450 5666 520 5722 mihi
544 5665 668 5720 laturam
691 5658 840 5733 videndam
856 5658 945 5715 oeulis
984 5664 1044 5715 tarn
1058 5656 1217 5714 mirabilem
1229 5673 1353 5729 causam,
1368 5660 1540 5734 stupetactus
1555 5667 1607 5731 cst,
1625 5667 1656 5718 et
1664 5678 1780 5723 currens

340 5768 474 5830 Parnon.
489 5767 625 5831 Llllllll.
1598 5771 1634 5831 tl
