3818 6120
118 344 157 407 tt
745 338 1045 403 pseudomenon
1060 339 1135 400 ΧΠ.
1720 339 1756 397 50
1875 402 1878 409 ,

117 488 195 538 mm.
209 467 330 544 partui,
342 467 419 526 actis
430 465 468 525 sd
483 466 672 542 neptunium,
687 471 723 528 ds
735 471 801 528 liuta
814 472 951 533 sanctaA
960 469 1108 526 attulerint
1135 463 1379 542 pmhavcrintque,
1409 465 1509 524 lubens
1529 467 1714 540 acquiescam.
1741 483 1755 521 s

117 560 280 617 wiborada
291 558 434 614 existimat
443 558 539 614 Vitam
548 564 654 615 saneim
666 560 797 633 Eugeniae
809 577 918 617 versam
960 553 1102 616 Hactenus
1111 559 1168 616 ille.

118 650 274 706 cliuillas.
294 648 350 704 Sed
372 647 447 703 unde
469 648 522 704 hae
544 648 758 723 deprompserit,
788 649 918 722 equidem
996 649 1115 722 Septimi
1129 648 1193 704 libri
1208 647 1347 719 interpres
1360 651 1403 703 est
1415 646 1591 710 Paschasius,
1608 648 1639 705 S.
1664 647 1698 703 R.
1722 647 1754 703 E.

118 740 224 796 nescio.
240 737 416 804 Passerinus,
434 737 464 792 in
481 739 628 811 Apparatu
645 755 734 807 sacro,
760 739 801 795 ait
822 739 917 795 Vitam
959 738 1102 804 diaconus,
1121 738 1168 810 qui
1184 738 1277 809 [aaut]
1291 736 1405 793 Martini
1413 737 1575 793 Dumisnsis
1589 735 1698 793 abbatis
1712 752 1758 793 ro·

118 827 362 899 mmaeEugeniae
368 825 503 899 scriptam
511 825 703 883 sbAmbrosio
711 827 917 884 camaldulensi
957 834 1026 900 gata
1037 845 1101 883 cum
1113 827 1263 883 Latinitate
1277 826 1400 882 donavit.

118 917 231 973 abbate.
247 917 291 972 An
304 931 414 971 versam
428 915 511 971 vulti
524 915 607 972 Certe
621 917 703 987 plura
714 916 770 971 alia
778 917 858 971 Vitas
867 917 919 972 Pa·
994 919 1036 973 lta
1049 918 1153 971 diserte
1167 916 1291 988 prefatio
1303 915 1375 970 libro
1389 915 1429 970 illi
1443 916 1556 987 praelixa
1569 916 1690 988 prefert.
1704 917 1758 973 'ie‘-

117 1010 194 1062 unm
206 1005 447 1078 spactantiaidem
460 1008 567 1071 auctor,
583 1005 683 1061 eodem
694 1010 776 1069 teste,
787 1005 881 1062 vertit.
959 1012 1052 1061 statur
1065 1023 1177 1078 quoque
1190 1004 1352 1077 Sigebcrtus
1365 1021 1460 1076 supra,
1469 1021 1529 1076 cap.
1544 1003 1593 1061 lle
1607 1023 1613 1059 :
1631 1023 1645 1058 a
1661 1004 1756 1061 Marti·

154 1097 236 1168 [xm]
251 1095 406 1152 Secundus.
426 1093 527 1150 temius
546 1100 576 1150 et
594 1101 711 1166 quartus
735 1094 799 1150 libri
821 1095 918 1168 scripti
958 1113 1012 1151 nus
1026 1096 1172 1167 episcopus
1181 1095 1336 1160 transtulit,
1351 1110 1403 1165 per
1416 1109 1532 1149 manum
1543 1090 1684 1148 Paschasii
1697 1094 1757 1149 dia·

117 1189 185 1241 sunt
198 1185 307 1249 Latine,
321 1184 365 1238 uel
378 1189 455 1238 certe
468 1183 503 1238 dc
516 1184 641 1238 versione
661 1200 717 1239 non
732 1189 851 1239 constat.
867 1184 918 1238 Vel
959 1185 1031 1247 coni,
1043 1183 1320 1254 interrogationes-et
1335 1183 1532 1255 responsiones
1542 1182 1679 1254 plurimas
1693 1199 1757 1239 ssu·

116 1274 230 1346 potitus:
247 1277 366 1346 quartus
379 1277 456 1327 certo
470 1273 592 1345 scriptus
606 1273 715 1340 Latine,
733 1273 768 1327 de
777 1271 918 1345 prioribus
959 1278 1068 1327 ciarum
1076 1272 1273 1344 AEgyptiarum
1280 1272 1396 1327 Patrum
1405 1272 1434 1325 in
1442 1270 1586 1326 Dumisnsi
1592 1270 1729 1326 coenobio.
1741 1289 1754 1325 v

117 1361 230 1418 duobus
248 1360 376 1417 dubium.
392 1359 463 1414 vide
479 1359 554 1416 dicta
567 1361 721 1433 prolegom.
738 1361 763 1426 t,
781 1363 840 1416 bet
854 1359 881 1414 6.
981 1361 1115 1416 xAdverte
1131 1361 1185 1427 hie,
1198 1361 1299 1433 primo,
1309 1361 1379 1415 duos
1392 1359 1479 1416 fuisse
1489 1359 1654 1415 Paschasios
1666 1359 1757 1416 diaeo·

152 1451 251 1517 Quinti
262 1450 328 1506 libri
339 1449 478 1522 interpres
489 1454 534 1506 est
542 1450 674 1522 Pelagius
688 1451 717 1507 S.
734 1451 768 1506 a.
785 1451 816 1505 E.
827 1450 919 1506 diaco-
958 1466 1010 1504 nos
1024 1450 1068 1504 his
1083 1449 1256 1522 temporibus
1268 1466 1339 1522 pene
1353 1464 1488 1521 suppares
1504 1451 1579 1517 (nam
1590 1446 1757 1506 Paschasius

115 1555 180 1595 urus.
959 1538 1111 1594 lietbertus
1126 1538 1236 1594 duobus
1247 1537 1357 1594 saeculis
1365 1538 1505 1610 posterior
1512 1538 1543 1593 in
1552 1539 1627 1594 hunc
1640 1551 1756 1595 censum

153 1628 198 1684 lta
215 1631 379 1684 constanter
391 1629 459 1685 diss.
474 1626 646 1700 sigebertus,
663 1627 697 1683 de
709 1627 810 1683 illustr.
827 1627 919 1684 Eccle-
958 1627 1757 1699 venirenonpotestl,utrumquescriptisclarum.Primus
1843 1646 1847 1651 ·

117 1734 166 1772 nes
187 1716 389 1789 Scriptoribus,
413 1733 474 1788 cap.
498 1715 571 1775 tlt:
601 1716 761 1789 «Pelagius
785 1716 918 1773 diaconus
959 1723 1002 1773 est
1015 1716 1218 1772 PaschasiusS.
1229 1717 1262 1771 li.
1279 1717 1310 1770 E.
1322 1716 1464 1783 diaconus,
1483 1733 1496 1768 r
1512 1717 1592 1788 cujus
1606 1717 1756 1773 rectissimi

116 1806 252 1860 Romanae
265 1805 395 1861 Ecclesia
409 1805 556 1862 transtulit
569 1806 604 1860 de
620 1806 715 1861 Gracc
730 1805 760 1860 in
773 1805 915 1873 Latium,
928 1793 1010 1874 Btait
1021 1812 1135 1862 sanctus
1143 1805 1296 1878 Gregorius
1308 1804 1354 1859 lib.
1372 1821 1399 1860 rv
1409 1804 1528 1877 Dialog,
1537 1822 1599 1878 cap.
1609 1805 1656 1863 iti<¹
1673 1808 1754 1862 etlu-

115 1891 150 1947 de
169 1893 237 1949 vira
261 1898 291 1949 et
309 1894 447 1961 doctnns,
470 1894 552 1949 etde
572 1894 741 1966 periectione
755 1900 917 1951 sanctarum
958 1895 1063 1950 culenti
1078 1895 1113 1949 de
1127 1899 1224 1949 sanato
1239 1893 1347 1966 Spiritu
1368 1893 1433 1949 libri
1457 1899 1613 1961 exstant3s
1639 1894 1753 1966 quique,

115 1985 234 2039 Petrum
249 1985 400 2049 librosxvr,
413 1983 532 2040 scilicet:
541 1985 572 2038 de
581 1986 706 2053 Profecto
718 1985 917 2039 monachorum
958 1983 1057 2038 eadem
1070 1987 1152 2049 teste,
1177 2000 1191 2034 a
1213 1980 1388 2054 temporibus
1411 1983 1573 2055 Symmachi
1595 1983 1756 2054 apostolicae

113 2073 201 2138 tib.1,·
217 2074 250 2128 de
261 2072 376 2142 antean
386 2090 393 2141 ;
404 2075 436 2129 de
448 2061 671 2142 Uompuaetiana
685 2088 710 2137 1,·
725 2075 757 2128 de
768 2074 916 2129 Continen-
957 2072 1031 2125 sedis
1047 2071 1172 2143 praesulis
1183 2071 1330 2126 defunctus
1340 2075 1392 2125 est.
1403 2090 1416 2124 n
1428 2071 1506 2127 Sedit
1519 2075 1614 2127 autem
1628 2073 1756 2144 Symma-

115 2165 166 2228 tr'a,
175 2179 184 2216 ι
191 2181 201 2227 ,·
212 2161 317 2217 Contra
324 2163 550 2230 fornicationem,
560 2176 584 2230 13
597 2163 673 2230 Quod
684 2162 833 2216 monachas
842 2161 916 2216 citit
956 2159 1025 2214 chus
1038 2158 1073 2213 ab
1087 2176 1161 2214 anno
1174 2158 1271 2216 latae
1281 2160 1551 2231 annumsttltujus
1560 2160 1647 2216 etiarn
1657 2161 1756 2216 memi-

112 2251 490 2320 debeatpossiderc.1;Qood
501 2252 574 2306 nihil
580 2266 631 2321 per
640 2253 847 2305 ostentationem
855 2251 917 2317 pieri
957 2248 1000 2303 nit
1014 2246 1185 2319 Sigebcrtus,
1202 2248 1237 2302 de
1251 2248 1354 2303 illustr.
1370 2248 1442 2303 Eccl.
1458 2249 1605 2321 Scriptum,
1622 2265 1683 2322 cap.
1709 2248 1751 2317 i'i,

112 2339 217 2405 abeat,
234 2353 263 2407 ις
278 2342 315 2395 lte
324 2343 463 2410 patientia
478 2345 503 2396 et
516 2341 696 2409 fortitudine,
713 2354 741 2406 ις
762 2339 838 2407 (laod
859 2353 916 2393 aaa
957 2337 1046 2392 etalii
1061 2337 1240 2410 posteriores.
1250 2336 1386 2392 llicidem
1400 2338 1487 2393 estad
1500 2354 1585 2410 quern
1599 2338 1754 2411 Eugippius

113 2432 239 2496 oporteat
248 2430 379 2498 judicare
386 2444 562 2498 quemquam,
578 2438 608 2497 1;
625 2430 701 2496 Quod
710 2432 813 2497 oportet
829 2427 917 2482 sobrie
956 2425 1103 2499 presbyter
1117 2427 1212 2482 Vitam
1223 2426 1313 2481 sancti
1320 2426 1446 2482 Severini
1458 2426 1625 2483 Noricorum
1634 2427 1754 2500 apostoli

112 2519 215 2582 nome,
233 2530 261 2582 13
282 2518 359 2586 Quod
372 2519 432 2572 sine
448 2520 655 2573 intermissione
669 2522 694 2572 et
707 2518 796 2572 sobrie
813 2519 916 2586 oportet
956 2530 974 2567 a
987 2531 1016 2569 se
1025 2513 1211 2586 conscriptam
1219 2514 1386 2582 transmisit,
1401 2516 1518 2587 ejusque
1526 2530 1650 2570 censura
1660 2515 1753 2588 subje-

111 2622 206 2674 orare,
223 2619 251 2674 13
267 2607 480 2674 deilamr‘litote,
491 2621 516 2675 1;
530 2608 562 2662 de
576 2609 749 2673 renitentia,
762 2620 789 2674 13
803 2605 916 2661 dadbe-
956 2602 1003 2657 cit.
1018 2603 1091 2657 Nam
1105 2619 1218 2669 nomen,
1235 2607 1356 2674 tempus,
1374 2603 1452 2659 locus
1465 2609 1494 2659 et
1506 2619 1587 2659 sacra
1602 2603 1708 2660 iunctio
1724 2605 1754 2661 id

111 2699 208 2762 ritate,
224 2709 255 2762 13
270 2697 302 2750 de
315 2697 502 2762 Pruor'dentia,
518 2711 565 2749 sea
581 2695 824 2764 Contemplatione,
841 2708 890 2751 ι.»
956 2692 1066 2756 docent,
1081 2691 1123 2745 ait
1132 2691 1269 2747 Baronius
1287 2697 1364 2747 tomo
1378 2693 1416 2748 Vl
1430 2693 1583 2748 Annalium
1597 2694 1632 2748 ad
1647 2708 1752 2750 annum

149 2783 227 2838 Sexti
241 2781 306 2837 libri
320 2783 459 2856 interpres
473 2787 517 2839 est
530 2785 652 2840 ioannes
664 2783 692 2838 S.
707 2783 741 2837 R.
758 2783 788 2837 E.
805 2781 916 2837 subdia·
956 2778 1018 2837 496.
1028 2779 1314 2851 Cuiresponditidem
1326 2781 1501 2849 Paschasius,
1510 2799 1594 2854 quam
1604 2783 1753 2854 epistolam

112 2885 213 2926 canus.
492 2941 495 2947 Ι
935 2935 937 2939 y
955 2868 1093 2923 Batonius
1107 2868 1211 2924 ibidem
1225 2869 1345 2925 exhibet.
1363 2871 1431 2925 Eam
1444 2871 1490 2925 hic
1505 2872 1703 2943 prolegomeno
1717 2872 1753 2932 25

148 2956 915 3032 taomnssalsssigebertussuprsnap.1172«roan
954 2956 1089 3013 invenies.
1106 2957 1250 3012 Secundus
1267 2963 1310 3013 est
1322 2959 1489 3039 Paschasius
1504 2959 1638 3016 diaconus
1656 2977 1752 3018 mans·

109 3062 163 3102 nes
174 3046 364 3103 subdiaconus
377 3048 522 3103 transtulit
535 3048 570 3102 de
584 3045 680 3102 creso
694 3047 724 3101 in
737 3045 869 3101 Latinum
878 3045 914 3100 de
954 3047 1032 3101 sterii
1045 3046 1205 3101 Durniensis
1214 3047 1243 3100 in
1254 3046 1380 3111 Gallicis,
1392 3049 1439 3119 qui
1449 3065 1533 3104 suum
1542 3048 1646 3105 librum
1657 3052 1691 3105 dc
1706 3051 1753 3106 Vl·

113 3133 181 3190 Vita
195 3138 226 3190 et
238 3134 368 3190 doctrina
382 3135 498 3189 Petrum
512 3133 616 3189 librum
629 3147 648 3189 1.
666 3152 680 3186 v
922 3111 990 3190 Ctis
1004 3136 1132 3198 Petrum,
1145 3134 1232 3205 quiin
1244 3121 1752 3209 haceditioneseptimusest,dediea·

146 3223 229 3289 Quod
244 3239 312 3280 raro
323 3224 364 3278 ait
377 3223 540 3295 sigebertus
555 3239 573 3278 a
588 3223 695 3278 ioanne
709 3222 879 3277 translatum
896 3237 912 3276 e
952 3223 993 3277 vit
1003 3223 1126 3279 namins
1140 3223 1304 3297 presbytero
1320 3229 1349 3280 et
1362 3224 1457 3282 abbati
1483 3227 1649 3296 Dumisnsi3
1669 3230 1751 3300 cujus

108 3313 245 3369 Gmaoin
254 3313 679 3378 Iafinumtitrumanom,rum
689 3316 913 3383 tamenquatuor
952 3313 1066 3368 Martini
1081 3311 1189 3369 obitum
1204 3313 1357 3384 Gregorius
1370 3315 1551 3382 Turonensis,
1570 3316 1622 3374 lib.
1642 3332 1661 3371 v
1675 3317 1747 3373 liist.

108 3401 221 3456 libellos
234 3401 422 3470 transtulerit,
438 3402 531 3474 potnit
544 3401 598 3456 hoc
611 3400 761 3472 contigisse
769 3399 842 3472 quad
850 3400 911 3470 ipsa
952 3403 1069 3468 Frena,
1085 3417 1146 3475 cap.
1164 3400 1198 3460 37
1212 3417 1287 3458 anno
1304 3401 1498 3459 bchildeberti
1507 3404 1630 3475 iunioris
1639 3405 1748 3474 statuit,

107 3489 141 3545 in
154 3491 212 3549 iis.
228 3489 368 3556 inciderit,
383 3491 432 3563 qul
446 3490 555 3546 libellos
569 3489 631 3545 illos
656 3489 716 3547 sine
738 3489 821 3545 titulo
840 3488 911 3543 indi·
951 3492 997 3546 cui
1011 3491 1149 3548 Baronius
1164 3496 1242 3548 mmo
1257 3492 1308 3548 llll
1322 3492 1476 3547 Annalium
1490 3507 1597 3550 annum
1617 3493 1668 3551 583
1682 3494 1751 3550 assi·

107 3579 228 3636 sfinctas
240 3578 431 3635 connectebat.
453 3579 504 3634 Vel
519 3580 625 3635 tibrum
639 3593 729 3633 anam
752 3577 836 3649 capit,
863 3575 911 3648 qui
949 3587 1028 3651 gnat.

109 3675 234 3742 quatuor
246 3667 356 3726 libellas
366 3669 501 3727 confluet.
663 3741 668 3753 ⁹
986 3670 1108 3725 Advorte
1121 3668 1749 3746 secundo,iisdemquoquetenrponbusduos

146 3758 269 3814 Adverte
289 3758 354 3830 quis
371 3762 468 3813 autem
483 3755 613 3827 Pelagius
632 3754 687 3820 hic,
704 3754 766 3826 quis
788 3756 911 3811 ioannes
951 3758 1036 3814 fuisse
1057 3759 1224 3831 Eugippias:
1248 3758 1327 3815 Unus
1352 3758 1447 3827 abbas,
1471 3763 1520 3835 qui
1540 3762 1653 3835 scripsit
1684 3783 1696 3815 ι
1711 3763 1749 3819 ad

109 3848 207 3915 fuerit,
222 3847 325 3903 merito
339 3847 427 3919 quari
438 3849 540 3918 potest.
556 3845 594 3905 R.
613 3844 644 3900 P.
654 3843 792 3916 Georgius
802 3845 911 3900 Garns·
951 3847 1102 3919 quemdam
1115 3848 1297 3904 Paschasium
1312 3847 1461 3906 diaconum
1475 3851 1510 3906 de
1520 3851 1584 3908 Vita
1594 3852 1750 3910 sanctimo-

109 3936 170 4003 scit,
185 3935 258 3992 libro
271 3951 359 4008 supra
371 3932 466 4002 citato,
479 3939 576 3991 musei
584 3933 729 4005 Pelagium
750 3933 825 3989 hune
845 3939 912 3991 ante
951 3936 1034 3991 naabi
1049 3937 1185 4005 Severini,
1202 3942 1231 3993 ct
1243 3938 1345 3993 claruit
1358 3944 1422 4011 post
1442 3941 1618 3998 consumtum
1638 3943 1748 4017 Impor-

111 4028 141 4082 S.
155 4026 190 4081 B.
206 4026 236 4081 E.
252 4026 412 4091 decanum,
426 4040 491 4081 cum
505 4023 692 4079 hunolibrum
703 4029 833 4090 verteret,
847 4029 912 4096 post
951 4026 1012 4081 tuni
1025 4026 1156 4097 junioris,
1171 4027 1321 4084 Anastasio
1335 4027 1506 4101 imperatore
1523 4031 1670 4104 regnante,
1688 4039 1749 4090 rut

110 4115 200 4171 iubae
212 4115 373 4171 Romanum
387 4113 549 4187 pontificem
562 4112 599 4168 ab
612 4128 686 4168 anna
709 4113 822 4169 Domini
846 4112 909 4182 555,
951 4114 992 4169 sit
1005 4114 1130 4170 isidorus
1144 4115 1179 4172 de
1192 4115 1295 4172 illustr.
1311 4118 1440 4174 Ecclesia
1460 4119 1605 4192 Scriptor,
1622 4136 1683 4195 cap.
1702 4121 1745 4182 la.

111 4220 205 4277 mue
217 4205 255 4260 sd
268 4217 375 4260 annum
389 4201 451 4262 559.
466 4219 480 4255 ι
495 4202 538 4258 Ad
560 4202 636 4275 qnod
656 4202 844 4268 sentiendum,
865 4202 910 4258 in·
952 4203 1060 4258 claruit
1073 4204 1161 4276 igitur
1174 4205 1220 4260 lric
1233 4206 1318 4261 etiam
1332 4212 1396 4278 post
1409 4223 1515 4263 annum
1529 4209 1589 4275 509,
1612 4209 1642 4266 in
1662 4224 1747 4284 quem

111 4295 183 4368 quit,
191 4293 249 4349 duo
259 4309 305 4348 me
312 4292 471 4366 impellunt,
483 4292 595 4365 l⁰quod
603 4291 690 4347 fuerit
700 4292 803 4364 linguas
809 4292 911 4348 Graeca
951 4293 1112 4348 consulatus
1123 4295 1280 4366 importuni
1289 4309 1339 4350 seu
1353 4295 1511 4367 opportuni
1520 4296 1706 4362 inciditNam
1716 4300 1747 4357 in

109 4381 320 4454 peritissimus3
341 4381 369 4437 i·
382 4380 456 4453 quod
476 4378 570 4435 varias
580 4379 735 4451 legationes
755 4379 856 4436 obierit
875 4380 910 4436 ad
951 4381 1069 4454 epistola
1083 4398 1135 4437 sua
1152 4383 1241 4438 sancti
1256 4382 1381 4439 Severini
1396 4384 1466 4440 vita
1490 4386 1635 4458 praemissa
1656 4387 1695 4444 uit
1716 4405 1748 4446 ss

108 4469 264 4525 &alesiam
278 4468 463 4536 orientalem,
478 4466 629 4540 dequibus
652 4483 736 4523 nemo
758 4468 908 4536 dubitabit,
920 4468 1073 4530 [iscribere
1086 4470 1199 4527 biennio
1213 4476 1276 4544 post
1288 4472 1465 4529 consulatum
1480 4474 1647 4546 importuni.
1665 4475 1747 4535 Alius
1772 4462 1776 4468 ¹

109 4557 159 4631 qui
178 4557 327 4613 consulere
339 4557 460 4613 volucrit
472 4555 634 4623 Baranium,
651 4555 687 4610 ab
703 4572 778 4611 anno
802 4554 853 4614 538
875 4558 911 4614 ad
952 4559 1037 4614 etiam
1047 4557 1168 4627 abbas«
1184 4560 1232 4633 qui
1242 4560 1389 4618 defloravit
1398 4561 1483 4617 librus
1493 4561 1582 4618 sanni
1596 4565 1747 4637 Augustini

108 4660 219 4703 annum
236 4645 299 4704 555.
312 4647 345 4704 ld
358 4647 447 4720 igitur
457 4660 623 4720 persuasum
637 4645 707 4700 mihi
720 4644 820 4713 habeo,
836 4647 912 4702 hunc
951 4647 1072 4721 episcopi
1084 4648 1283 4722 Hipponensis,
1298 4650 1407 4724 furitque
1423 4646 1549 4724 tempore
1563 4653 1678 4710 secundi
1692 4653 1746 4712 Pe-

108 4735 259 4807 Peiafflm
272 4735 302 4791 in
315 4736 393 4792 lu'soe
406 4735 595 4808 legationibus
608 4734 739 4791 incidisse
752 4735 781 4789 in
796 4751 860 4790 eum
874 4736 910 4790 li·
950 4736 1027 4808 lagii,
1036 4743 1063 4792 ct
1075 4737 1254 4812 imperatoris
1267 4738 1371 4795 ‘liberii
1385 4739 1595 4809 mamarius»
1610 4726 1748 4802 utscribit

109 4824 196 4880 hrum
205 4825 335 4880 Gnaeum
347 4825 382 4880 ds
396 4840 451 4897 qua
472 4824 590 4880 Photias
612 4822 743 4879 meminit
762 4823 792 4879 in
808 4822 911 4881 Biblio·
951 4826 1113 4898 Sigebertus
1125 4828 1160 4883 de
1174 4828 1275 4883 illustr.
1292 4828 1422 4884 Ecclesiae
1442 4828 1587 4904 Scriptor,
1611 4847 1673 4906 cap.
1699 4814 1744 4893 39.

107 4914 204 4978 tbeee,
218 4912 288 4969 (iad.
306 4912 370 4981 tte,
387 4917 417 4970 et
435 4912 511 4969 hunc
529 4924 624 4969 secum
644 4913 763 4968 Romam
784 4929 910 4986 compor-
949 4912 1059 4971 Floruit
1067 4915 1155 4987 igitur
1167 4916 1215 4973 ille
1228 4916 1301 4972 eirca
1315 4931 1423 4975 annum
1437 4917 1497 4975 580.

108 5007 197 5067 tasse,
214 4999 376 5074 ibidemque
395 5000 585 5058 tmnstulisss.
604 5001 642 5057 At
662 5016 728 5057 vero
747 5016 811 5057 cum
837 5002 911 5058 hanc
985 5004 1025 5059 Ex
1038 5004 1082 5061 his
1095 5005 1462 5084 nunciacilecolliglpuiest
1478 5007 1562 5083 (quod
1577 5009 1664 5068 etiam
1677 5012 1747 5070 ami·

107 5089 270 5147 sereianem
285 5089 463 5164 perduxisset
478 5104 568 5163 usquc
591 5086 627 5144 ad
645 5089 731 5145 libelli
753 5105 804 5147 seu
821 5092 910 5164 partis
949 5092 1277 5150 cissimotisrneteltioin
1290 5088 1414 5152 metita
1428 5101 1555 5168 venerat)
1561 5101 1745 5173 posteriorem

108 5192 185 5234 xvm
197 5193 258 5252 cap.
272 5178 309 5236 so
322 5181 365 5248 (nt
383 5184 428 5234 est
446 5179 477 5235 in
499 5179 591 5252 prima
604 5178 749 5249 editione),
765 5195 829 5236 mos
847 5179 909 5237 aliis
950 5181 1131 5237 Paschasium
1144 5183 1328 5255 interpretem
1339 5172 1401 5242 esse
1411 5185 1476 5243 libri
1491 5187 1618 5261 septimi,
1634 5190 1664 5246 in
1679 5205 1745 5248 eum

109 5268 236 5340 negotiis
240 5267 419 5343 prepeditus,
431 5280 482 5326 seu
492 5268 588 5342 potius
600 5268 727 5325 Romana
735 5269 802 5326 sede
809 5270 912 5342 guber·
949 5270 1026 5326 enirn
1039 5271 1172 5328 seculum
1185 5272 1300 5330 liartini
1313 5274 1483 5346 Dumisnsis,
1493 5277 1539 5333 eui
1552 5292 1634 5335 suam
1642 5281 1746 5337 versio·

110 5356 209 5414 unda
228 5362 373 5424 oneratas,
395 5357 535 5433 reliquum
555 5352 692 5414 versionis
712 5374 783 5432 opus
800 5358 911 5416 ridetur
949 5376 1015 5417 nem
1029 5355 1165 5429 inscribit,
1182 5363 1311 5434 quadrat.
1329 5364 1544 5441 Stylusquoquc
1557 5367 1619 5440 eius
1632 5382 1689 5426 non
1703 5385 1746 5426 as·

108 5437 282 5519 imposuisse
294 5447 396 5504 lunai
409 5440 589 5516 midiaaono,
600 5456 683 5521 quem
697 5447 820 5503 arbitror
832 5464 911 5505 eum·
950 5450 1042 5522 surgit
1050 5449 1086 5506 sd
1094 5451 1197 5529 prioris
1204 5443 1347 5510 Paschasii
1356 5455 1470 5528 stylum.
1478 5454 1549 5512 Huic
1554 5456 1643 5528 priori
1652 5458 1745 5532 patius

108 5535 178 5591 dem
192 5550 256 5592 esse
268 5536 319 5609 qul
332 5536 446 5610 Pelagio
454 5537 484 5595 in
498 5537 631 5594 Samma
644 5535 772 5593 Ecclesia
785 5537 910 5611 primatu
949 5539 1385 5599 tribuendatranslab‘oParadisi
1396 5543 1560 5601 lleraclidis.
1568 5544 1608 5601 ile
1618 5563 1674 5620 qua
1683 5561 1746 5619 pro-

109 5625 261 5727 tunda
270 5618 316 5686 ita
326 5626 445 5703 mitis
455 5631 489 5687 et*
502 5625 643 5704 susensi
657 5625 725 5701 qaid
738 5626 787 5686 ulii
804 5627 909 5686 mitius
948 5627 1096 5703 legoniano
1111 5623 1157 5692 ib.
1172 5629 1227 5700 tici
1240 5636 1270 5690 et
1283 5630 1314 5690 S.
1330 5633 1364 5690 ii·
1383 5632 1416 5693 E.
1431 5631 1564 5692 waram
1578 5633 1664 5709 [serv]
1681 5631 1763 5705 tuit*
