3818 6120
133 254 182 313 aat
682 258 730 315 ns
747 259 842 316 vnis
861 258 1010 318 nemun
1028 261 1135 318 mass
1153 243 1201 318 1v.
1716 258 1768 317 aaa

128 383 299 456 xerophagia
307 384 430 441 contenti
436 390 529 441 essent
536 383 646 440 abbatis
651 384 752 440 linisset
757 386 926 441 auctoritate
934 389 960 448 Α
969 403 1053 444 senex
1066 388 1187 443 latenter
1200 386 1298 442 diebus
1310 384 1429 457 singulis
1438 384 1622 457 explorasset,
1629 382 1770 439 strideret

128 478 314 545 preceptum
336 480 466 547 essetque
486 476 538 532 hoc
553 474 691 530 universis
709 476 853 547 placitum,
876 494 928 534 nec
968 492 1032 531 eum
1046 475 1167 547 simplici
1179 475 1271 530 cordis
1288 475 1390 530 affectu
1404 474 1569 529 mandatum
1584 488 1680 538 mum,
1694 471 1771 526 velut

129 562 926 637 qnisquampossctullumcoctionissperarepulmentum;
969 565 1103 620 divinitus
1125 564 1305 636 imperatum,
1331 579 1452 628 servare,
1486 561 1628 618 miserans
1655 559 1769 615 tandem

127 648 201 716 illos,
212 650 441 721 velutquifructu
456 668 488 707 ac
501 653 630 707 mercede
640 653 684 707 sui
696 652 800 708 laboris
813 654 928 710 etobsa·
968 658 1027 708 tam
1037 655 1114 726 longi
1123 653 1227 709 laboris
1238 654 1300 725 ejus
1310 651 1558 724 perseverantiam,
1578 649 1716 706 accedens
1735 649 1769 703 ad

130 737 927 809 quiifraudarentur,siinordinevicissuaecibossratribus
968 743 1079 798 aridum
1101 742 1264 814 virgultum,
1291 741 1376 796 dixit:
1394 740 1417 798 0
1442 741 1482 795 nti
1501 742 1634 806 loannes,
1655 738 1768 793 misitne

130 842 186 881 non
202 831 356 886 secundum
374 831 604 885 consuetudinem
625 831 806 902 paravissent,
817 837 929 888 tantum
970 833 1077 887 radices
1090 834 1151 888 haec
1164 830 1257 898 arbor,
1272 848 1308 885 an
1323 830 1400 886 non?
1416 831 1543 902 Cumque
1554 829 1603 884 ille
1617 828 1726 884 nescire
1740 844 1768 881 se

129 914 182 969 sibi
192 920 339 988 spontanei
358 919 462 974 laboris
476 936 509 974 ac
529 919 725 974 sollicitudinis
738 920 882 989 indixisse,
896 927 930 978 ut
969 921 1094 989 dixisset,
1106 938 1200 986 senex,
1216 921 1292 975 velut
1301 925 1416 975 tentans
1431 920 1454 974 si
1465 920 1526 990 jam
1546 918 1606 974 suis
1628 914 1768 972 radicibus

129 1003 160 1058 in
170 1004 226 1060 illis
233 1007 321 1062 aridis
332 1025 364 1062 ac
373 1006 515 1063 sterilibus
521 1008 599 1075 locis,
609 1006 885 1080 inquibuslignanisi
894 1010 929 1068 de
968 1009 1227 1075 teneretur,evulsit
1236 1025 1332 1063 coram
1341 1008 1571 1080 ipsovirgultum;
1583 1011 1612 1061 et
1620 1005 1768 1078 projiciens

128 1091 280 1150 fructiferis
295 1095 442 1151 arboribus
457 1097 629 1164 excidantur,
646 1097 815 1152 omnimodis
826 1116 929 1170 neque-
968 1100 1080 1171 longius
1093 1100 1172 1167 illud,
1189 1099 1322 1172 praecepit
1334 1097 1470 1170 discipulo
1485 1104 1518 1152 ut
1531 1096 1664 1168 deinceps
1675 1094 1766 1167 rigare

129 1183 929 1259 untinveniri,nequeeniminillislocisullareperiuntnr
969 1194 1101 1244 cessaret.

129 1269 481 1345 frutetasilvestria.lgitur
487 1291 537 1346 per
544 1278 659 1329 extensa
669 1276 730 1329 avia
737 1276 928 1333 discurrentes
1239 1275 1357 1333 CAPUT
1370 1274 1483 1330 XXVII.

129 1357 364 1430 fratresilli,⁴etin
375 1379 511 1430 eremum,
524 1380 774 1434 quaversusmare
785 1367 928 1422 Mortuum
968 1368 1005 1422 De
1023 1369 1145 1423 inemoni
1165 1383 1241 1432 sano,
1266 1367 1339 1435 quod
1358 1366 1431 1418 idern
1443 1365 1562 1419 loannes
1581 1379 1632 1433 per
1646 1363 1767 1417 obedien·

130 1449 268 1517 tenditur,
280 1450 553 1519 abeuntes,festuoas
563 1458 662 1508 tenues
672 1471 704 1509 ac
714 1454 847 1526 spinulas,
859 1473 928 1527 quas
1268 1456 1338 1507 tiam
1352 1453 1470 1507 advenit.

130 1538 421 1612 ventushucillncqua
431 1540 788 1614 disperserat,colligentcS,
799 1550 928 1600 cunctam
1004 1548 1097 1609 5⁴ss
1113 1545 1212 1615 ltaque
1221 1560 1286 1598 cum
1296 1544 1357 1614 jam
1370 1541 1446 1596 fama
1457 1539 1623 1595 obedientiae
1637 1540 1700 1612 ejus
1722 1554 1769 1611 per

129 1625 929 1706 solemnitatemciborumspontaneisobsequiispraepara·
968 1633 1141 1687 monasteria
1159 1632 1291 1687 universa
1308 1631 1448 1702 fragraret
1473 1630 1569 1698 (cass,
1592 1631 1641 1684 lib.
1668 1644 1696 1683 tv
1723 1631 1769 1684 ln-

129 1722 238 1771 verunt.
249 1716 340 1773 Tanta
347 1720 530 1792 namquefrde
543 1722 600 1776 haee
609 1738 786 1777 snamunern
795 1722 928 1778 fratribus
941 1707 1240 1792 Bstiv.,c.tt)‚quidam
1250 1721 1350 1774 fratres
1360 1717 1770 1791 probationisimorediiicatio·

130 1803 326 1875 exhibuerunt,
342 1813 375 1863 ut
388 1809 473 1864 etiam
488 1826 551 1864 cnm
562 1810 624 1865 illos
641 1810 758 1866 honeste
776 1818 872 1884 posset
886 1812 929 1867 vel
970 1811 1014 1866 nis
1025 1812 1086 1882 eJus
1097 1809 1366 1866 causaveneruntad
1373 1824 1479 1863 senem.
1490 1807 1570 1862 Tunc
1578 1821 1665 1860 senex
1673 1821 1771 1861 vocans

132 1891 276 1964 lignorum
290 1912 422 1953 excusare
447 1900 574 1970 penuria,
589 1899 631 1952 vel
646 1899 755 1955 abbatis
768 1901 928 1973 imperinm,
971 1898 1140 1971 discipulum
1154 1915 1247 1966 suum,
1264 1899 1304 1954 ait
1316 1897 1351 1952 ad
1366 1912 1431 1952 eum
1446 1914 1451 1950 :
1468 1895 1567 1962 Curre,
1589 1895 1724 1961 loannes,
1744 1899 1772 1950 et

129 1997 181 2053 pro
191 1998 241 2038 sno
248 1983 341 2041 fructu
349 1990 434 2060 atquc
440 1988 799 2044 mercedenolucrintabuti
806 1989 927 2046 licentia.
970 2001 1068 2040 saxum
1077 1985 1148 2040 illud
1163 1985 1217 2039 huc
1231 1984 1345 2039 advolve
1360 1982 1536 2054 quantocius.
1550 1979 1604 2044 Qui
1623 1979 1770 2058 confestim

424 2077 540 2133 CAPUT
552 2077 637 2134 XXX.
970 2091 1068 2130 saxum
1092 2075 1225 2141 immane,
1250 2072 1382 2145 applicita
1405 2087 1481 2126 nunc
1494 2069 1611 2135 cervice,
1622 2085 1701 2123 nunc
1714 2072 1770 2124 toto

130 2161 168 2217 lle
178 2161 252 2216 beato
260 2164 377 2231 Ioanne,
388 2168 439 2234 qai
447 2166 588 2223 lectitabat
597 2171 682 2237 jacta
700 2169 768 2236 Lyco
787 2171 927 2239 oppidum.
970 2168 1173 2239 pectore,tanto
1180 2162 1242 2218 nisu
1252 2168 1337 2234 atquc
1347 2165 1448 2216 conatu
1456 2152 1771 2231 provolverecontende

165 2249 361 2309 Necessarium
373 2270 438 2309 reor
456 2255 522 2310 huic
536 2257 613 2327 operi
634 2258 930 2315 commemorationem
970 2251 1028 2319 bat,
1037 2258 1070 2307 ut
1079 2251 1181 2307 sudore
1193 2250 1381 2306 membrorum
1401 2265 1528 2315 suorum,
1541 2263 1599 2302 non
1616 2247 1710 2302 solum
1728 2251 1770 2302 to-

129 2338 221 2395 facere
243 2339 318 2396 beati
339 2343 455 2399 loannis
480 2345 573 2416 (Cass,
600 2347 647 2400 lio.
669 2347 929 2415 1v1nstit.,0.i3;
971 2335 1770 2409 tuminfunderetvestimentum,sedetiamsaxumipsum

130 2430 215 2497 Rufi,
240 2432 287 2485 lib.
313 2446 345 2499 n,
371 2448 429 2503 cop.
452 2435 487 2500 l),
511 2434 559 2504 qui
579 2441 769 2491 commoratus
790 2442 835 2491 est
850 2437 932 2508 iuxta
972 2431 1030 2486 suis
1044 2429 1197 2486 cervicibus
1215 2430 1400 2484 humectaret.
1420 2428 1453 2483 ln
1472 2426 1525 2482 hoc
1542 2442 1657 2499 quoqne
1674 2441 1770 2499 parum

130 2517 215 2590 Lyco,
230 2518 305 2591 quod
315 2526 358 2577 cst
373 2522 507 2594 oppidum
521 2522 680 2590 Thebaida,
701 2525 805 2596 quique
818 2530 933 2597 propter
972 2519 1092 2574 metiens
1101 2517 1357 2591 impossibilitatem
1372 2516 1506 2589 praecepti
1520 2516 1563 2570 vel
1574 2515 1653 2582 facti,
1668 2531 1718 2588 pro
1731 2530 1771 2569 rc·

132 2605 299 2664 obedientia
310 2608 442 2664 virtutem
452 2626 542 2682 usque
552 2611 876 2683 adprophetiaegratiam
888 2630 934 2669 su-
972 2608 1098 2664 verentia
1111 2608 1187 2664 senis
1200 2614 1228 2663 et
1244 2606 1370 2679 obsequii
1386 2605 1567 2678 simplicitate
1581 2604 1704 2671 sincera,
1718 2620 1772 2675 qua

131 2692 276 2752 blimatus.
287 2697 333 2752 Sic
343 2697 477 2770 enimper
489 2705 582 2754 totum
592 2700 693 2755 claruit
704 2701 851 2770 mnndum,
863 2707 933 2758 utet
973 2697 1104 2753 credebat
1117 2702 1178 2752 tota
1192 2696 1257 2763 nde,
1274 2713 1370 2751 senem
1386 2694 1456 2751 nihil
1471 2711 1553 2767 posse
1574 2694 1719 2749 incassum
1741 2709 1772 2748 ac

131 2783 246 2856 regibus
256 2786 355 2841 mundi
365 2787 451 2859 huius
461 2788 562 2844 merito
573 2790 795 2845 suoredderetur
803 2791 930 2848 illustris.
972 2786 1033 2841 sine
1052 2787 1161 2841 ratione
1180 2785 1339 2857 praecipere.
1358 2785 1509 2855 Hucusque
1528 2781 1642 2838 abbatis
1660 2781 1773 2838 loannis

131 2874 204 2929 Nom
218 2890 282 2929 cum
295 2875 326 2930 in
341 2878 484 2944 extremis,
500 2883 533 2933 ut
546 2878 612 2945 dixi,
634 2879 784 2935 Thebaida
805 2880 932 2953 partibus
972 2892 1062 2948 pauca
1071 2875 1105 2930 de
1120 2875 1217 2930 multis
1227 2874 1329 2929 dixisse
1340 2873 1462 2929 sufficiat
1470 2891 1477 2940 ;
1490 2888 1566 2928 nunc
1574 2870 1687 2927 abbatis
1693 2870 1773 2927 Mutii

130 2969 330 3033 commaneret,
344 2981 401 3020 non
411 2970 477 3021 ante
487 2966 675 3038 praesumcbat
693 2968 865 3024 Theodosius
877 2969 931 3024 im·
973 2964 1077 3020 factum
1091 2964 1208 3036 dignum
1222 2963 1359 3019 momoria
1373 2960 1620 3034 comprehendam.

130 3057 245 3125 perator
259 3055 294 3109 ad
309 3056 527 3127 praepotentium
541 3062 728 3128 tyrannorum
745 3057 818 3113 bella
833 3067 963 3130 proce-0
1244 3052 1362 3108 CAPUT
1375 3051 1501 3108 XXVIII.

131 3143 208 3212 dere,
219 3160 304 3216 quarn
319 3144 395 3199 illius
406 3146 582 3202 animaretur
593 3147 713 3202 omculis
723 3150 806 3219 atque
818 3163 931 3218 respon·
1091 3145 1128 3197 De
1143 3144 1271 3197 latrabili
1281 3144 1421 3212 patientia
1433 3141 1539 3195 abbatis
1555 3141 1651 3195 Mutii·

130 3230 179 3286 sis.
202 3231 309 3297 Quibus
333 3232 484 3301 confidens,
509 3234 588 3290 velut
607 3234 716 3289 coelitus
741 3235 794 3289 sibi
820 3234 928 3304 delatis,
1008 3229 1775 3304 llicnamqueabbasMutiusabrenuntiaredesiderans

130 3322 257 3394 trophaea
271 3322 307 3379 de
318 3323 474 3396 desperatis
484 3323 565 3380 bellis
578 3330 664 3397 atque
678 3325 805 3381 hostibus
820 3341 931 3398 semper
971 3322 1035 3377 huic
1046 3321 1366 3384 mnndomonasterium
1377 3319 1459 3392 petiit
1469 3320 1564 3385 (Coss,
1578 3321 1628 3373 lib.
1641 3319 1773 3385 flectit,

131 3412 295 3483 reportavit.
971 3428 995 3466 c.
1011 3411 1071 3482 at).
1084 3411 1138 3476 Qui
1148 3416 1207 3466 mm
1216 3410 1265 3466 diu
1276 3424 1326 3482 pro
1337 3408 1444 3465 foribus
1454 3407 1620 3464 monasterii
1634 3424 1698 3464 oum
1709 3424 1774 3481 par·

419 3502 537 3559 CAPUT
547 3503 645 3559 XXVI.
973 3501 1037 3556 vulo
1060 3501 1117 3556 silio
1143 3505 1205 3556 octo
1230 3499 1340 3555 circiter
1362 3514 1502 3553 annorum
1515 3496 1674 3563 excubavit,
1686 3497 1774 3553 donec

288 3592 325 3647 Da
338 3592 491 3648 obedientia
505 3594 627 3662 ejusdcm
640 3594 768 3649 loannis.
973 3590 1077 3662 suscipi
1087 3595 1252 3644 mereretur.
1264 3590 1392 3660 Cumque
1402 3587 1516 3642 medem
1527 3587 1634 3659 recepti
1644 3586 1770 3654 fuissent,

79 3754 81 3759 Ι
166 3680 218 3736 llic
236 3681 333 3751 itaque
357 3678 457 3734 beatus
475 3681 597 3735 loannes
621 3679 656 3734 ab
678 3681 866 3736 adolescentia
881 3698 932 3737 sua
973 3679 1119 3734 confestim
1131 3678 1166 3732 nb
1179 3678 1299 3732 invicem
1314 3676 1437 3748 separati
1450 3681 1525 3744 sunt,
1541 3692 1577 3731 ne
1593 3675 1704 3731 scilicet
1713 3676 1773 3748 Jugi

129 3784 219 3840 usque
233 3770 269 3824 ad
281 3767 433 3840 perfectam
452 3785 485 3824 ac
502 3768 610 3823 virilem
624 3774 736 3825 aetatem
758 3770 870 3824 cuidam
886 3788 931 3826 se·
971 3769 1077 3824 visione
1084 3768 1202 3841 parvuli,
1212 3767 1443 3823 reminisceretur
1451 3770 1532 3838 pater
1542 3764 1774 3837 quamabjecerat

130 3857 204 3912 niori
223 3856 384 3912 deserviens
405 3857 497 3925 (Coss,
514 3859 562 3912 tib.
580 3871 608 3911 iv
622 3859 726 3926 Instit,
738 3877 761 3913 c.
773 3857 828 3930 34),
844 3859 932 3915 donec
972 3858 1135 3915 facultatem
1147 3877 1154 3926 ;
1167 3864 1195 3913 et
1208 3855 1571 3930 quemadmodumdititem
1592 3873 1625 3911 se
1645 3856 1774 3928 jamnon

130 3945 178 4000 ille
200 3946 230 4002 in
252 3946 338 4017 hujus
360 3944 423 4000 vitae
446 3946 658 4002 conversatione
677 3947 798 4016 duravit,
813 3953 894 4003 tanta
905 3950 931 4004 ei
973 3946 1202 4014 essesciebat,ita
1220 3952 1251 4001 ct
1270 3951 1381 4018 patrem
1392 3961 1423 4001 se
1434 3960 1495 3999 csse
1503 3943 1638 3999 nesciret.
1651 3945 1730 4010 Quod
1743 3949 1774 4000 ut

131 4034 290 4091 humilitate
308 4033 431 4102 inhesit,
458 4039 491 4091 ut
514 4034 568 4107 ipsi
582 4051 696 4109 quoquc
715 4037 776 4092 seni
789 4043 933 4110 stuporem
973 4037 1083 4110 plenius
1093 4035 1270 4108 probaretur,
1281 4039 1378 4089 utrum
1388 4033 1447 4106 ipse
1460 4032 1524 4105 plus
1535 4033 1644 4089 faceret
1655 4033 1773 4088 affectio-

130 4139 272 4180 summum
281 4123 526 4180 obedientiaillius
537 4123 686 4181 incuteret.
696 4127 784 4199 Cujus
793 4127 867 4183 hanc
878 4128 931 4183 vir·
973 4144 1009 4183 nc
1023 4125 1168 4198 sanguinis
1183 4141 1219 4180 an
1234 4123 1409 4191 obedientia,
1422 4122 1621 4195 negligebatur
1631 4123 1771 4196 parvulus,

129 4216 230 4284 tutem,
246 4219 342 4271 utrum
356 4214 392 4270 de
406 4229 473 4270 vera
486 4214 541 4269 fide
556 4231 589 4270 ac
603 4215 743 4287 profunda
757 4216 850 4272 cordis
864 4218 930 4272 sim·
971 4214 1072 4288 pannis
1086 4213 1180 4286 potius
1194 4230 1278 4285 quam
1292 4211 1468 4268 vestimentis
1481 4208 1611 4266 indutus.
1624 4211 1680 4267 Sed
1693 4215 1722 4266 et
1732 4226 1773 4265 co·

128 4303 253 4377 plicitate
277 4303 469 4371 descenderet,
484 4304 579 4360 volens
594 4321 679 4361 senex
693 4305 870 4362 manifestius
885 4323 930 4361 ex·
969 4305 1061 4377 laphis
1074 4308 1159 4375 atque
1173 4303 1261 4375 alapis
1276 4303 1418 4375 expositus
1433 4300 1621 4368 diversomm,
1635 4299 1773 4373 quosple·

128 4392 249 4467 plorare,
265 4393 291 4448 ei
315 4393 405 4465 plura,
431 4393 516 4449 etiam
530 4395 675 4466 superflua
694 4400 723 4449 et
736 4385 961 4468 impossibilia‚U
971 4410 1091 4466 rumque
1098 4392 1243 4448 suboculis
1253 4394 1311 4447 suis
1321 4397 1402 4464 pater
1409 4390 1553 4446 innocenti
1560 4390 1679 4462 parvulo
1688 4389 1770 4444 etiam

128 4482 302 4556 frequentius
326 4481 502 4554 injungebat,
529 4499 562 4537 ex
577 4482 678 4555 quibus
690 4483 928 4556 paucajnmrabo.
969 4483 1059 4556 gratis
1072 4481 1206 4538 cernebat
1216 4482 1324 4548 inferri,
1340 4482 1382 4536 ita
1399 4484 1432 4536 nt
1450 4495 1597 4551 nunquam
1607 4495 1696 4551 genas
1714 4480 1772 4551 ejus

129 4573 256 4645 Sumpsit
269 4588 392 4644 namque
407 4572 442 4627 de
456 4571 576 4643 lignario
592 4589 643 4628 suo
662 4572 815 4644 virgultum
835 4590 928 4642 senex,
970 4574 1025 4628 nisi
1035 4574 1225 4645 lacrymarum
1244 4570 1422 4627 sordentibus
1436 4568 1561 4640 vestigiis
1578 4569 1690 4625 videret
1707 4568 1773 4624 infe-

129 4659 204 4730 quod
217 4658 284 4714 oIIm
300 4658 423 4714 excisum
438 4657 536 4715 usibus
550 4657 604 4712 foci
618 4658 711 4714 fuerat
729 4666 928 4731 praeparatum,
971 4667 1040 4716 ctas.
1052 4662 1179 4731 Cumque
1191 4659 1287 4714 taliter
1300 4659 1393 4714 infans
1405 4656 1458 4713 sub
1470 4656 1557 4713 oculis
1572 4657 1637 4728 ejus
1652 4672 1705 4728 per
1713 4656 1770 4711 sin·

129 4764 193 4804 cum
206 4748 259 4803 hoc
273 4765 367 4803 coram
380 4748 441 4821 ipso
455 4747 593 4803 infixisset
615 4748 644 4802 in
665 4753 781 4816 terram,
799 4750 931 4822 praecepit
972 4750 1053 4823 gulos
1062 4749 1121 4804 dies
1128 4753 1261 4820 ageretur
1269 4749 1316 4803 illc
1327 4765 1377 4820 pro
1388 4763 1484 4802 amore
1494 4745 1600 4802 Christi
1608 4750 1638 4801 et
1646 4744 1774 4800 obedien-

130 4836 156 4891 ei
179 4842 220 4903 nt,
246 4838 361 4894 advecta
385 4854 468 4910 aqua,
494 4836 620 4910 quotidie
641 4837 711 4892 illud
731 4837 773 4892 bis
787 4837 929 4910 irrigaret.
971 4841 1145 4906 tiaevirtute,
1159 4837 1250 4909 rigido
1264 4855 1376 4910 semper
1391 4841 1419 4892 et
1431 4834 1570 4892 immobili
1581 4834 1691 4891 viscere
1710 4851 1773 4908 por-

130 4924 210 4989 Quod
223 4932 393 4998 praeceptum
413 4926 596 4982 veneratione
620 4926 703 4982 solita
724 4927 784 4982 sine
805 4927 864 4983 ulla
876 4928 931 4983 im·
972 4928 1158 4985 duraritNon
1168 4928 1243 4983 enim
1254 4929 1395 4999 reputavit
1402 4928 1462 4999 jam
1473 4942 1557 4980 suum
1571 4924 1675 4993 tilium,
1691 4941 1774 4998 quem

133 5010 325 5085 possibilitatis
347 5016 572 5072 consideratione
585 5016 747 5072 adolescens
765 5017 930 5089 suscipiens,
973 5035 1067 5074 secum
1081 5018 1188 5090 pariter
1199 5016 1341 5072 obtulerat
1353 5016 1530 5081 christanae
1539 5012 1658 5070 curabat
1668 5014 1784 5087 depra-

127 5102 170 5157 ita
184 5101 355 5174 quotidianis
373 5104 473 5160 diebm
488 5106 617 5178 explevit,
634 5112 667 5160 ut
687 5122 790 5178 aquam
806 5123 857 5178 per
875 5107 931 5163 duo
972 5107 1098 5163 sentibus
1112 5108 1173 5178 ejus
1187 5107 1309 5178 injuriis.
1326 5105 1381 5161 Sed
1390 5105 1480 5176 magis
1489 5103 1637 5159 exultabat
1645 5105 1721 5176 quod
1728 5104 1782 5159 ille

128 5190 263 5246 milliaria
275 5191 467 5249 indesinenter
476 5200 639 5267 apportans,
652 5196 812 5251 nullatenus
824 5196 931 5268 lignum
971 5213 1154 5268 nequaquam
1168 5195 1373 5250 districtionem
1379 5194 1483 5249 mentis
1496 5193 1668 5265 illiusatque
1678 5193 1787 5248 immo-

128 5284 251 5337 cessaret
266 5280 374 5351 rigare3
388 5288 473 5354 atquc
485 5301 535 5355 per
549 5289 640 5341 totum
652 5286 719 5340 anni
729 5286 861 5358 spatium,
873 5303 930 5342 non
971 5285 1057 5342 bilem
1069 5287 1191 5358 rigorem
1207 5284 1355 5340 emolliret.
1364 5282 1444 5349 Quod
1463 5283 1560 5337 videns
1575 5283 1663 5338 Pater
1677 5298 1786 5338 mona-

129 5370 281 5428 infrrmitas
291 5371 425 5443 corporis,
437 5388 493 5427 non
503 5374 648 5446 occupatio
659 5375 833 5431 necessitatis
846 5376 931 5431 ullius
972 5376 1061 5444 sterii,
1077 5376 1112 5430 ad
1127 5373 1364 5446 comprobandam
1383 5373 1474 5444 inagis
1490 5373 1551 5443 ejus
1574 5372 1778 5437 constantiam,

130 5459 316 5527 intercedens,
333 5458 368 5514 ab
384 5459 561 5517 observantia
583 5465 715 5536 praecepti
734 5465 819 5535 hujus
838 5465 930 5537 potuit
971 5481 1034 5520 cnm
1049 5464 1162 5519 vidisset
1174 5463 1351 5535 quadamdie
1363 5462 1498 5517 infantem
1506 5459 1781 5532 plorare‚simulans

130 5565 196 5606 eum
215 5548 362 5622 impedire.
389 5551 517 5623 Cumque
537 5551 611 5609 hanc
634 5553 813 5611 sedulitatem
827 5555 931 5611 tacitus
971 5572 1001 5612 sc
1016 5554 1130 5624 iratum,
1145 5554 1278 5627 praecepit
1287 5552 1360 5626 patri
1371 5554 1433 5624 ejus
1443 5551 1586 5608 uttollens
1598 5566 1676 5618 eum,
1689 5551 1773 5622 jacta-
