3818 6120
158 304 211 363 461
365 306 451 363 VITA
469 308 690 365 SANCTORUM
707 309 880 365 BARLAAM
899 310 1068 368 ERElssTAE
1087 313 1131 367 ET
1150 314 1332 370 JOSAPHAT
1350 316 1462 373 lNDlAE
1480 320 1596 376 REGIS.
1750 320 1803 379 462

160 447 246 502 quam
258 436 354 487 autem
368 450 419 504 per
431 434 524 506 ipsum
535 429 680 490 oculorum
691 434 831 503 obtutum,
843 436 891 507 qui
901 436 960 491 salli
967 438 993 497 A
1003 438 1110 503 (oratu.
1123 441 1194 507 xm).
1211 439 1346 502 Quocirca
1362 441 1385 495 si
1399 442 1427 496 in
1443 443 1584 499 cordetuo
1595 445 1759 516 frugiferam
1770 463 1803 501 ac

159 521 409 592 nequit,dictatua
421 524 607 591 confirmaris,
618 525 679 578 lieri
692 542 747 579 non
762 531 856 596 potest
870 531 903 580 ut
912 525 962 579 do·
1004 525 1105 580 bonam
1120 532 1224 580 terram
1240 528 1380 593 invenero,
1394 530 1518 586 ditinum
1534 551 1630 588 semen
1640 534 1669 589 in
1678 542 1706 590 te
1715 535 1805 606 conji-

160 609 240 663 mino
255 626 357 664 meoac
368 611 428 682 regi
442 612 476 666 de
491 629 521 666 re
532 612 638 666 incerta
649 619 678 666 et
689 614 896 685 incognitahaee
905 623 964 668 tam
1005 630 1078 675 core,
1096 620 1181 685 atque
1195 615 1294 685 ingens
1314 619 1480 688 mysterium
1495 621 1547 675 tibi
1562 623 1671 693 aperire
1688 624 1804 679 minime

160 696 699 770 immodicaacpraetumidarenuntiem.
709 703 785 757 Dixit
792 709 887 756 autem
899 703 964 756 Bar·
1005 701 1149 758 dubitabo.
1168 704 1197 758 Si
1212 710 1307 758 autem
1321 712 1433 777 petrosa
1443 716 1515 762 eaet
1526 710 1625 780 spinea
1635 711 1729 775 suerit,
1745 713 1804 766 via-

161 785 238 841 laam
250 787 349 841 :Recte
358 787 465 854 dixisti,
476 795 504 842 te
514 789 675 859 huJusmodi
683 791 755 844 vires
768 807 800 844 ac
814 791 964 846 facultates
1006 809 1060 863 que
1075 809 1093 846 a
1104 792 1229 863 quolibet
1240 794 1359 853 calcata.
1376 796 1490 850 omnino
1503 799 1627 853 salutare
1642 800 1694 854 hoc
1707 816 1805 855 semen

163 890 215 929 aec
230 892 354 948 unquam
374 877 558 948 perspexisse,
574 895 626 933 nec
639 879 760 933 audisse.
778 880 887 934 Etenim
900 897 964 934 ora·
1004 879 1225 951 haudquaquam
1238 897 1341 948 serere,
1350 882 1498 955 ipsumque
1509 886 1642 942 aribuset
1654 887 1729 955 feris,
1739 893 1806 943 ante

163 964 203 1018 tio
218 965 289 1019 adte
303 981 428 1020 meanon
439 966 517 1020 dere
531 967 648 1038 vulgari,
661 969 709 1021 sed
721 969 829 1038 ingenti
843 969 964 1039 quadam
1006 985 1075 1039 quas
1090 970 1258 1039 margaritas
1272 971 1610 1053 prqjiceremibiprorsus
1624 959 1805 1031 interdictum
1872 962 1875 966 ¹

163 1058 192 1108 et
205 1053 371 1109 admiranda
382 1059 434 1109 est.
452 1055 532 1120 Quod
547 1062 643 1111 autem
658 1073 722 1111 eum
737 1073 852 1111 cernere
863 1058 963 1128 quaesi-
1006 1063 1057 1122 est,
1074 1057 1102 1111 in
1123 1059 1245 1129 praedam
1260 1058 1381 1129 objicere
1402 1061 1573 1131 praestiterit.
1596 1064 1702 1119 Verum
1721 1065 1756 1120 de
1777 1070 1806 1120 te

163 1141 238 1208 visti,
255 1142 322 1197 audi
332 1143 399 1214 quid
413 1144 514 1197 dicam.
1006 1146 1123 1200 meliora
1134 1163 1166 1200 ac
1185 1147 1268 1201 saluti
1284 1147 1420 1203 viciniora
1433 1150 1561 1204 confido:
1577 1168 1678 1224 nempe
1691 1154 1765 1224 quod
1778 1159 1807 1208 et

199 1230 283 1302 Lapis
292 1231 338 1285 hic
352 1231 455 1286 summi
469 1232 562 1303 pretii,
579 1238 681 1303 praeter
691 1250 738 1287 eas
748 1250 817 1304 quas
827 1233 965 1288 dixivires
1006 1233 1128 1304 lapidem
1144 1235 1194 1306 qui
1208 1235 1328 1306 pretium
1345 1253 1427 1291 omne
1442 1244 1557 1309 superat
1572 1239 1686 1306 videbis,
1707 1258 1739 1296 ac
1755 1258 1806 1313 per

164 1324 194 1373 et
206 1318 363 1387 facultates,
377 1320 448 1375 hanc
461 1321 549 1375 etiam
561 1321 656 1375 habet.
666 1322 735 1376 Eum
747 1323 821 1376 enim
838 1328 965 1393 prompte
1006 1322 1121 1377 luminis
1133 1323 1220 1394 ipsius
1230 1322 1407 1394 splendorem
1422 1326 1475 1380 hoc
1486 1328 1674 1398 consequeris,
1701 1334 1732 1383 ut
1746 1329 1806 1400 ipse

163 1423 198 1461 ac
213 1407 293 1462 facile
314 1409 472 1480 prospicere
493 1426 551 1464 non
569 1415 670 1481 potest,
694 1411 741 1481 qui
756 1428 855 1464 sanum
869 1428 901 1465 ae
916 1412 965 1464 sir-
1007 1412 1805 1486 quoquelumenefficiaris,fructumquecentuplumferas.

163 1512 242 1551 mum
267 1488 399 1561 oculum,
424 1514 581 1569 corpusque
608 1516 710 1569 purum
736 1502 820 1571 atque
840 1499 874 1552 ab
890 1499 965 1553 omni
1007 1499 1116 1553 Etenim
1128 1507 1177 1554 tua
1191 1517 1276 1555 causa
1290 1502 1402 1571 longam
1419 1503 1491 1556 viam
1506 1505 1641 1558 conficere
1658 1504 1763 1570 studui,
1773 1510 1807 1559 ut

163 1583 298 1654 spurcitie
316 1584 440 1639 alienum
452 1602 508 1638 nen
519 1585 612 1639 habet.
622 1586 694 1639 Nam
711 1587 734 1640 si
748 1587 819 1658 quie,
837 1587 880 1641 his
895 1587 966 1640 dua·
1007 1604 1069 1657 quae
1084 1605 1227 1659 nunquam
1242 1589 1347 1656 vidisti,
1360 1589 1410 1643 tibi
1422 1592 1609 1658 ostenderem,
1624 1599 1708 1664 atque
1719 1610 1753 1648 ea
1761 1576 1808 1648 do·

163 1670 215 1725 bus
230 1670 315 1726 rebus
324 1689 381 1727 non
397 1678 471 1727 reete
486 1674 707 1744 comparabam
722 1675 797 1729 bunc
813 1675 966 1746 pretiosum
1007 1692 1099 1730 cerem
1116 1693 1176 1747 qum
1188 1694 1332 1748 nunquam
1344 1678 1458 1751 audisti.

162 1760 287 1831 lapidem
301 1762 397 1815 oculos
415 1767 521 1816 temere
539 1779 570 1816 ac
587 1764 747 1833 petulanter
762 1763 889 1833 injiciat,
904 1751 998 1835 ipsass
1042 1764 1118 1819 Dixit
1128 1771 1222 1819 autem
1233 1767 1269 1819 ad
1285 1783 1349 1820 eum
1362 1767 1509 1837 iosaphat:
1527 1769 1662 1839 Equidem
1677 1768 1746 1840 ipse,
1763 1786 1807 1824 ve·

163 1863 277 1920 quoque
297 1849 404 1904 scilicet
426 1867 483 1920 qua
510 1851 644 1921 praeditus
670 1858 712 1905 est
731 1852 863 1906 cernendi
886 1851 911 1904 vi
934 1869 966 1905 ae
1007 1853 1129 1906 necando
1146 1871 1239 1919 senex,
1249 1854 1405 1908 incredibili
1421 1856 1551 1926 quodam,
1564 1862 1648 1928 atque
1656 1858 1805 1928 ejusmodi,

163 1942 259 1992 mente
273 1938 390 2009 insuper
400 1939 589 1993 mulctabitur.
608 1941 664 2010 Ego
676 1948 779 2011 porro,
796 1946 893 2011 utpote
905 1957 966 1995 me-
1007 1941 1081 2012 quod
1097 1942 1271 1996 nullomodo
1295 1959 1417 1997 coercerr
1430 1950 1524 2014 queat,
1540 1944 1678 1999 desiderio
1697 1951 1806 2013 teneor,

163 2026 264 2082 dicinae
278 2028 395 2082 minime
409 2028 488 2082 rudis
499 2036 526 2082 et
540 2028 666 2099 ignarus,
683 2030 777 2083 oculos
788 2035 853 2083 tuos
865 2045 965 2100 parum
998 2045 1109 2084 novum
1125 2029 1425 2100 quemdamacbonum
1434 2048 1592 2086 sermonem
1604 2033 1745 2088 audiendi.
1757 2035 1806 2088 tlt-

164 2118 251 2170 sanos
272 2133 332 2170 esse
352 2117 515 2188 conspicio:
539 2133 572 2171 ac
594 2117 710 2188 proinde
724 2133 821 2171 vereor
841 2134 875 2171 nc
894 2117 965 2171 hanc
1007 2134 1060 2188 que
1080 2118 1153 2189 ignis
1169 2119 1197 2173 in
1212 2125 1326 2190 pectore
1343 2137 1405 2174 meo
1420 2119 1551 2175 incensus
1576 2126 1633 2188 est,
1649 2122 1696 2193 qui
1713 2139 1758 2176 me
1770 2123 1806 2176 ad

165 2220 279 2277 quoque
295 2222 379 2276 quam
399 2205 485 2259 habes
503 2205 634 2260 cernendi
657 2205 819 2260 facultatem
840 2205 962 2260 amittas.
1006 2207 1178 2260 necessarias
1189 2208 1325 2278 quasdam
1337 2208 1504 2279 quaestiones
1517 2209 1714 2281 intelligendas
1724 2209 1804 2265 vehe-

163 2292 274 2347 Verum
288 2294 323 2347 de
336 2294 411 2364 regis
421 2294 478 2348 filio
489 2295 591 2360 audivi,
607 2312 671 2348 eum
682 2300 741 2348 tam
756 2294 819 2348 ritae
836 2294 965 2348 castitate
1006 2301 1116 2348 menter
1129 2296 1296 2351 inflammat.
1311 2298 1453 2351 Ceterum
1469 2297 1560 2351 adhoc
1574 2298 1719 2353 hominem
1733 2315 1805 2352 nan-

163 2382 316 2453 praeditum
327 2399 397 2448 esse,
413 2388 474 2437 tarn
489 2383 621 2455 pulchros
634 2400 666 2437 ac
681 2384 855 2456 perspicaces
872 2384 967 2438 oeulos
1008 2383 1073 2437 cisci
1096 2383 1167 2437 mibi
1185 2400 1240 2438 non
1264 2384 1352 2449 licuit,
1369 2385 1417 2455 qui
1443 2385 1478 2439 de
1493 2386 1588 2439 haere
1612 2391 1718 2439 certam
1733 2387 1803 2440 mihi

163 2469 281 2524 habere.
294 2470 430 2535 Quocirca
437 2472 602 2526 thesaurum
613 2473 688 2526 hunc
697 2472 750 2543 ipsi
761 2472 907 2526 ostendere
917 2472 968 2525 mi·
1008 2468 1092 2522 fidem
1106 2467 1196 2522 lacere
1210 2474 1313 2539 posset.
1336 2469 1416 2533 Quod
1431 2470 1456 2523 si
1469 2468 1624 2541 sapientem
1643 2472 1803 2541 quemdam,

164 2557 243 2612 nime
260 2557 402 2613 dubitabo.
429 2559 616 2623 Quamobrem
630 2577 665 2614 ne
679 2561 853 2615 commiseris
870 2566 902 2614 ut
915 2561 967 2614 boc
1008 2562 1037 2610 et
1050 2556 1178 2610 doctrina
1192 2557 1340 2628 praeditum
1354 2557 1445 2612 virum
1461 2563 1560 2612 nactus
1574 2558 1662 2623 fuero,
1679 2575 1711 2613 ao
1724 2560 1801 2613 salu·

165 2646 306 2718 negligas,
322 2664 354 2701 ac
368 2664 399 2701 re
411 2648 483 2702 tanti
497 2648 634 2702 momenti
658 2649 803 2703 dominum
818 2655 899 2704 tuum
911 2649 967 2721 pri·
1007 2650 1262 2700 taremsermouem
1276 2647 1401 2712 audiero,
1410 2662 1460 2700 nec
1468 2646 1575 2711 avibus,
1586 2647 1734 2718 utopinor,
1750 2664 1803 2701 nec

161 2751 225 2799 ‚res
239 2736 290 2790 lile
303 2741 397 2790 sutem
408 2736 442 2790 ad
458 2753 522 2791 eum
537 2737 622 2791 dixit:
640 2738 670 2792 Si
686 2737 745 2792 haec
757 2738 836 2791 irase
850 2736 964 2804 habent,
1006 2732 1073 2787 teris
1088 2751 1153 2787 eum
1167 2734 1292 2797 tradam:
1310 2751 1361 2788 nec
1375 2750 1486 2789 rursum
1500 2741 1628 2805 petrosus
1638 2736 1801 2806 etspineas,

167 2840 206 2878 ne
220 2824 290 2878 mihi
307 2825 430 2895 lapidem
445 2826 585 2891 ostendas,
611 2825 749 2897 siquidem
764 2827 894 2898 plurimis
904 2842 966 2896 pec·
1007 2826 1039 2876 ut
1050 2822 1110 2876 'tuis
1120 2821 1210 2876 verbis
1224 2829 1297 2888 utar,
1315 2838 1372 2876 ero.
1400 2823 1475 2887 Quin
1489 2823 1582 2894 potius
1597 2829 1625 2877 et
1637 2822 1757 2879 candido
1771 2841 1804 2879 ac

164 2915 238 2968 eatis
249 2915 307 2968 vita
322 2930 386 2968 mea
399 2914 547 2985 inquinata
557 2920 608 2979 est,
625 2931 657 2968 ac
672 2919 807 2985 praeterea
822 2931 857 2968 ne
872 2914 966 2968 oculos
1007 2910 1116 2964 sincero
1128 2911 1223 2965 animo
1238 2928 1303 2965 eum
1310 2911 1456 2982 excipiam,
1465 2916 1493 2965 et
1502 2912 1805 2985 eruditeaediligenter

165 3002 366 3074 quidemsatis
380 3019 464 3056 sanos
479 3002 578 3057 habeo.
596 3003 636 3057 De
649 3003 702 3057 hac
716 3007 811 3057 autem
833 3019 863 3057 re
878 3002 966 3056 domi-
1006 2999 1183 3052 conservabo
1206 2999 1247 3053 lu
1270 3016 1335 3053 vero
1363 3001 1386 3055 si
1410 2999 1477 3070 quid
1501 3001 1640 3070 ejusmodi
1657 3001 1741 3067 nosti,
1768 3019 1803 3057 ne

163 3107 236 3145 num
251 3107 345 3145 meum
360 3107 455 3161 regem
471 3091 619 3145 certiorem
630 3091 721 3146 facere
729 3091 845 3146 minime
854 3096 965 3145 cuneta-
974 3068 996 3129 C
1006 3102 1099 3158 quaeso
1107 3087 1135 3140 id
1143 3087 1269 3152 reticeas,
1281 3104 1377 3142 vemm
1389 3088 1458 3141 mihi
1468 3104 1575 3142 narres.
1588 3089 1802 3160 Quamprimum

161 3177 224 3233 bor.
241 3178 301 3233 Hoc
311 3196 440 3234 sermone
455 3179 561 3242 habito,
574 3180 609 3233 ad
623 3180 698 3250 regis
712 3185 808 3246 558
822 3180 911 3234 tilium
924 3180 966 3233 in·
1006 3175 1106 3230 enimc
1122 3176 1274 3246 longinqua
1294 3176 1408 3246 regione
1422 3181 1450 3230 te
1463 3177 1571 3231 venisse
1589 3177 1693 3242 audivi,
1714 3176 1802 3231 animi

161 3283 288 3338 messus,
298 3267 392 3322 omnia
412 3267 438 3321 ei
458 3267 601 3338 sigillatim
616 3266 752 3338 exposuit.
764 3267 815 3322 Ille
830 3272 966 3323 autemut
1004 3264 1146 3335 voluptate
1157 3265 1272 3319 allectus
1288 3282 1360 3331 sum,
1378 3270 1462 3336 atque
1482 3265 1512 3318 in
1525 3265 1628 3319 bonam
1642 3282 1722 3336 spem
1735 3266 1800 3334 retii

163 3354 346 3426 praeceptoris
355 3353 440 3408 verba
451 3354 566 3421 audivit,
581 3355 721 3426 spirituali
732 3355 853 3425 quadam
867 3355 966 3409 latitia
1005 3352 1064 3407 fore
1074 3359 1254 3424 utoperatua
1261 3352 1289 3406 id
1296 3352 1371 3425 quod
1378 3352 1524 3424 cupiebam
1539 3370 1733 3424 consequerer.
1750 3354 1802 3409 Eo-

163 3449 193 3498 et
216 3443 359 3515 voluptate
383 3448 480 3515 pectus
500 3459 583 3497 suum
610 3443 701 3497 afflari
723 3443 823 3510 sensit;
840 3460 873 3498 ao
888 3443 963 3498 velut
1005 3458 1059 3513 que
1074 3442 1187 3496 nomine
1204 3441 1300 3496 statim
1311 3447 1340 3495 te
1353 3441 1388 3495 ad
1400 3458 1445 3495 me
1463 3442 1614 3508 introduxi,
1629 3443 1801 3514 comiterque

162 3531 282 3586 numine
318 3536 473 3604 correptus,
502 3531 644 3585 hominem
676 3531 804 3586 celeriter
824 3531 962 3587 introduci
1003 3535 1138 3601 tanquam
1146 3530 1328 3585 familiarium
1337 3546 1463 3585 meorum
1478 3531 1662 3602 etaequalium
1677 3531 1800 3603 aliquem

160 3620 259 3692 jussit.
1004 3619 1108 3689 excepi.
1120 3622 1211 3690 Atque
1226 3619 1333 3674 utinam
1350 3636 1399 3689 spe
1413 3636 1477 3673 mea
1490 3619 1605 3674 minime
1619 3619 1710 3674 fallari
1723 3619 1801 3675 Dixit

199 3709 238 3763 Ut
252 3709 340 3779 igitur
346 3709 489 3780 ingressus
498 3714 540 3763 est
553 3709 694 3775 Barlaam,
708 3708 880 3780 eiquequam
895 3725 962 3762 con·
1003 3719 1099 3761 autem
1112 3708 1257 3761 Barlaam:
1275 3707 1419 3772 Praeclare,
1436 3713 1520 3778 atque
1533 3714 1565 3762 ut
1577 3708 1655 3778 regia
1669 3709 1799 3780 magnisi-

165 3796 296 3852 reniebat
316 3814 414 3868 pacem
432 3798 518 3863 dedit,
535 3799 632 3851 sedere
648 3798 746 3868 jussus
767 3805 818 3851 est.
836 3798 963 3867 Cumque
1004 3796 1097 3850 centia
1110 3796 1226 3866 dignum
1242 3800 1312 3862 erat,
1334 3796 1387 3849 hoc
1400 3796 1499 3860 fecisti,
1511 3801 1611 3851 utnon
1625 3797 1660 3851 ad
1679 3803 1799 3852 externae

163 3891 319 3958 preceptor
326 3885 494 3951 secessisset,
511 3886 647 3956 iosaphat
658 3886 693 3939 ad
705 3902 800 3939 senem
809 3886 891 3939 dixit:
913 3886 965 3938 Vc·
1004 3884 1117 3938 vilitatis
1127 3885 1247 3954 speciem
1258 3883 1384 3938 animum
1393 3884 1539 3955 adjiceres,
1554 3902 1650 3940 rerum
1663 3884 1798 3940 abstrusas

164 3972 212 4029 lim
223 3973 296 4028 mihi
311 3973 464 4044 pretiosum
480 3974 559 4028 illum
570 3974 690 4045 lapidem
705 3975 844 4038 ostendas,
862 3974 896 4026 de
907 3990 962 4044 quo
1003 3973 1063 4043 spei
1078 3973 1198 4043 teipsum
1212 3974 1348 4027 traderes.
1371 3968 1375 3975 ’

164 4078 268 4134 magna
282 4062 574 4117 etadmirandaabste
584 4062 798 4116 commemorari
808 4067 962 4133 praceptor
1039 4063 1104 4115 Erat
1119 4062 1192 4115 enim
1209 4062 1359 4132 aliquando
1372 4078 1491 4131 magnus
1506 4053 1619 4133 quidam
1642 4068 1671 4117 et
1681 4062 1799 4118 illustris

166 4167 243 4206 meus
260 4151 328 4204 mihi
344 4152 477 4205 narravit.
495 4152 624 4205 Barlaam
639 4156 733 4204 autem
746 4167 826 4205 suam
845 4151 880 4204 ad
896 4167 961 4204 eum
1002 4167 1060 4216 rex,
1074 4151 1129 4217 cui,
1145 4167 1209 4204 cum
1224 4151 1253 4204 in
1269 4167 1355 4204 aureo
1370 4167 1463 4216 curru,
1476 4151 1627 4204 satellitum
1652 4167 1738 4206 manu
1752 4168 1798 4206 re·

164 4238 382 4312 disputationem
392 4239 630 4294 adhuncmodum
638 4240 797 4310 auspicatus
808 4244 859 4293 est:
868 4239 961 4293 Haud·
1001 4239 1054 4309 giae
1067 4239 1208 4309 majestati
1228 4239 1313 4309 digna
1321 4239 1429 4292 cinctus
1440 4239 1495 4292 iter
1507 4238 1620 4306 faceret,
1633 4239 1750 4310 contigit
1766 4245 1799 4294 ut

165 4343 306 4400 quaquam
321 4345 431 4400 aequum
447 4333 498 4390 est,
515 4345 531 4383 0
545 4345 601 4395 rex,
615 4329 649 4382 ad
666 4328 803 4382 illustrem
818 4333 897 4381 tuam
917 4344 961 4381 ex·
1001 4326 1072 4381 duos
1084 4328 1167 4393 rime,
1182 4327 1281 4382 laceris
1304 4343 1336 4380 ac
1350 4326 1470 4380 sordidis
1491 4326 1623 4392 vestibus,
1644 4333 1729 4397 atque
1749 4343 1798 4382 ore

163 4417 320 4473 callentium
329 4416 554 4488 quidquamtalso
560 4423 589 4471 et
595 4416 799 4471 inconsiderate
811 4432 883 4470 ame
892 4415 955 4470 clici.
969 4415 1089 4477 Dmacie
1108 4415 1242 4475 confecto,
1258 4431 1290 4468 ac
1305 4415 1442 4484 majorem
1457 4415 1485 4468 in
1500 4414 1614 4468 modum
1625 4415 1738 4485 pallido,
1750 4415 1798 4469 ob-

159 4504 267 4561 ania
281 4505 357 4560 enim
370 4506 525 4576 quademe
540 4505 613 4559 adte
626 4505 713 4559 allata
726 4510 792 4558 sunt
807 4509 963 4574 verantque
1003 4503 1061 4557 vios
1077 4501 1200 4557 haberet.
1217 4502 1286 4574 Regi
1302 4519 1385 4575 porro
1399 4503 1574 4574 exploratum
1597 4508 1659 4557 erat
1673 4519 1720 4557 eos
1736 4519 1798 4557 eor·

153 4594 190 4651 ab
204 4593 292 4649 omni
310 4592 484 4648 dubitatione
497 4593 590 4647 aliena
610 4599 686 4647 sunt.
701 4593 806 4647 Verum
827 4592 881 4646 nisi
895 4608 963 4663 pru·
1003 4592 1079 4664 poris
1094 4592 1275 4647 afflictatione
1287 4608 1320 4646 ac
1334 4592 1397 4646 vitre
1409 4593 1641 4646 Deoconsecratae
1657 4591 1798 4647 laboribus

148 4680 267 4741 dentiae
284 4685 342 4735 tuae
362 4681 440 4753 prius
455 4681 610 4753 perieulum
628 4681 730 4744 secero,
754 4679 832 4734 netas
846 4685 889 4734 est
912 4681 964 4734 hoe
1004 4696 1102 4735 carnes
1123 4697 1188 4735 suas
1207 4682 1247 4735 ita
1270 4680 1429 4735 confecisse.
1453 4680 1491 4735 Ut
1503 4681 1590 4751 igitur
1612 4697 1660 4735 eos
1674 4680 1743 4734 vidit
1758 4698 1797 4747 ,e

141 4770 336 4847 mysterium
350 4768 401 4823 tibi
410 4769 563 4825 declarare.
576 4770 706 4824 Aitenim
716 4770 852 4824 Dominus
864 4786 960 4824 meus:
1004 4786 1089 4824 curru
1102 4768 1197 4822 statim
1212 4769 1352 4835 desiliens,
1369 4774 1453 4840 atque
1468 4768 1546 4822 humi
1568 4773 1734 4838 prostratus,
1751 4785 1798 4823 eos

135 4853 234 4920 Exiit
250 4858 302 4931 qui
315 4859 437 4916 seminat
453 4859 602 4914 seminare.
620 4860 655 4913 Et
667 4858 734 4913 dum
750 4859 889 4925 seminat,
906 4858 964 4912 alia
1004 4857 1139 4913 adoravit:
1150 4874 1183 4911 ac
1197 4857 1298 4912 deiude
1312 4873 1440 4928 surgens,
1457 4856 1625 4911 amicissime
1639 4856 1799 4929 complexus

129 4950 278 5025 quidem
291 4948 453 5003 cecidemut
463 4965 544 5003 secus
557 4947 642 5012 viarm
659 4953 688 5001 et
702 4949 825 5002 volueres
841 4947 903 5002 coeli
916 4963 964 5001 co-
1005 4952 1056 5012 est,
1072 4950 1101 5000 et
1115 4946 1255 5001 salutavit.
1270 4946 1402 5000 Proceres
1421 4949 1514 4999 autem
1529 4944 1617 5017 ipsius
1631 4960 1663 5000 ac
1675 4945 1800 5016 praefecti

127 5039 315 5097 mederum
328 5036 386 5090 illa.
407 5037 470 5092 Alia
484 5037 645 5091 ceciderunt
666 5053 750 5108 super
770 5043 899 5108 petrosa,
916 5034 964 5089 ubi
1004 5035 1057 5090 hoe
1071 5036 1188 5090 moleste
1201 5035 1336 5098 tulerunt,
1354 5050 1418 5087 eum
1432 5033 1539 5088 facinus
1552 5035 1631 5105 regia
1643 5034 1735 5105 gloria
1754 5035 1802 5088 in-

131 5134 216 5185 non
233 5129 299 5180 erat
319 5130 396 5180 terra
410 5126 509 5187 multa,
528 5131 556 5179 et
568 5124 714 5179 confestim
729 5129 825 5179 exorta
839 5129 914 5188 sunt,
932 5138 964 5176 eo
1005 5123 1121 5194 dignum
1136 5123 1282 5177 admisisse
1298 5121 1498 5176 existimantes.
1509 5123 1614 5177 Verum
1626 5139 1691 5177 cum
1705 5138 1800 5177 coram

129 5215 238 5290 quod
252 5230 311 5268 nou
322 5212 459 5268 haberent
466 5220 570 5268 terram
580 5215 708 5267 multam.
721 5213 785 5268 Sole
796 5230 860 5266 vero
870 5217 965 5266 exorto
1005 5212 1097 5283 ipsum
1110 5210 1587 5283 repreliendereminimeauderent,
1595 5228 1659 5265 cum
1664 5228 1799 5282 germano

134 5308 364 5368 metueremus
381 5308 410 5357 et
422 5303 553 5374 quianon
571 5302 713 5356 habebant
730 5301 865 5367 radicem,
883 5317 965 5354 arue-
1006 5300 1093 5371 ipsius
1108 5300 1193 5354 fratre
1207 5297 1336 5369 agebant,
1353 5305 1385 5353 ut
1400 5315 1492 5370 regem
1508 5299 1680 5366 admoneret,
1693 5316 1729 5353 ne
1739 5299 1800 5353 dia·

136 5399 240 5448 runt.
256 5390 321 5445 Alia
328 5396 423 5445 autem
431 5391 593 5446 ceciderunt
608 5392 681 5445 inter
692 5390 965 5473 spinasketsurgen-
1004 5388 1124 5442 demotis
1138 5387 1352 5457 amplitudinem
1365 5392 1393 5441 et
1403 5385 1604 5442 sublimitatem
1614 5388 1728 5441 adhunc
1740 5404 1801 5441 mo·

142 5482 204 5536 tes
220 5479 312 5551 spinae
322 5479 647 5535 suffocaveruntea.Alia
657 5478 966 5550 postremoceciderunt
1010 5477 1222 5532 dumdedeeore
1239 5493 1272 5531 ae
1284 5475 1453 5530 contumelia
1467 5475 1600 5530 alliceret.
1616 5476 1687 5528 Qum
1706 5476 1801 5544 itaque

152 5564 194 5624 in
210 5573 321 5624 terram
333 5567 445 5637 bonam,
461 5573 490 5624 et
507 5567 647 5625 dederunt
664 5568 786 5622 fructum
803 5565 965 5636 centuplum
1007 5565 1067 5636 ipse
1084 5565 1143 5620 haec
1163 5564 1244 5620 fratri
1265 5564 1390 5635 dimsset,
1414 5569 1500 5637 atque
1527 5563 1754 5634 intempestivam
1777 5567 1806 5615 et
