3818 6120
145 297 183 354 43
600 292 640 347 ΙΝ
658 291 764 348 VITAS
782 292 930 350 Pereunt
948 295 1220 356 Paouuaouuru
1236 297 1337 353 xxvi.-

145 422 348 484 tionecoustet‚
354 418 446 491 primo
456 415 715 479 decurtatuminde
722 418 849 473 nonnihil
859 418 976 482 inter-A
1203 421 1506 478 PROLEGOMENON
1519 424 1569 479 xi.

147 510 272 581 polatum
284 506 429 580 prodiisse.
442 504 484 558 uti
493 503 605 576 plenius
620 504 807 560 declarabitur
820 507 946 578 prolego-
1096 544 1103 549 -
1199 529 1265 595 Qu„
1285 530 1356 582 ,wm-
1370 529 1440 582 pigri
1456 533 1581 584 auctor?

146 614 230 653 meno
245 597 288 664 ld,
305 594 353 650 ubi
364 593 458 664 agitur
472 592 506 646 de
519 593 609 647 oetan
621 591 696 657 libri,
711 593 791 663 cuius
802 593 944 649 Palladius

146 690 246 741 auctor
260 690 312 750 est,
335 683 499 753 interprete,
513 680 668 736 existimari
681 686 774 753 potest
795 698 846 736 nec
859 682 944 737 tertio

145 775 258 843 integer
268 769 361 843 [xxxv]
370 769 517 842 prodiisse,
529 768 757 841 quandoquidem
766 786 800 824 ea
808 770 842 825 de
853 769 943 826 Maca·

145 864 187 917 rio
212 860 347 926 narratio,
363 875 447 929 quam
466 858 534 913 olim
554 858 743 913 Damascenus
763 858 793 913 in
808 858 943 914 Lausiaea

146 949 270 1003 Historia
284 947 401 1019 legerat,
421 963 457 1002 ne
470 946 499 1001 in
515 946 568 1001 hae
588 944 701 1017 quidem
714 947 799 1002 tertis
820 947 943 1003 editione

144 1037 227 1093 hodie
241 1037 408 1108 reperiatur.

1019 633 1087 687 Dico
1103 651 1108 686 :
1121 632 1193 688 Noni
1203 632 1267 687 libri
1280 637 1380 688 auctor
1390 637 1434 689 est
1440 633 1636 691 Theodoretus
1651 637 1720 709 Cyri
1735 638 1801 712 epi·

984 737 1094 792 scopus,
1109 731 1280 792 vocaturque
1295 719 1416 783 Φιλόθεος
1428 737 1477 777 seu
1493 721 1631 794 Θεοφιλης.

967 845 971 860 .
1018 811 1149 865 Testetur
1161 809 1213 864 hoe
1227 809 1287 881 ipse
1299 809 1419 880 epistola
1432 808 1479 876 82,
1489 810 1525 865 ad
1535 812 1691 868 Eusebium
1701 816 1800 890 Ancy-

983 898 1202 971 raeepiseopum:
1216 897 1388 970 ‹Mysticum
1399 898 1486 954 etiem
1500 900 1795 974 scripsimuslibrum,

983 994 1012 1042 et
1025 987 1060 1042 de
1074 987 1252 1042 Providentia
1264 986 1330 1053 alie,
1341 992 1371 1041 et
1385 987 1421 1041 ad
1434 989 1677 1060 Interrogationes
1692 1009 1795 1066 mago·

177 1127 271 1198 Atque
284 1125 350 1180 huic
367 1125 501 1196 opinioni,
517 1142 602 1198 quam
620 1126 717 1196 priori,
736 1126 837 1181 accedo
851 1124 942 1181 liben-
982 1094 1045 1132 mm
1056 1077 1119 1141 ὼ
1134 1082 1163 1130 et
1173 1077 1208 1131 de
1221 1076 1288 1131 vms
1303 1076 1481 1142 san⁰t⁰¹¹¹¹¹¹’
1497 1084 1527 1133 οἵ
1540 1084 1644 1150 pmii?
1657 1081 1720 1137 hae⁰
1732 1083 1795 1140 *ΠΒ

142 1216 209 1282 tius,
226 1232 282 1287 qua
295 1221 354 1269 tam
372 1214 436 1269 libri
453 1215 544 1286 quinti
562 1231 647 1286 qnam
663 1214 741 1279 sexti,
756 1215 804 1285 qui
818 1231 869 1285 pro
883 1230 940 1270 uno
982 1166 1080 1220 mum
1093 1187 1107 1217 ⁸
1119 1166 1206 1236 cuim
1218 1164 1673 1241 librimminePhssOEh‘ipaesim
1684 1172 1794 1228 memi·

141 1304 214 1359 libro
225 1304 361 1359 hactenus
375 1303 453 1358 suere
463 1303 628 1369 circumlati,
637 1302 711 1373 quod
723 1303 793 1357 ineo
802 1303 940 1359 namatio·
981 1253 1412 1415 Πιῗιίἱῖὲῖΐῗὲῗίῦξεῖιιῗωρ
1429 1343 1474 1410 54,
1499 1344 1548 1400 ubi
1573 1346 1650 1402 inter
1670 1348 1728 1404 alia
1750 1352 1790 1408 de

141 1409 207 1449 uem
221 1410 284 1449 eam
298 1393 335 1447 sit
347 1393 481 1493 reperire,
493 1392 636 1491 iadedius
650 1397 747 1447 auctor
765 1391 897 1446 creditur.
979 1431 1147 1486 Theodoreti
1161 1431 1272 1503 scriptis
1285 1433 1344 1502 agit
1358 1450 1364 1485 :
1379 1451 1392 1484 α
1407 1433 1441 1488 Et
1450 1449 1574 1500 rursum,
1586 1435 1690 1507 inquit,
1704 1439 1792 1495 mo.

177 1482 286 1538 Aoeed‘)
301 1488 396 1537 autem
413 1480 564 1534 hbentffls‘
978 1519 1371 1587 tsoeboeestbeiamantium
1378 1521 1610 1595 Historia,inqua
1621 1525 1792 1585 institutum

177 1571 283 1637 Primo,
297 1571 363 1642 quia
383 1569 454 1624 liber
467 1569 514 1623 ille
529 1568 645 1639 quintus
659 1573 688 1623 et
707 1575 801 1624 sextus
815 1585 832 1623 a
848 1570 935 1637 nullo,
978 1613 1039 1664 tum
1054 1625 1151 1664 eorum
1164 1609 1302 1684 quiaeme
1312 1626 1364 1665 sua
1376 1609 1463 1665 vitam
1477 1619 1574 1668 sancte
1586 1617 1792 1686 transegerant

140 1659 215 1730 qnod
225 1660 321 1723 sciam,
336 1658 472 1713 Lausieea
484 1656 610 1711 Historia
617 1656 728 1723 dicitur,
740 1657 833 1729 inqua
841 1662 969 1791 tamenB
980 1699 1169 1770 persequitur·
1186 1717 1201 1754 ‘

139 1763 203 1801 eam
215 1763 246 1801 se
259 1747 360 1817 legisse
375 1747 523 1818 profitetur
536 1746 735 1801 Damascenus.

175 1835 314 1902 saunas,
331 1834 397 1905 quia
414 1834 442 1888 in
464 1834 535 1888 itum
559 1834 667 1904 quinio,
683 1833 777 1889 uberto
794 1850 820 1900 ι,
845 1851 874 1888 n.
891 1833 935 1902 cr,
1187 1806 1487 1864 PROLEGOMENON
1504 1807 1568 1866 ΧΗ.

138 1923 213 1977 inter
226 1922 567 1995 reliquaseniorumdicta
579 1921 811 1977 habeturdictum
824 1938 935 1994 quoque
1181 1915 1247 1981 Quis
1260 1916 1361 1969 decimi
1375 1917 1444 1970 libri
1455 1921 1553 1971 auctor
1564 1923 1577 1971 l

137 2011 266 2067 Palladii.
282 2012 363 2068 Unde
377 2012 507 2083 colligere
518 2016 562 2066 est
575 2010 677 2065 librum
688 2011 767 2065 illum
780 2026 837 2065 non
846 2026 864 2064 a
874 2011 936 2066 Pal·
1012 2018 1082 2074 Dico
1099 2034 1106 2070 :
1121 2020 1228 2075 Decimi
1242 2019 1305 2074 libri
1326 2026 1478 2077 auctorest
1494 2025 1617 2079 loannes
1635 2026 1784 2096 Moschus,

136 2100 222 2169 ladio,
236 2099 286 2157 sed
300 2100 403 2156 ababa
418 2100 513 2173 aliquo
521 2100 607 2154 fuisse
619 2099 826 2155 concinnatum·
976 2113 1006 2163 et
1022 2107 1184 2163 inscribitur
1202 2109 1352 2179 Sopbronii
1365 2111 1572 2181 Limonarium,
1587 2131 1638 2170 seu
1660 2117 1785 2173 Pratum

350 2223 652 2283 PROLEGOMENON
670 2225 719 2282 Ιχ,
975 2200 1131 2267 spirituale,
1147 2213 1197 2253 seu
1216 2199 1307 2253 Novus
1321 2201 1482 2254 Perodism.

1012 2288 1036 2344 l.
1053 2286 1115 2357 lpse
1134 2303 1238 2341 nomen
1263 2303 1346 2343 suum
1366 2288 1499 2361 exprimit
1512 2307 1572 2361 cap.
1593 2291 1651 2347 li:
1671 2294 1783 2354 «Dixit

332 2350 397 2420 02²ss
410 2354 520 2422 Septimi
535 2353 604 2406 ίίθίί
617 2354 739 2404 “ww
974 2372 1043 2427 mihi
1059 2373 1232 2445 Sophronius
1248 2394 1254 2428 t
1270 2375 1351 2444 Vere,
1373 2376 1445 2432 abba
1460 2379 1592 2448 loannes,
1609 2381 1694 2438 hodie
1705 2379 1784 2440 nibil

170 2459 237 2516 Dico
254 2479 261 2514 :
278 2458 396 2532 Septimi
409 2458 475 2513 libri
491 2461 588 2512 auctor
601 2457 736 2511 incertus.
974 2462 1050 2517 ultra
1062 2463 1235 2520 studeamus.
1254 2484 1266 2516 ν

169 2550 256 2605 Vocat
269 2565 335 2604 enm
348 2546 452 2602 librum
468 2544 673 2618 sigebertusde
687 2544 790 2599 illustr.
803 2543 931 2599 Ecclesia
1007 2551 1035 2607 2,
1056 2552 1183 2621 photius,
1206 2553 1385 2610 Bibliothecae
1412 2572 1470 2612 eure
1487 2557 1556 2613 cod.
1582 2557 1643 2628 199,
1665 2562 1784 2632 plenius

134 2639 280 2709 Scriptor.‚
296 2653 356 2707 cap.
373 2632 426 2692 118
440 2653 447 2690 ι
459 2637 692 2702 interrogationes
707 2639 732 2688 et
745 2635 932 2702 responsiones
971 2656 1074 2696 nomen
1084 2646 1113 2696 et
1121 2642 1262 2698 diversum
1272 2643 1335 2698 libri
1345 2644 1461 2701 titulum
1471 2646 1601 2703 exhibet:
1616 2647 1782 2723 Ἀνεγνώσθη

133 2728 182 2784 SS.
199 2729 389 2796 AEwplt'orum
402 2726 530 2790 Petrum,
544 2722 727 2778 nascereris
742 2721 881 2776 meminit.
897 2720 932 2777 Et
973 2731 1075 2800 βιθλίον,
1086 2733 1202 2803 τέσσαρσι
1214 2733 1254 2786 καί
1268 2735 1416 2803 τριακοσίοις
1430 2736 1565 2807 διηγήμασι
1578 2740 1780 2810 περιειλημένον.

133 2817 193 2888 ipse
207 2815 374 2871 Paschasius
388 2814 537 2885 interpres,
555 2812 645 2884 capite
658 2811 702 2878 44,
718 2811 747 2866 iu
761 2811 827 2877 tine,
849 2809 931 2866 abso·
973 2815 1045 2889 Πρός
1064 2818 1108 2887 τὴν
1123 2814 1253 2888 άσιιητυιὴν
1270 2821 1297 2874 δὲ
1316 2822 1357 2875 καί
1375 2828 1447 2877 τοῦτο
1466 2824 1498 2876 τά
1517 2824 1626 2895 μαλιστα
1645 2829 1781 2884 συντελοῦν

132 2906 192 2960 lute
203 2903 389 2977 pronuntiat:
408 2903 501 2957 tHaec
514 2900 684 2973 sapientium
698 2906 727 2955 et
740 2898 931 2971 spiritualium
972 2903 1023 2959 ἐστι
1037 2909 1171 2974 πολιτείαν,
1187 2909 1219 2963 τά
1233 2907 1294 2964 αὐτά
1308 2930 1361 2973 πως
1380 2913 1614 2984 πραγματεύομενον
1628 2921 1665 2986 τῷ
1688 2935 1781 2987 προει-

133 3009 268 3066 responsu
280 2994 407 3058 Petrum,
423 3009 437 3046 υ
453 2990 531 3047 uuila
545 2989 667 3046 auctoris
681 2988 805 3045 notione.
972 2997 1081 3068 ρημένῳ,
1097 2997 1161 3066 πλὴν
1175 2993 1212 3051 ὅτι
1226 3003 1276 3052 τῶν
1289 3001 1500 3071 μεταγενεστέρων
1512 2995 1610 3071 ἀνδρῶν
1622 3002 1683 3074 ἔργα
1694 3023 1722 3058 τε
1734 3007 1779 3062 καὶ

359 3115 656 3175 PROLEGOMENON
669 3116 704 3171 x·
942 3083 1071 3155 Οπρᾶξεις
1097 3080 1277 3153 άξιοζηλιθτους
1301 3081 1434 3159 ἀναγράφει
1451 3109 1457 3121 ·
1474 3089 1514 3141 καί
1538 3088 1586 3159 γάρ
1610 3085 1698 3144 ἔτεῐθεν
1723 3097 1778 3148 τῶν

973 3176 1048 3245 μέχρι
1066 3178 1109 3241 τῆς
1129 3173 1278 3245 Ἡρακλειου
1297 3170 1377 3248 άρχης
1394 3176 1434 3229 καί
1452 3173 1568 3230 ἐπιπλέον
1586 3178 1776 3249 διατριψάντων

337 3246 403 3313 ίίῑίίθ
417 3246 505 3300 mavi
525 3243 593 3298 libri
610 3246 733 3298 αῑίθίθίί
972 3255 1083 3332 άρεταῐς,
1111 3259 1241 3336 ἐπέρχεται
1265 3261 1321 3325 τοὺς
1346 3265 1421 3334 βίους.
1448 3264 1572 3336 Λειμῶνα
1593 3265 1621 3319 δὲ
1643 3267 1776 3324 καλεῖσθαι

167 3353 234 3410 Dico
251 3371 257 3408 ε
274 3351 371 3408 Octavi
384 3349 450 3406 libri
463 3353 613 3406 auctorest
621 3347 764 3405 Palladius
775 3345 930 3418 Helenopo·
971 3350 1071 3403 δίδωσιν
1086 3350 1100 3404 θ
1114 3351 1291 3423 συνταξάμενος
1307 3350 1386 3424 ὄνομα
1404 3352 1433 3406 τὸ
1451 3354 1544 3424 βιθλίον
1562 3376 1568 3387 ’
1584 3354 1646 3417 τινές
1663 3355 1691 3408 δὲ
1712 3354 1776 3412 eisd

131 3444 189 3499 leos
199 3442 354 3516 episeopus,
368 3440 527 3511 diciturque
541 3441 676 3494 Lousicce
690 3439 827 3493 Historia.
969 3438 1010 3490 καὶ
1024 3438 1092 3493 Νέον
1104 3433 1252 3512 ὀνομάζουσι
1266 3440 1433 3512 Παροδείοιον
1447 3443 1641 3515 (manuscripti
1653 3443 1773 3515 quidam

167 3533 282 3588 Οίιιτιιιιι
295 3531 347 3585 hoc
359 3529 428 3584 satis
446 3545 479 3583 ex
493 3528 617 3583 Socrate.
634 3525 682 3580 lib.
695 3541 732 3592 ιν,
746 3540 808 3595 cap.
821 3521 866 3591 23,
878 3539 928 3579 cu·
969 3525 1132 3598 Παρσδείοιν,
1148 3528 1197 3601 qui
1209 3529 1245 3583 ad
1260 3530 1416 3601 marginem
1430 3532 1614 3604 manuscripti
1628 3516 1773 3604 Marganii

128 3624 176 3693 jus
186 3619 270 3676 rerba
281 3618 446 3691 exprimam.
456 3616 520 3671 Alia
527 3615 655 3687 quiedam
663 3613 725 3668 ride
734 3612 765 3667 in
779 3611 883 3684 Elegiis
892 3612 929 3668 ad
969 3616 1237 3690 voceturilesspadr)
1251 3617 1283 3674 ‘0
1294 3618 1320 3672 δὲ
1331 3622 1495 3693 συντεταχώς,
1504 3619 1622 3689 Ἰωάννης
1633 3619 1677 3693 μὲν
1688 3621 1773 3694 ὄνομα

132 3726 197 3764 eum
215 3707 329 3763 librum.
349 3705 519 3777 sicigitur:
537 3704 572 3760 El
590 3704 618 3757 δέ
635 3723 672 3766 τις
692 3703 806 3773 βούλοιτο
823 3698 855 3756 τά
873 3702 929 3774 περί
970 3702 1079 3778 αάτιῖηέξ
1088 3704 1237 3775 ἐπικλήσεως
1247 3707 1274 3760 δέ
1284 3704 1381 3780 ίλέγετο
1392 3708 1459 3763 θτοῦ
1469 3709 1617 3781 stemate
1627 3704 1771 3774 ἀπετάξατο

131 3795 212 3851 αὐτῶν
233 3795 361 3868 μανθάνειν
378 3789 414 3848 ὧν
428 3813 455 3848 τε
469 3790 596 3861 ἐποίησαν,
615 3785 691 3846 ὧντε
706 3790 822 3863 ίπραξαν,
838 3784 928 3846 ratde
970 3790 1013 3865 μέν
1035 3790 1059 3848 ἐν
1080 3799 1110 3868 τῇ
1130 3801 1175 3850 τοῦ
1195 3795 1265 3867 ἁγίου
1285 3795 1423 3853 Θεοδοσίου
1444 3803 1517 3870 μονῇ,
1540 3787 1593 3851 εἶτα
1614 3799 1770 3870 συνδιέτριψε

132 3883 193 3957 πρὸς
212 3883 333 3957 ὠφέλειαν
349 3890 400 3938 τῶν
414 3877 571 3936 άαουσάντῶν
586 3879 740 3954 ἐφθέγξαντο,
757 3877 825 3944 ὅπως
839 3900 866 3935 τε
882 3876 928 3934 αὖ·
971 3883 1091 3955 [xxxvtt]
1106 3894 1157 3948 τοῖς
1168 3903 1195 3938 τε
1207 3883 1270 3938 κατὰ
1282 3883 1324 3939 τὸν
1346 3884 1474 3957 Ἰορδάνην
1491 3881 1537 3940 άνὰ
1550 3887 1595 3955 τὴν
1613 3888 1705 3958 έρημον
1723 3882 1772 3942 eis·

131 3984 182 4036 τοῖς
196 3973 228 4028 τά
240 3975 313 4045 θηρία
331 3974 448 4042 badacar,
463 3970 598 4040 πεπίνηται
613 3969 755 4042 Παλλαδίῳ
768 3975 806 4042 τῷ
821 3975 928 4043 μοναχῷ
969 3974 1105 4044 αουμένοις,
1120 3974 1161 4027 καί
1174 3983 1224 4036 τοϊς
1239 3971 1264 4028 ἓν
1278 3979 1309 4046 τῇ
1323 3976 1366 4045 νέᾳ
1378 3974 1471 4046 Λαθρᾳ
1487 3981 1531 4029 τοῦ
1550 3975 1658 4047 μεγάλου
1678 3974 1771 4030 >lette

130 4063 193 4117 ἴδιον
208 4061 364 4134 μονόδιθλον,
381 4060 408 4124 ὃς
423 4057 548 4132 Εθαγρίου
563 4061 608 4130 μέν
624 4079 659 4121 τις
673 4058 792 4130 μαθητὴς,
807 4058 888 4113 πάντα
902 4058 930 4112 tt
970 4062 1118 4115 διαθλοῦσιν.
1137 4061 1264 4118 Ἐντεῦθεν
1283 4063 1310 4117 δέ
1328 4062 1359 4116 τά
1372 4083 1399 4117 τε
1413 4070 1456 4132 τῆς
1474 4062 1629 4138 Ἀντιοχείας
1647 4064 1769 4135 κλίματα,

131 4147 237 4223 οόιριθῶς
250 4151 307 4224 περί
322 4147 403 4204 αάτῶν
417 4149 539 4218 διεξῆλθεν
556 4146 581 4202 ε’ν
598 4143 673 4220 ᾧιιαί
685 4153 806 4220 γυναικῶν
824 4144 930 4219 έφάμιλ·
970 4150 1010 4203 καί
1033 4150 1077 4218 τὴν
1097 4149 1272 4223 Ἀλεξάνδρου,
1298 4153 1338 4206 ιιαὶ
1360 4152 1405 4221 τὴν
1426 4153 1482 4224 περὶ
1505 4150 1580 4221 αὐτὴν
1602 4154 1705 4224 ἔρημον,
1729 4153 1771 4207 καί

131 4243 175 4295 λον
205 4250 257 4304 τοῐς
284 4241 469 4312 προειρημένοις
496 4233 613 4309 άνδράσιν
642 4234 829 4308 ἐπανελομένιον
858 4237 928 4306 βίον,
971 4240 1062 4312 μέχρισ
1076 4238 1189 4303 ’Odessos
1199 4238 1317 4306 ἐπελθὼν,
1330 4242 1371 4294 καί
1383 4243 1484 4295 πολλῶν
1493 4242 1534 4295 καὶ
1544 4241 1659 4313 μεγάλων
1670 4235 1770 4312 ἀνδρῶν

131 4334 230 4404 μνήμην
243 4333 374 4399 πεποίηται
391 4347 424 4382 :r
441 4329 618 4399 Quapropter
631 4326 655 4381 si
669 4325 732 4398 quis
745 4323 839 4380 studio
853 4323 930 4381 duci-
971 4321 1092 4398 άριστείας
1115 4332 1287 4402 συναγηοχώς,
1313 4335 1385 4384 τοῦτο
1411 4330 1455 4401 μέν
1480 4328 1543 4401 ὄψει,
1572 4335 1645 4384 τοῦτο
1672 4329 1700 4383 δὲ
1727 4329 1770 4383 καί

131 4428 178 4477 tur
193 4426 323 4478 accurate
342 4416 527 4491 cognoscendi
549 4431 619 4488 quas
640 4432 684 4472 res
707 4414 857 4486 gesserint,
873 4399 1087 4489 ηυοῦνεαζοθση
1110 4412 1171 4490 οόιοῇ
1192 4437 1199 4451 ·
1219 4416 1260 4470 διὰ
1282 4418 1326 4486 τὴν
1353 4416 1428 4487 αὐτὴν
1454 4418 1482 4472 a
1509 4416 1588 4472 αἰτίαν
1614 4419 1655 4471 καί
1684 4419 1770 4485 νήσοις

130 4516 212 4582 pacto
224 4528 254 4566 se
269 4512 299 4566 in
308 4510 366 4566 vita
375 4505 560 4571 exercuerint,
570 4521 631 4577 quse
641 4504 677 4558 ad
690 4503 866 4561 audientium
875 4503 930 4559 uti·
970 4504 1170 4577 ίστορησάρενος,
1186 4503 1211 4560 ἐν
1229 4512 1266 4578 τῷ
1281 4505 1343 4579 πρὸς
1356 4507 1400 4575 τὴν
1415 4486 1510 4579 ῥώμην
1525 4506 1634 4578 διάπλῳ,
1651 4502 1770 4560 irretetis

131 4598 241 4654 litatem
253 4599 340 4654 locuti
354 4597 468 4664 fuerint,
484 4593 623 4668 quomodo
640 4592 735 4649 bestisi
748 4592 804 4648 illis
819 4591 928 4648 obtem·
969 4591 1000 4647 τά
1022 4595 1184 4665 παραπλήσια
1209 4595 1433 4667 διερευνησάμενος,
1458 4597 1498 4650 καί
1522 4596 1616 4667 μαθὼν,
1636 4592 1666 4649 τδ
1686 4591 1769 4665 παρὸν

130 4685 265 4758 perarint,
279 4687 355 4757 legat
367 4685 470 4742 librum
480 4700 498 4740 a
509 4681 631 4739 Palladio
644 4681 791 4748 monacho,
801 4680 850 4753 qui
861 4682 929 4737 Ere·
970 4683 1095 4755 σίνταγμα
1105 4683 1201 4756 γράφει,
1213 4684 1254 4738 καί
1266 4695 1406 4757 προσφωνεῖ
1419 4685 1583 4758 Σωφρονίῳῆ
1595 4685 1721 4755 Σωφρονᾷ
1729 4688 1770 4756 τῷ

128 4773 184 4847 grii
200 4773 255 4829 fuit
267 4773 429 4845 discipulus,
439 4773 591 4847 separatim
606 4771 642 4826 de
654 4769 710 4826 illis
723 4769 839 4826 editum.
855 4771 929 4826 Nam
970 4768 1050 4844 οἰκείῳ
1072 4775 1178 4846 μαθητῇ,
1197 4775 1238 4827 καί
1259 4771 1387 4848 ἐγχειρίζει
1408 4771 1475 4848 αὐτῷ
1489 4779 1572 4838 τοῦτο,
1591 4772 1634 4840 τἠν
1649 4778 1693 4827 τοῦ
1713 4772 1770 4842 βίου

131 4863 227 4919 omnia
238 4880 300 4936 quae
314 4862 350 4917 ad
364 4879 412 4919 eos
426 4867 564 4935 spectent,
574 4861 605 4917 in
617 4876 650 4916 eo
663 4867 731 4917 suut
741 4864 871 4915 accurate
883 4876 929 4916 ex·
970 4863 1107 4934 μέλλουσαν
1130 4859 1269 4933 ἐφίστασθαι
1292 4861 1355 4935 πρὸς
1377 4863 1408 4919 τά
1431 4859 1548 4936 ἀμείνονα
1573 4861 1769 4934 προτεθεαμίνος

128 4954 243 5026 plicata.
259 4954 292 5009 In
313 4969 369 5025 quo
388 4951 487 5024 [mut]
501 4952 587 5009 etiem
610 4951 646 5008 de
669 4949 844 5017 mulieribus,
865 4964 928 5022 quie
970 4952 1116 5022 μεταθολην.
1133 4950 1208 5020 Πλὴν
1228 4949 1253 5015 ἐξ
1267 4951 1383 5007 ἁπάντων
1395 4949 1425 5007 τδ
1439 4954 1563 5027 χρήσιμον
1578 4951 1592 5004 δ
1610 4948 1709 5013 συνετός
1725 4949 1768 5003 καί

129 5058 228 5115 parem
241 5041 351 5098 vivendi
360 5040 571 5097 rationemcum
584 5039 927 5113 vir-issnprsdictisexeo·
968 5039 1080 5112 θεοφιλὴς
1104 5034 1166 5111 ἀνὴρ
1192 5039 1341 5113 δρεπόμενος
1366 5038 1410 5096 osis
1435 5039 1464 5094 άν
1489 5046 1539 5095 τῶν
1565 5038 1768 5111 συντεταγμένων

129 5129 233 5199 lebant,
257 5145 351 5186 sermo
374 5133 519 5201 susceptus
538 5134 590 5184 est.
608 5148 621 5181 s
638 5130 677 5185 Ex
695 5145 750 5201 qno
773 5128 928 5200 Tripartite
966 5127 1040 5199 κόρον
1053 5130 1184 5201 καταγνοίη
1202 5146 1209 5183 :
1227 5147 1240 5183 ι
1255 5130 1357 5186 Lectm
1375 5135 1419 5186 est
1437 5129 1507 5184 liber
1527 5134 1649 5201 quaeror
1663 5133 1692 5182 et
1705 5131 1767 5181 tre-

129 5218 254 5275 Historia
280 5219 330 5275 lib.
361 5236 415 5284 νιιι,
440 5233 501 5289 cap.
527 5217 553 5286 l,
570 5223 599 5273 et
624 5218 800 5291 Nicephorus
822 5217 871 5273 tib.
887 5232 924 5287 xi,
967 5215 1767 5291 centiseonstansaarrationibus.iiicquoquemonastica

128 5325 189 5381 cap.
205 5307 251 5366 ll.
966 5305 1144 5377 potissimum
1162 5307 1226 5365 vitre
1248 5308 1388 5376 conducit,
1411 5308 1596 5380 camdemque
1619 5307 1678 5362 sere
1698 5320 1785 5367 cum.

164 5398 235 5454 Cum
250 5402 345 5454 autern
367 5402 426 5453 tres
446 5396 504 5453 sint
525 5395 642 5452 diversa
656 5395 774 5453 Palladii
789 5395 926 5452 editiones
965 5395 1110 5469 superiore
1124 5398 1302 5467 (Sanctorum
1315 5398 1439 5455 virorum
1448 5397 1530 5466 libro,
1541 5404 1575 5454 ut
1588 5395 1706 5454 Photius
1717 5393 1765 5449 in·

126 5486 243 5543 dirersis
256 5487 467 5559 intrepretibus,
484 5503 545 5559 que
558 5501 657 5542 earum
675 5484 803 5543 rideatur
815 5501 925 5558 germa-
964 5484 1073 5556 digitat,
1084 5485 1629 5561 quemhiesnpraquintoetsextolibro
1640 5483 1765 5542 divisum

125 5575 197 5646 nior,
214 5575 277 5633 ride
291 5576 491 5649 prolegomeno
507 5576 552 5646 ll,
567 5572 617 5634 ubi
628 5574 663 5632 de
676 5573 886 5648 interpretibus.
965 5572 1061 5645 hebes)
1074 5579 1237 5647 pertractet,
1250 5574 1306 5634 nisi
1321 5575 1397 5650 quod
1420 5592 1517 5636 eorum
1541 5577 1668 5633 uirorum
1686 5574 1765 5632 diets
