3832 6120
134 313 179 370 469
332 315 418 372 VITA
436 314 656 372 sanctonum
673 315 846 371 eamean
864 315 1033 372 EREMITAE
1051 316 1096 372 ΕΤ
1113 315 1296 372 rosnPHar
1315 317 1427 374 INDIAE
1445 319 1562 378 REGIS.
1714 317 1768 378 470

132 439 234 496 scilicet
247 443 368 494 mortem
383 443 552 510 superasset,
566 441 765 512 victoriamque
779 440 859 496 nobis
875 442 955 502 adn
967 447 1036 496 sunt
1053 441 1113 496 sine
1127 440 1185 495 ulla
1200 439 1373 496 dubitatione
1389 444 1481 511 credo,
1491 462 1614 517 eumque
1625 463 1710 518 quem
1717 463 1766 501 an·

131 544 224 583 versus
237 544 303 583 eam
320 529 462 594 donasset,
478 533 562 599 atque
574 529 794 585 immortalitatis
808 530 926 600 largitor
966 530 1080 585 nuntias
1090 530 1178 584 Deum
1193 529 1284 601 gloria
1294 531 1394 585 afficio.
1407 532 1466 588 Hoc
1477 550 1566 589 unum
1575 540 1651 607 peto,
1663 542 1696 590 ut
1705 536 1766 591 sine

131 617 371 672 immortalitatem
386 617 464 672 carni
477 617 661 682 conciliasset,
682 619 825 690 discipulis
849 619 925 673 visus
966 619 1024 673 ullo
1039 635 1133 673 errore
1147 625 1248 673 cuneta
1259 619 1328 673 mihi
1343 619 1477 687 declares,
1495 623 1617 694 quidque
1637 625 1706 679 mihi
1725 624 1767 678 l'a-

130 713 177 773 eat,
196 705 322 778 ipsisque
333 723 431 777 pacem
442 706 596 778 impertivit
606 707 694 782 (loen.
707 723 743 762 xx
754 727 760 774 3
772 708 831 764 Act.
848 711 877 776 ι),
894 725 926 763 ac
967 709 1095 763 ciendum
1111 710 1147 764 sit
1161 716 1256 765 exacte
1275 710 1385 764 doceas.
1409 713 1501 782 Atque
1523 715 1608 768 etiam
1633 715 1767 786 quidnam

130 812 176 868 per
192 811 242 849 eos
255 795 386 849 universo
401 796 563 849 mortalium
576 796 682 866 generi.
968 797 1124 869 baptismus
1134 799 1171 853 sit
1185 816 1269 870 quern
1280 799 1355 853 abiis
1368 800 1416 870 qui
1424 800 1479 854 lide
1486 802 1595 872 praediti
1605 808 1672 858 sunt
1681 804 1768 877 accipi

156 884 233 957 „Post
249 884 438 956 quadraginta
452 889 548 938 autern
563 885 622 939 dies
637 885 665 939 in
680 886 764 939 creles
791 885 927 954 ascendit,
968 886 1019 953 ais,
1034 887 1164 959 deinceps
1177 888 1221 942 sac
1235 887 1400 959 intelligam.

132 979 210 1044 atique
223 973 255 1026 in
269 973 362 1027 Patris
376 972 474 1026 dextra
492 974 580 1039 sedet,
605 990 774 1044 rursumque
793 979 927 1028 venturus
1004 975 1054 1029 Ille
1070 982 1164 1030 antem
1175 976 1285 1031 adeum
1296 976 1454 1047 respondit:
1471 977 1579 1033 Sanctae
1593 979 1679 1051 buJ‘us
1689 985 1718 1035 et
1727 981 1769 1036 in-

133 1066 169 1116 est
184 1061 314 1132 judicare
325 1061 401 1116 vivos
415 1066 443 1116 et
452 1068 588 1127 mortuos,
600 1079 632 1116 ac
644 1063 760 1117 reddere
776 1063 927 1134 unicuique
968 1064 1164 1118 contaminatae
1180 1064 1402 1119 Christianorum
1415 1065 1480 1119 tidei
1493 1066 1570 1121 velut
1579 1067 1697 1123 radixac
1707 1085 1768 1124 cer·

132 1151 204 1221 juxta
218 1167 307 1222 opera
317 1166 369 1204 sua
384 1152 466 1216 (Paul.
485 1150 554 1218 uxr).
581 1150 648 1205 Post
661 1151 811 1222 gloriosam
831 1158 927 1206 autem
967 1156 1028 1205 tum
1039 1152 1253 1207 fundamentum
1262 1152 1347 1206 divini
1359 1152 1491 1224 baptismi
1499 1155 1593 1225 gratia
1602 1159 1654 1223 est,
1666 1161 1698 1210 ut
1707 1172 1769 1227 quae

136 1254 206 1293 mam
216 1239 246 1292 in
262 1239 347 1292 coelos
357 1238 558 1298 ascensionem.
568 1239 776 1294 sanctissimum
791 1240 927 1312 Spiritum
968 1240 1063 1294 omnia
1078 1258 1096 1294 a
1109 1240 1256 1295 nativitate
1273 1247 1416 1296 contracta
1431 1247 1545 1313 peccata
1558 1244 1659 1314 expiet,
1685 1248 1769 1316 atque

138 1327 165 1381 ad
176 1332 293 1381 sanctos
306 1343 371 1381 suos
386 1326 536 1399 discipulos
546 1328 576 1381 in
585 1328 660 1398 ignis
674 1329 766 1399 specie
774 1329 851 1383 misit
864 1348 870 1395 3
882 1346 928 1384 cu·
969 1329 1225 1400 eainquinamenta
1235 1346 1298 1400 quae
1309 1346 1342 1383 ex
1354 1330 1421 1384 vitio
1437 1332 1559 1385 conllata
1571 1337 1638 1386 sunt
1652 1348 1769 1403 prorsus

139 1415 928 1488 jusinstinctuperegrinislinguisloquicoeperunt,quem-
969 1424 1112 1489 expurget.
1123 1418 1168 1472 Sic
1178 1417 1254 1471 enim
1265 1417 1392 1473 Salvator
1406 1419 1558 1485 mandavit,
1569 1426 1601 1474 ut
1608 1437 1659 1492 per
1665 1437 1768 1493 aquam

142 1502 280 1557 admodum
299 1503 359 1574 ipse
373 1503 459 1557 dabat
472 1503 564 1575 eloqui
587 1503 651 1558 illis.
673 1504 745 1558 Hinc
767 1505 854 1575 igitur
878 1522 928 1576 per
968 1505 1145 1576 acSpiritum
1156 1521 1365 1576 regeneremur,
1377 1507 1641 1578 atqueadveterem
1650 1509 1771 1581 dignita·
1817 1501 1818 1504 ¹

143 1590 215 1662 ipsius
227 1591 386 1662 gratiamin
400 1608 499 1646 omnes
514 1598 612 1663 gentes
623 1592 742 1664 dispersi
752 1600 827 1657 sunt,
841 1599 925 1665 atque
966 1598 1023 1647 tem
1036 1594 1197 1648 redeamus:
1210 1595 1426 1665 perorationem
1436 1595 1606 1651 videlicetac
1615 1596 1769 1652 salutarem

145 1679 312 1733 orthodoxam
326 1679 410 1734 tidem
425 1680 654 1752 praedicaverunt,
680 1681 853 1752 baptizantes
878 1699 925 1736 eos
965 1680 1179 1747 invocationem,
1195 1682 1231 1735 ad
1245 1699 1349 1753 aquam
1367 1684 1516 1738 accedente
1533 1684 1640 1755 Spiritu
1660 1691 1766 1740 sancto.

146 1767 283 1822 innomine
298 1768 390 1823 Patris
403 1776 433 1823 et
446 1769 510 1823 Filii
524 1776 553 1824 et
567 1770 688 1841 Spiritus
702 1771 800 1837 sancti,
822 1778 851 1826 et
874 1753 955 1826 do·B
966 1770 1146 1841 Baptizamur
1155 1771 1242 1840 igitur
1252 1773 1332 1841 Juxta
1343 1771 1494 1826 Salvatoris
1504 1789 1664 1827 sermonem
1678 1773 1707 1827 in
1720 1789 1769 1827 no-

148 1862 221 1910 centes
238 1873 351 1911 servare
372 1859 468 1911 omnia
490 1859 641 1913 salvatoris
660 1865 799 1931 precepta
819 1862 923 1927 tMatth.
966 1858 1041 1913 mine
1050 1859 1141 1913 Patris
1150 1864 1178 1912 et
1188 1859 1251 1913 Filii
1260 1867 1288 1913 et
1297 1859 1417 1930 Spiritus
1431 1860 1520 1914 sancti
1537 1861 1645 1926 (Martie.
1656 1868 1766 1927 xxvrrr).

149 1943 231 2016 xxrnr).
242 1945 285 1998 Ad
300 1946 375 2000 hunc
390 1946 477 2016 igitur
492 1948 607 2002 modum
623 1953 721 2017 gentes
746 1965 763 2002 a
784 1955 860 2002 reeta
883 1949 929 2003 via
968 1949 1060 2016 Atque
1074 1948 1113 2001 ita
1125 1947 1245 2018 Spiritus
1254 1948 1348 2018 gratia
1362 1947 1390 2002 in
1407 1950 1470 2019 ejus
1485 1949 1532 2020 qui
1542 1947 1701 2020 baptizatur
1711 1948 1771 2004 ani·
1840 1981 1844 1990 ·

151 2031 291 2088 aberrantes
299 2034 486 2101 illustrarunt,
498 2052 530 2090 ac
539 2036 776 2107 supersititiosunr
788 2038 927 2092 idolorum
969 2036 1198 2101 maimmoratur‚
1213 2053 1275 2089 earn
1285 2037 1437 2102 illustrans,
1454 2054 1487 2091 ac
1500 2037 1623 2092 divinam
1637 2038 1769 2102 reddens,

153 2123 925 2192 erroremdemediosustulerunt.Quamvisautemhostis,
969 2129 1054 2195 atque
1069 2124 1220 2196 imaginem
1228 2124 1304 2178 illam
1311 2125 1563 2180 assimilitudinem
1574 2126 1634 2191 Dei,
1643 2127 1769 2199 adquam

154 2208 236 2264 cladem
245 2227 327 2265 suam
338 2212 530 2283 indignissime
540 2213 641 2278 serens,
660 2231 734 2269 nunc
748 2210 860 2286 quoqu'e
871 2214 928 2269 bel·
968 2213 1081 2266 condita
1094 2217 1146 2278 cst,
1162 2212 1215 2284 ipsi
1230 2212 1400 2267 instaurans.
1416 2215 1456 2267 dc
1469 2213 1610 2284 deinceps,
1627 2214 1767 2270 veteribus

154 2297 194 2352 lun
203 2299 331 2354 adversus
342 2301 403 2372 pios
414 2300 524 2367 excitet,
535 2301 630 2356 stultis
641 2302 771 2356 videlieet
779 2319 811 2356 ac
819 2303 928 2357 stolidis
969 2300 1098 2355 omnihus
1111 2301 1171 2355 vitii
1186 2300 1317 2372 operibus
1330 2300 1456 2372 ahJ‘ectis,
1468 2317 1547 2356 novae
1560 2302 1624 2356 vitae
1637 2319 1702 2357 cura
1708 2303 1767 2358 Deo

155 2388 303 2456 persuadens
313 2389 605 2444 ntidolorumcultum
616 2391 707 2445 adhuc
717 2391 867 2458 retineant,
877 2392 928 2445 im-
968 2396 1080 2459 pactum
1095 2390 1198 2443 inimus
1214 2391 1305 2456 (Nax,
1322 2395 1393 2443 orat.
1409 2391 1441 2444 de
1453 2394 1539 2444 sanct.
1556 2391 1711 2459 baptism),
1736 2408 1768 2445 ac

91 2485 98 2499 ·
155 2472 228 2530 teila
240 2482 337 2531 tamen
361 2478 451 2549 ipsius
469 2478 510 2532 vis
534 2479 633 2533 effecta
648 2486 700 2545 est,
728 2485 813 2549 atque
840 2480 927 2550 ipsius
968 2478 1111 2549 puriorem
1126 2478 1234 2532 vivendi
1250 2477 1387 2532 rationem
1401 2478 1598 2550 auspicamur:
1615 2494 1671 2550 quo
1686 2479 1768 2533 nimi-

155 2561 240 2621 iranee
256 2583 307 2638 per
320 2564 425 2620 Christi
436 2567 590 2638 potentiam
608 2568 638 2622 in
650 2569 735 2622 finem
754 2568 924 2624 deiecerunt.
967 2581 1030 2620 rum
1046 2566 1130 2620 etiam
1145 2566 1304 2620 cohaeredes
1320 2582 1417 2620 eorum
1433 2565 1590 2620 efficiamur
1603 2567 1651 2637 qui
1664 2566 1699 2620 ad
1712 2558 1768 2622 im·

156 2650 616 2711 bttibillominummeumaclleum
630 2661 659 2710 et
670 2656 769 2711 salutis
783 2663 925 2712 auctorem
967 2655 1169 2709 mortalitatem
1195 2655 1355 2724 regenerati
1388 2659 1472 2719 sunt,
1503 2671 1536 2708 ac
1566 2655 1768 2726 sempiternam

156 2742 226 2809 picis
236 2742 329 2798 verbis
342 2744 495 2811 declaravi3
510 2744 620 2815 plenius
634 2750 729 2799 autem
744 2762 808 2799 eum
823 2762 925 2816 cogno·
967 2743 1086 2797 salutern
1106 2743 1248 2797 consecuti
1270 2748 1345 2797 sunt.
1372 2743 1450 2797 Citra
1471 2741 1642 2814 baptismum
1672 2748 1767 2799 autem

156 2843 204 2893 ars,
220 2831 242 2885 si
261 2833 350 2904 ipsius
374 2833 496 2903 gratiam
520 2833 549 2886 in
576 2833 671 2887 anima
696 2839 745 2889 tua
774 2835 923 2907 acceperis,
966 2831 1028 2884 fieri
1049 2847 1105 2884 non
1124 2837 1218 2902 potest
1232 2838 1264 2885 ut
1283 2832 1431 2901 quisquam
1450 2830 1553 2886 honam
1577 2849 1656 2903 spem
1671 2848 1767 2887 conse·

157 2914 278 2991 duaeque
292 2921 427 2975 beneflcio
442 2920 493 2974 tihi
507 2921 658 2992 contigerit
669 2927 702 2976 ut
719 2922 807 2993 ipsius
830 2939 926 2978 servus
966 2925 1078 2991 quatur,
1095 2919 1251 2990 quamlibet
1265 2919 1351 2973 etiam
1370 2920 1430 2991 pios
1451 2936 1549 2975 omnes
1568 2920 1673 2990 pictate
1692 2926 1770 2975 ante·

157 3003 196 3060 iar.
966 3008 1102 3062 calluerit.
1123 3008 1167 3062 Sic
1180 3008 1255 3061 enirn
1278 3009 1353 3063 Deus
1375 3007 1510 3075 Verbum,
1536 3009 1594 3079 qui,
1615 3015 1648 3063 ut
1669 3009 1768 3079 generi

179 3095 230 3152 tre.
245 3097 319 3153 VIII.
338 3129 373 3143 -
385 3099 452 3153 Haec
467 3098 551 3153 verba
564 3104 596 3154 ut
616 3099 691 3169 regis
710 3101 784 3154 filius
805 3101 921 3167 audivit,
934 3103 955 3160 C
967 3102 1063 3151 nostro
1069 3097 1189 3151 salutem
1200 3097 1321 3162 afferret,
1331 3096 1537 3151 humanitatem
1547 3097 1678 3167 suscepit,
1686 3097 1766 3152 dixit:

156 3180 218 3251 ipsius
230 3187 341 3241 animus
354 3187 460 3242 lumine
473 3189 637 3260 perstrictus
651 3194 703 3254 est,
720 3205 752 3243 ac
767 3189 927 3260 praelaetitia
967 3187 1057 3239 Arnen
1067 3184 1127 3238 dico
1137 3183 1224 3250 vohis,
1237 3184 1293 3238 nisi
1305 3184 1555 3255 quisregeneratus
1566 3183 1768 3256 fueritexaqua

156 3283 166 3321 t
182 3275 239 3329 solio
259 3292 310 3330 suo
334 3293 496 3347 exsurgens,
519 3277 705 3348 Barlaamque
728 3279 924 3349 complectens,
967 3278 996 3328 et
1008 3273 1113 3344 Spiritu
1128 3279 1233 3334 sancto.
1252 3289 1308 3327 non
1323 3272 1441 3326 intrabit
1457 3273 1487 3326 in
1501 3289 1619 3344 regnum
1632 3273 1767 3328 caelorum

155 3355 215 3415 dixit:
230 3364 368 3432 Fortasse,
381 3365 491 3419 nisime
507 3367 670 3436 conJectura
682 3365 764 3431 fallit,
787 3365 829 3418 vir
851 3383 924 3438 prae-
968 3363 1057 3426 (roan.
1068 3365 1121 3431 nr).
1133 3360 1321 3426 Quamobrem
1327 3367 1393 3415 ante
1401 3362 1530 3416 omniate
1539 3378 1617 3432 rogo,
1629 3368 1662 3417 ut
1670 3361 1765 3417 mimo

155 3451 306 3518 manime,
320 3453 366 3507 hic
379 3459 423 3507 cst
430 3453 632 3508 inaestimabilis
640 3454 688 3507 vlle
697 3454 766 3524 lapis
774 3470 857 3525 quem
868 3471 924 3508 non
966 3451 1050 3504 fidem
1065 3451 1195 3522 accipias,
1205 3450 1343 3504 aestatim
1353 3449 1682 3521 ardentissimoquodam
1692 3451 1764 3506 desi·

155 3533 187 3591 vhe
198 3556 224 3594 re
236 3542 377 3596 occultum
386 3547 475 3607 tenes,
483 3558 535 3595 nec
545 3541 659 3596 cuilibet
666 3543 823 3613 promiscue
833 3548 924 3597 osten·
965 3539 1043 3593 derio
1058 3540 1093 3593 ad
1101 3539 1274 3610 baptismum
1285 3539 1408 3598 accedas,
1416 3555 1467 3592 nec
1479 3538 1566 3592 ullam
1578 3539 1692 3593 omnino
1703 3555 1765 3593 rno-

155 3620 187 3692 iis,
199 3645 289 3684 verum
301 3631 336 3685 iis
343 3631 457 3684 demum
468 3630 517 3702 qui
526 3631 603 3685 sanis
613 3647 645 3684 ac
654 3631 742 3684 srrmis
753 3631 839 3684 animi
859 3648 923 3685 sen·
965 3643 1025 3680 ram
1040 3627 1183 3682 adhibeas.
1197 3627 1358 3681 Periculosa
1368 3627 1507 3698 siquidem
1522 3631 1565 3681 est
1578 3627 1685 3694 dilatio,
1702 3644 1766 3699 pro·

154 3710 207 3770 tiva
217 3719 326 3789 prediti
338 3725 413 3773 sunt.
426 3720 495 3774 Ecce
515 3719 591 3774 enirn
600 3727 633 3774 ut
642 3720 700 3774 haec
711 3719 794 3773 verba
808 3720 923 3774 auribus
964 3722 1061 3786 pterea
1073 3717 1147 3786 quod
1158 3717 1331 3787 praestitutus
1339 3717 1424 3771 morti
1435 3716 1766 3773 diesincertuaest.iosa-

154 3807 229 3877 sapi,
238 3808 462 3862 suavissimalux
473 3813 571 3879 pectus
583 3825 678 3863 meum
690 3807 786 3873 subiit,
795 3815 825 3862 et
839 3825 923 3878 grave
963 3804 1033 3874 phat
1047 3811 1141 3859 autem
1156 3805 1191 3858 ad
1206 3806 1298 3877 ipsum
1314 3806 1401 3861 dixit:
1422 3807 1458 3861 Et
1472 3823 1600 3877 quanam
1624 3805 1699 3860 hona
1717 3805 1767 3859 illa

154 3885 199 3947 illud
208 3894 331 3950 moeron's
338 3897 475 3962 velamen,
488 3897 563 3967 quod
570 3898 630 3967 jam
642 3897 749 3967 pridem
757 3897 851 3951 animo
860 3914 922 3952 meo
963 3910 1027 3964 spes
1041 3900 1093 3960 est,
1107 3896 1187 3965 cujus
1202 3896 1263 3949 lieri
1273 3912 1355 3967 posse
1369 3896 1479 3967 negasti
1494 3903 1526 3951 ut
1536 3896 1685 3968 quisquam
1697 3895 1767 3949 citra
1803 3920 1806 3925 ·

154 3981 247 4054 unque
262 3985 452 4048 incumbebat,
464 3986 560 4039 statim
572 3985 713 4040 sublatum
728 3991 779 4039 est.
797 3986 826 4040 Si
836 3986 924 4056 igitur
964 3981 1132 4053 baptismum
1148 3999 1261 4054 compos
1275 3984 1346 4038 liat?
1365 3985 1504 4048 Quidnam
1519 3984 1605 4040 etiam
1619 3983 1688 4038 illud
1712 3989 1765 4049 est,

154 4073 335 4145 rttteconjicio,
352 4074 404 4138 lac,
421 4090 525 4144 quaeso,
541 4074 638 4128 sciam.
653 4074 702 4129 Sin
713 4080 807 4129 autern
817 4074 923 4145 aliquid
964 4071 1038 4141 quod
1053 4072 1186 4125 coelorum
1201 4088 1319 4142 regnum
1333 4073 1627 4143 appellaslUndenam
1638 4073 1764 4128 itemDei

155 4149 240 4230 ffirqua
247 4161 298 4216 aba
309 4167 337 4216 te
346 4169 566 4218 commemorata
575 4163 825 4233 suntpraestantius
835 4164 920 4229 nosti,
964 4158 1140 4214 humanitate
1154 4160 1244 4214 induti
1260 4159 1344 4213 verba
1357 4160 1511 4214 audivisti?
1523 4160 1643 4225 Quinam
1666 4177 1764 4216 rursus

154 4251 312 4305 tenearis
327 4249 357 4303 id
367 4250 436 4305 mihi
449 4267 546 4306 rursus
559 4252 679 4322 aperire.
963 4258 1005 4301 est
1016 4248 1139 4302 incertus
1155 4248 1239 4301 morti
1254 4247 1430 4317 praestitutus
1444 4248 1513 4314 dies,
1530 4248 1565 4301 de
1588 4265 1643 4318 quo
1663 4249 1764 4317 ingens

175 4331 281 4392 Rursum
294 4339 384 4409 igitur
396 4338 540 4411 respondit
554 4339 698 4393 Barlaam:
716 4341 759 4394 lta
780 4356 857 4404 sane,
882 4340 921 4393 mi
962 4335 1119 4389 sollicitudo
1133 4341 1231 4407 pectus
1246 4352 1340 4389 meum
1355 4335 1480 4402 subiens,
1494 4335 1661 4390 moeroribus
1671 4335 1762 4390 acdo-

154 4413 236 4479 hmine
248 4444 282 4481 ac
293 4445 353 4495 rex,
363 4428 416 4481 hoc
433 4433 476 4482 est
489 4427 558 4482 illud
580 4444 715 4498 magnum
744 4428 919 4499 mysterium,
930 4412 1067 4481 Dloribus
1080 4443 1178 4480 carnes
1195 4443 1273 4481 meas
1288 4428 1409 4493 conficit,
1424 4432 1510 4500 atque
1524 4428 1594 4483 adeo
1609 4429 1702 4499 ipsum
1715 4445 1761 4482 os-

154 4512 203 4574 quod
213 4513 405 4570 absconditum
415 4522 509 4581 258
517 4522 560 4570 cst
571 4532 588 4570 a
601 4517 710 4570 saeculis
720 4523 748 4570 ct
760 4517 920 4586 generatio·
961 4515 1034 4570 sium
1050 4515 1135 4569 robur
1147 4516 1372 4588 exestlDenique
1380 4524 1475 4572 utrum
1484 4517 1635 4571 morientes
1644 4517 1674 4571 in
1686 4517 1761 4572 nihi·

153 4594 666 4676 vitus,inextremisauremeemporihus
673 4606 817 4659 bominum
824 4605 920 4676 generi
961 4603 1020 4658 lum
1034 4603 1194 4669 dilabimur,
1211 4621 1247 4658 an
1264 4610 1362 4659 contra
1374 4610 1439 4677 post
1457 4611 1623 4676 praesentem
1639 4605 1761 4676 peregri-

153 4690 292 4751 aeneam
301 4693 409 4760 (Colore.
422 4700 452 4758 1).
467 4693 779 4763 Cujusdeclarationem
790 4693 856 4747 olim
871 4710 921 4765 per
962 4693 1104 4746 nationem
1118 4693 1175 4747 alia
1187 4693 1244 4747 vita
1257 4700 1401 4765 superest:
1413 4694 1471 4748 haec
1481 4699 1508 4748 et
1522 4693 1566 4748 his
1575 4698 1763 4750 consentanea

153 4767 244 4843 Spiritus
253 4781 341 4835 divini
353 4781 475 4851 gratiam
489 4782 572 4835 multi
583 4782 728 4852 prophetae
742 4799 774 4835 ac
785 4782 854 4852 justi
869 4782 920 4836 viri
962 4797 993 4835 ex
1007 4787 1037 4836 te
1049 4781 1120 4835 scire
1136 4782 1261 4835 avebam.
1652 4768 1656 4775 ¹

153 4865 323 4938 rennerunt,
340 4869 524 4924 multifariam
545 4871 697 4940 multisque
721 4869 811 4924 modis
829 4869 920 4924 edocti
997 4870 1125 4924 Barlaam
1140 4870 1303 4940 hujusmodi
1317 4885 1482 4941 responsum
1495 4869 1540 4923 his
1558 4867 1650 4924 verbis
1664 4868 1761 4924 dedit:

152 4944 219 5016 (lor,
232 4963 281 5027 xr),
303 4968 389 5029 atquc
402 4958 460 5012 alta
477 4975 543 5012 voce
557 4959 766 5012 annuntiantes
793 4958 919 5029 Cumque
962 4958 1040 5012 Bona
1057 4975 1091 5012 ea
1105 4975 1176 5029 spes,
1194 4959 1295 5029 dequa
1313 4958 1422 5012 locutus
1441 4973 1514 5023 sum,
1540 4958 1620 5028 regni
1639 4958 1761 5014 coelestis

154 5037 244 5099 &aaut
256 5047 371 5102 omnino
384 5046 508 5101 futuram
523 5047 724 5118 prospicerent,
741 5047 920 5116 cJusquecer-
961 5051 1014 5100 est.
1027 5047 1166 5101 Eaautem
1176 5052 1217 5100 est
1229 5047 1376 5117 ejusmodi,
1384 5053 1416 5101 ut
1427 5047 1626 5102 nullaomnino
1635 5047 1763 5102 humana

153 5129 226 5186 aare
234 5134 389 5209 cupiditate
401 5140 575 5201 tenerentur,
590 5151 646 5190 non
660 5140 756 5189 tamen
768 5150 831 5188 earn
855 5151 919 5206 per·
960 5135 1058 5206 lingua
1071 5135 1203 5206 explicari
1222 5135 1319 5207 possit.
1340 5135 1389 5189 Ait
1409 5136 1484 5190 enirn
1507 5136 1652 5208 Scriptura
1664 5156 1670 5190 :
1693 5136 1760 5201 Quae

155 5225 292 5291 uexerunt3
319 5240 418 5278 verum
443 5224 544 5278 ultima
564 5223 624 5277 haec
649 5224 794 5294 generatio
826 5224 919 5278 divino
960 5224 1056 5278 oculus
1070 5240 1127 5277 non
1138 5222 1214 5290 vidit,
1225 5229 1253 5278 et
1262 5224 1338 5278 auris
1354 5240 1410 5279 non
1432 5224 1547 5292 audivit,
1564 5230 1593 5280 et
1605 5227 1636 5279 in
1648 5241 1696 5279 cor
1707 5224 1759 5278 bo-

155 5293 376 5366 mendosorum
397 5318 541 5366 auctorem
573 5313 704 5384 suscepit.
732 5312 919 5377 Quamobrem
961 5312 1043 5366 minis
1053 5313 1310 5380 nonascenderunt,
1320 5314 1488 5384 praeparavit
1498 5311 1760 5385 Deusdiligentihus

157 5389 189 5454 lli
208 5399 356 5467 tradiderit,
381 5405 410 5454 et
432 5400 588 5472 baptizatus
615 5401 710 5467 fixerit,
743 5401 836 5454 salvus
866 5392 921 5455 erit
961 5417 991 5454 se
1007 5402 1069 5467 (lea.
1084 5415 1164 5466 cxlv,
1187 5403 1202 5455 l
1215 5402 1276 5457 Gor.
1301 5408 1339 5470 ul.
1366 5401 1438 5455 Cum
1457 5407 1551 5455 autem
1576 5400 1684 5472 abjecta
1707 5399 1760 5452 bac

158 5470 225 5542 (llere.
237 5488 295 5556 xvrl.
960 5504 1055 5543 crassa
1068 5504 1160 5555 carne,
1186 5487 1389 5544 beatitudinem
1412 5489 1490 5544 illam
1509 5490 1603 5543 divino
1623 5485 1758 5543 beneflcio

156 5558 160 5567 ’
182 5562 240 5624 birli
247 5579 337 5631 antem
344 5575 480 5646 iosaphat
492 5595 497 5631 :
511 5576 613 5631 Omnia
626 5593 659 5630 ea
673 5593 735 5648 quae
749 5576 799 5631 ahs
809 5577 920 5631 tedicta
961 5578 1103 5631 consecuti
1117 5576 1261 5642 fuerimus,
1278 5586 1339 5632 tum
1359 5578 1415 5642 ille,
1439 5580 1519 5649 cujus
1537 5575 1671 5632 beneflcio
1695 5589 1761 5645 spes
