3818 6120
129 260 183 319 317
583 273 669 330 VITA
687 274 817 334 SANOTI
840 277 992 335 volutus
1012 277 1314 335 ELEEMOSYNARII.
1714 278 1766 337 378

129 388 231 447 beatus
256 392 302 448 bic
318 394 489 466 possidebat,
506 398 580 469 quod
601 402 645 464 (ut
671 401 777 457 dictum
800 406 851 475 est)
873 409 1038 466 nonAsunt
1050 422 1123 471 eavit,
1137 404 1367 460 abrenuntiantes
1377 405 1493 467 mundo,
1504 421 1568 458 curu
1578 411 1766 475 eapergentes

128 480 331 538 condemnaret
344 485 513 555 proxImum,
525 504 576 542 nuc
591 490 811 547 condemnantes
824 494 929 565 recipe·
969 493 998 548 in
1011 495 1214 548 monasterium
1228 496 1298 564 ejus.
1319 495 1421 549 Servus
1435 493 1510 547 enim
1530 493 1580 547 Dei
1601 495 1764 562 monachus,

127 574 182 624 ret.
194 570 292 625 Dicam
304 589 370 627 xero
387 581 416 628 et
433 576 493 646 eius
507 576 663 633 doctrinam
683 580 717 635 de
731 581 785 636 hoc
799 581 928 638 omnibus
969 583 1017 655 qui
1032 584 1193 638 totonderat
1211 600 1283 649 earn,
1299 587 1447 653 postquam
1469 582 1604 636 satisfecit
1625 583 1764 651 omnibus,

127 659 308 729 proficuam:
336 662 450 718 Juvenis
479 665 593 737 quidam
616 668 728 739 rapiens
749 672 926 739 monachum,
970 672 1087 727 tradidit
1100 673 1158 726 Deo
1168 672 1298 743 spiritum
1313 672 1342 725 in
1352 687 1429 742 pace.
1443 672 1516 738 ldeo,
1531 670 1632 742 lnquit,
1644 672 1705 727 dico
1721 690 1767 728 vo-

127 746 201 819 lugit
223 748 505 823 Constantinopobm.
528 754 588 809 Hoc
607 755 702 811 dicens
720 759 825 828 justus,
841 761 929 816 tristis
970 760 1022 828 bis,
1046 762 1105 827 tilii,
1121 778 1156 817 ue
1175 762 1331 833 precipites
1353 760 1389 814 ad
1408 760 1621 815 condemnanda
1639 767 1668 816 et
1688 763 1765 832 judi·

126 834 219 890 tactus
233 841 378 909 estusque
394 841 429 895 ad
445 848 575 897 mortem.
596 845 733 917 Tempore
752 865 817 903 vero
834 849 928 921 aliquo
968 850 1059 905 canda
1072 851 1132 905 sitis
1139 851 1240 906 aliena.
1256 850 1398 905 tlultoties
1410 849 1485 904 enim
1495 856 1638 920 peccatum
1650 849 1766 905 fornica·

126 930 282 990 transacto,
299 929 467 984 consedente
482 947 515 985 eo
530 948 587 986 una
602 933 710 990 dierum
726 935 756 990 ia
771 937 927 993 honorabili
968 940 1053 994 tionis
1068 940 1197 1007 vidimus,
1215 939 1412 1011 poenitentiam
1425 955 1490 992 vero
1505 940 1575 1009 ejus,
1597 955 1681 1010 quam
1700 940 1765 994 tecit

127 1012 312 1070 similini-chlo
327 1033 392 1072 cum
412 1018 579 1089 quibusdam
593 1023 711 1088 clericis,
727 1030 756 1079 et
769 1043 927 1082 sermonem
968 1030 1083 1091 occulte,
1100 1046 1156 1084 nou
1170 1029 1339 1100 aspeximus.
1355 1029 1390 1083 Et
1404 1034 1446 1082 est
1460 1028 1526 1099 quia
1539 1028 1647 1093 turtum
1660 1027 1762 1084 lacien-

127 1101 230 1157 animae
248 1104 348 1159 utilem
362 1113 499 1175 movente,
516 1110 592 1164 venit
605 1111 635 1166 in
644 1113 768 1168 medium
779 1121 807 1170 et
819 1132 926 1171 memo-
967 1123 1025 1173 tem
1040 1119 1191 1189 quomdam
1206 1118 1336 1183 vidimus,
1360 1117 1482 1189 suspiria
1497 1133 1562 1171 vero
1584 1122 1612 1171 et
1625 1116 1765 1188 lacrymas

127 1190 170 1244 ria
183 1192 296 1262 juvenis
310 1194 358 1265 qui
373 1196 503 1251 ancillam
518 1199 568 1253 Dei
582 1207 724 1271 rapuerat,
741 1208 770 1257 et
783 1213 928 1276 caeperunt
968 1223 1038 1277 quas
1054 1207 1185 1278 produxit
1197 1208 1255 1261 Deo
1268 1207 1419 1261 nescimus.
1440 1205 1474 1260 Et
1486 1221 1537 1260 nos
1551 1204 1664 1275 quidem
1679 1205 1763 1259 habe-

128 1279 177 1351 qui
191 1286 289 1336 sancto
299 1284 480 1341 considebant
493 1288 733 1345 anathematizare
748 1293 833 1347 talem
845 1295 927 1364 juve·
967 1311 1031 1351 mus
1044 1312 1109 1349 eum
1125 1296 1236 1366 qualem
1254 1295 1374 1349 vidimus
1389 1294 1476 1359 illum,
1492 1297 1593 1357 turem,
1609 1280 1660 1347 aut
1681 1293 1765 1347 torni·

128 1383 203 1434 uem,
220 1375 357 1442 tanquam
372 1373 420 1445 qui
437 1375 508 1430 duas
526 1377 635 1433 animas
654 1379 824 1450 perdiderat,
846 1400 927 1438 suam
968 1390 1103 1452 castorem,
1114 1390 1164 1439 siut
1172 1386 1335 1455 perjurum;
1349 1384 1423 1455 apud
1431 1384 1521 1437 Deum
1533 1398 1597 1437 vero
1606 1387 1767 1453 receptaest

128 1457 259 1513 videlicet
269 1466 298 1513 et
306 1462 538 1518 sanctimonialis.
551 1467 728 1539 Compescuit
738 1487 805 1541 ergo
815 1477 844 1526 et
854 1489 927 1527 rese·
968 1475 1076 1529 occulta
1090 1476 1152 1544 eius
1164 1474 1300 1529 contessio
1315 1480 1343 1527 et
1358 1473 1531 1544 penitentia,
1549 1478 1578 1528 et
1592 1479 1636 1527 est
1654 1471 1689 1526 ab
1704 1472 1765 1543 ipso

129 1546 201 1600 cavit
215 1563 264 1602 eos
278 1547 385 1617 beatus,
401 1551 497 1608 dicens
514 1573 519 1607 :
536 1555 577 1609 Ne
596 1556 720 1624 sic,s1lii,
739 1575 775 1613 ne
789 1560 843 1628 sic,
860 1577 926 1616 nam
967 1559 1766 1633 pretiosus.Omnesigituradmirabantursuperdoctrina

129 1637 277 1692 ostendm
306 1638 382 1694 vobis
407 1642 474 1712 quia
492 1648 521 1698 et
542 1662 591 1699 vos
614 1646 669 1701 duo
684 1655 798 1718 peccata
820 1649 924 1706 tacitis:
967 1650 1099 1705 industrii
1113 1650 1233 1723 pastoris
1247 1652 1331 1721 hujus
1344 1659 1429 1721 atque
1439 1650 1577 1721 magistri.

129 1737 228 1788 unum,
249 1725 317 1795 quia
340 1728 568 1797 transgredimini
589 1732 752 1788 mandalum
777 1734 896 1791 dicentis
916 1731 956 1791 :B
1001 1739 1066 1793 Car.
1081 1740 1194 1796 XLVII.
1214 1772 1244 1782 -·
1265 1739 1379 1794 Duobus
1392 1739 1499 1793 clericis
1517 1739 1705 1793 calceamenta
1722 1738 1763 1792 sa·

129 1810 221 1865 Nolite
228 1812 366 1883 iudicare,
380 1820 473 1871 utnon
481 1817 648 1888 judicemini
660 1822 768 1890 (natta
784 1830 840 1894 vn);
852 1826 928 1881 dein·
968 1827 1115 1895 cientibus,
1138 1834 1167 1883 et
1181 1829 1263 1898 juxta
1280 1845 1310 1882 se
1329 1828 1530 1894 laborantibus,
1553 1844 1627 1882 unus
1651 1827 1765 1899 quidem

128 1900 173 1963 de,
190 1901 259 1971 quia
272 1903 385 1958 nescitis
400 1905 503 1960 certius
522 1906 546 1961 si
561 1924 650 1979 usque
664 1909 746 1965 hodie
760 1920 884 1983 peccent,
900 1921 929 1970 et
968 1916 1090 1971 babebat
1100 1917 1171 1972 fiilos
1187 1918 1299 1982 multos,
1313 1923 1472 1983 etuxorem,
1485 1923 1514 1971 et
1526 1922 1645 1989 patrem,
1660 1921 1689 1971 et
1704 1932 1765 1969 ma-

127 2005 184 2045 ¹¹⁰¹¹
200 1991 363 2061 Poeniteant.
968 2010 1040 2060 trem
1056 2023 1063 2058 τ
1077 2006 1194 2060 vacabat
1207 2023 1273 2062 sero
1287 2007 1409 2061 ecclesiae
1425 2006 1485 2060 sine
1498 2005 1717 2075 Intermissione,
1736 2009 1765 2058 et

164 2079 234 2149 Legi
258 2080 335 2134 enim
351 2081 437 2136 vitam
455 2083 547 2139 Patris
562 2086 667 2157 aliquid
681 2090 738 2143 tale
752 2090 901 2147 habentem
919 2111 924 2146 :
968 2112 1066 2150 omnes
1078 2101 1142 2166 post
1162 2096 1252 2150 Deum
1271 2095 1364 2149 alebat
1385 2095 1420 2150 de
1443 2101 1503 2150 arte
1530 2112 1591 2150 suo.
1607 2096 1686 2149 Alter
1700 2109 1765 2148 vero

129 2169 196 2241 quia
209 2168 239 2223 in
253 2169 365 2224 civitate
388 2171 510 2242 quadam
528 2173 584 2229 duo
607 2178 735 2232 monachi
754 2179 884 2236 abierunt
898 2182 927 2236 in
968 2184 1095 2256 quamvis
1110 2184 1217 2238 doctior
1230 2184 1367 2251 essetillo,
1382 2201 1415 2238 eo
1430 2185 1504 2255 quod
1519 2201 1575 2239 non
1586 2188 1766 2255 permaneret

129 2259 329 2314 miuisterium.
340 2259 373 2314 Et
387 2277 450 2314 cum
464 2263 600 2318 transiret
610 2282 681 2320 unus
692 2283 742 2338 per
755 2268 857 2338 locum,
874 2272 928 2326 cla·
968 2273 998 2327 in
1017 2272 1142 2339 ecclesia,
1155 2273 1205 2327 sed
1228 2273 1313 2327 mam
1332 2273 1485 2327 Dominicis
1499 2273 1597 2327 diebus
1611 2271 1763 2338 laboraret,

123 2348 227 2429 'mabat
236 2349 262 2403 ei
272 2365 329 2403 una
340 2349 500 2418 tornicaria,
510 2352 623 2410 dicens:
636 2355 717 2410 Salva
727 2374 780 2424 me,
793 2358 887 2428 Pater,
896 2366 928 2415 ut
968 2378 1019 2416 nee
1031 2362 1154 2432 seipsum
1169 2366 1281 2417 tantum
1295 2363 1403 2417 nntrlre
1413 2361 1532 2415 valebat.
1544 2360 1688 2416 Invidebat
1698 2376 1765 2430 ergo

129 2438 258 2494 Christus
273 2437 459 2493 meretricem.
476 2440 526 2495 llle
540 2458 606 2497 vero
621 2444 767 2502 hominum
787 2448 927 2504 conlusio·
968 2451 1021 2506 iste
1035 2451 1124 2506 vicino
1138 2467 1199 2505 suo.
1216 2451 1251 2505 Et
1261 2451 1382 2505 unevice
1397 2467 1451 2504 non
1468 2451 1604 2505 sullerens
1619 2449 1762 2514 invidiam,
1830 2480 1836 2489 ·

129 2544 195 2583 nem
209 2533 304 2594 202
318 2528 432 2582 omnino
451 2544 508 2583 non
527 2547 636 2599 curans,
655 2535 726 2589 dixit
739 2537 766 2591 ei
783 2555 788 2590 :
805 2539 928 2608 Sequere
969 2540 1038 2595 dicit
1050 2540 1076 2595 ei
1090 2556 1154 2594 cum
1167 2539 1208 2593 tra
1225 2558 1230 2592 :
1247 2540 1327 2594 Unde
1349 2545 1380 2594 tu
1394 2540 1434 2593 sic
1446 2540 1523 2594 dives
1536 2539 1626 2593 sactus
1641 2555 1670 2593 es
1682 2538 1695 2590 l
1708 2538 1765 2607 Ego

130 2634 184 2671 me.
200 2618 237 2672 Et
250 2624 350 2674 tenens
363 2637 426 2676 eam
451 2641 500 2696 per
521 2639 636 2680 manum
650 2627 721 2696 ejus,
739 2627 805 2683 exiit
818 2627 927 2698 publice
969 2645 1033 2683 vero
1043 2646 1144 2683 vacans
1155 2628 1218 2700 plus
1227 2628 1281 2683 arti
1295 2645 1364 2682 meae
1379 2644 1463 2699 quarn
1473 2632 1514 2689 tu,
1529 2628 1557 2680 in
1571 2630 1765 2697 paupertatem

130 2706 164 2761 de
182 2707 305 2768 civitate.
321 2712 450 2768 omnibus
473 2714 681 2785 aspicientibus.
698 2716 783 2771 Facta
803 2722 846 2771 est
861 2735 928 2788 ergo
969 2717 1077 2772 deveni.
1093 2718 1167 2773 Dicit
1180 2735 1244 2773 vero
1259 2719 1294 2785 ei,
1310 2718 1404 2772 volens
1417 2719 1509 2770 tacere
1527 2732 1592 2769 eum
1608 2731 1706 2769 vacare
1720 2730 1767 2767 ec·

130 2795 207 2851 mma
222 2798 289 2867 quia
311 2800 396 2855 abbas
415 2804 520 2874 aceepit
542 2804 691 2860 mulierem
710 2805 844 2861 domnam
858 2807 928 2861 Por·
969 2807 1059 2863 clesiae
1075 2827 1082 2863 :
1098 2808 1211 2862 Invenio
1225 2807 1348 2879 pretium
1361 2806 1391 2860 ia
1405 2810 1491 2871 terra,
1507 2810 1536 2859 et
1550 2804 1615 2859 inde
1630 2803 1766 2874 paulatim

129 2886 261 2957 pbyriam
278 2889 329 2956 lita
349 2891 423 2946 enim
444 2891 595 2948 vocabatur
607 2895 730 2963 mulier).
745 2895 929 2965 pergentibus
970 2897 1047 2951 dives
1056 2896 1145 2951 lactus
1155 2897 1290 2964 sum;sed
1299 2896 1323 2949 si
1338 2895 1388 2961 vis,
1405 2910 1516 2965 semper
1529 2910 1596 2947 voco
1609 2898 1646 2960 te,
1663 2898 1692 2946 et
1703 2891 1766 2945 veni

130 2990 197 3046 ergo
210 2977 260 3043 eis,
274 2983 307 3032 ut
322 2979 448 3035 mitteret
461 2998 523 3036 eam
539 2983 568 3037 in
592 2985 805 3052 monasterium,
824 2987 929 3041 invenit
970 3002 1090 3049 mecum,
1100 2981 1765 3056 etquidquidinvanerimus,accipiesdimidium.

128 3064 235 3120 mulier
247 3066 341 3122 Inuna
349 3069 465 3124 eeclesia
474 3088 593 3143 puerum
602 3073 632 3127 ln
641 3077 746 3128 terram
761 3077 928 3146 proiectum,
939 3075 1042 3149 ccum
1055 3091 1121 3145 ergo
1131 3074 1319 3144 acquiesceret
1330 3073 1387 3138 ille,
1405 3076 1434 3126 et
1445 3077 1611 3142 sequeretur
1624 3086 1689 3124 eum
1700 3085 1767 3122 eun·

128 3159 156 3209 et
170 3157 393 3213 sustuliteumut
400 3160 522 3216 nutriret
532 3161 621 3216 illum.
638 3163 809 3235 ltaquepost
822 3183 928 3220 annum
968 3169 1027 3219 tem
1040 3164 1076 3217 ad
1095 3162 1249 3228 ecclesiam,
1266 3163 1326 3216 sine
1345 3161 1552 3215 intermissione
1576 3157 1719 3213 benedixit
1742 3157 1767 3210 ei

129 3244 246 3315 qnidam
259 3254 399 3302 venerunt
408 3249 436 3303 in
452 3251 643 3322 pat1·iatn,ubi
653 3259 714 3307 erat
724 3252 810 3308 abbas
820 3261 849 3310 et
864 3256 929 3310 Por·
970 3254 1054 3319 Deus,
1063 3257 1092 3307 et
1106 3253 1220 3306 divItem
1235 3250 1301 3305 secit
1314 3267 1388 3304 eum.
1404 3251 1483 3304 Tunc
1491 3249 1562 3303 dixit
1576 3249 1601 3303 ei
1616 3248 1664 3301 ille
1676 3246 1766 3300 bonus

127 3332 240 3405 pbyn‘a,
267 3351 328 3406 qua
350 3336 443 3392 suerat
467 3339 501 3394 de
524 3341 736 3410 meretricibus3
761 3348 789 3398 et
803 3344 929 3398 videntes
969 3341 1161 3396 consiliarius:
1179 3340 1289 3406 Vidisti,
1307 3340 1403 3404 frater,
1419 3353 1507 3392 unum
1517 3337 1694 3392 mendacium
1705 3351 1768 3406 pro·

128 3439 192 3478 eam
203 3423 308 3479 babere
319 3427 478 3496 puerulum,
496 3429 593 3484 dicunt
607 3430 650 3485 ei:
667 3431 811 3487 Veraciter
823 3432 927 3488 bonum
969 3434 1032 3501 pter
1046 3431 1135 3484 Deum
1148 3426 1201 3499 [88)
1215 3433 1352 3499 quantum
1366 3426 1471 3499 proluit
1484 3426 1585 3482 animae
1595 3432 1651 3480 tuae
1664 3431 1692 3479 et
1704 3422 1767 3478 sub

127 3513 223 3568 abbati
231 3514 340 3585 pullum
349 3516 930 3586 genuisti.Nondumenimsanctumsche·
970 3519 1080 3574 stantia
1092 3519 1167 3573 tuae?
1186 3517 1284 3584 Crede,
1301 3517 1371 3571 nihil
1384 3515 1559 3573 inveniebam
1575 3513 1725 3584 aliquando
1738 3513 1768 3566 in

128 3618 177 3657 ma
188 3609 344 3673 acceperat.
360 3605 465 3660 Euntes
477 3622 543 3676 ergo
552 3607 658 3678 Tyrum
668 3609 716 3679 qui
727 3610 855 3664 viderant
866 3628 928 3665 eam
969 3613 1055 3673 terra,
1072 3613 1105 3662 ut
1116 3606 1262 3662 aestimasti
1271 3607 1364 3676 gratia
1374 3606 1458 3678 pretii
1470 3624 1477 3674 3
1491 3605 1540 3659 sed
1555 3603 1687 3675 quoniam
1699 3601 1769 3655 dixit

128 3691 207 3759 (iude
232 3693 309 3747 euim
330 3693 416 3749 abbas
441 3694 545 3749 tulerat
571 3695 672 3766 illam),
702 3699 925 3764 diffamaverunt,
969 3695 1258 3761 Dominus:Quaerite
1268 3696 1390 3767 primum
1403 3711 1521 3765 regnum
1531 3693 1582 3748 Dei
1593 3698 1621 3746 et
1628 3690 1768 3762 justitiam

128 3781 198 3852 quia
209 3783 311 3852 genuit
325 3782 361 3837 de
380 3781 481 3838 abbate
508 3784 674 3856 Porphyria,
697 3791 726 3840 et
739 3803 789 3841 nos
810 3788 929 3844 vidimus
970 3787 1042 3857 ejus,
1059 3793 1088 3841 et
1109 3786 1168 3841 haec
1189 3785 1284 3840 omnia
1302 3783 1471 3855 adjicientur
1489 3782 1565 3838 vobis
1582 3782 1690 3849 (navia.
1711 3784 1767 3849 v1);
1871 3822 1874 3827 .

127 3871 281 3941 puerulum
293 3871 380 3925 oculis
390 3872 494 3926 uostris
503 3874 676 3928 similantem
687 3876 723 3929 ei.
735 3875 853 3939 Quando
862 3893 929 3947 ergo
969 3874 1073 3930 idcirco
1097 3875 1271 3930 occasionem
1285 3874 1346 3940 teci,
1363 3879 1474 3928 tantum
1490 3877 1521 3927 ut
1542 3872 1705 3926 seducerem
1719 3868 1767 3937 ῑοξ

127 3961 260 4031 cognorit
274 3969 308 4014 ex
321 3961 378 4015 Deo
393 3960 479 4015 abbas
493 3962 601 4017 obitum
616 3980 716 4032 suum,
740 3965 808 4019 dicit
830 3982 930 4020 nonnae
971 3970 1000 4019 et
1014 3981 1076 4018 ecce
1097 3980 1153 4018 non
1168 3964 1229 4019 sine
1250 3980 1336 4018 causa
1362 3963 1494 4028 laboravi,
1510 3962 1560 4016 sed
1583 3960 1724 4025 invenisti,
1740 3965 1769 4014 ct

128 4049 261 4120 Pelagiae,
278 4050 318 4104 sic
332 4050 407 4105 enim
420 4051 540 4106 mutavit
552 4069 654 4106 nomen
665 4055 736 4124 ejuS,
746 4054 859 4124 quaudo
875 4060 930 4109 tra·
970 4053 1196 4123 superinvenisti.
1214 4054 1272 4107 Hoc
1286 4052 1373 4123 igitur
1386 4051 1495 4105 discens
1518 4055 1630 4105 sanctus
1648 4048 1768 4119 patriar·

128 4139 203 4194 didit
221 4139 247 4193 ei
265 4150 394 4194 sanctum
411 4141 542 4195 schema:
557 4142 660 4197 Eamus
670 4143 784 4214 Tyrum,
802 4144 869 4214 qula
883 4144 931 4198 ba·
971 4142 1032 4207 cha,
1048 4141 1114 4196 fecit
1129 4142 1208 4196 illum
1223 4140 1328 4195 bonum
1348 4139 1539 4194 consiliarium
1562 4138 1768 4210 presbyterum,

132 4228 186 4283 beo
207 4229 263 4283 illic
278 4245 453 4301 responsum,
470 4236 499 4284 et
511 4231 572 4285 volo
587 4238 619 4285 ut
632 4232 727 4286 venias
741 4247 863 4287 mecum.
878 4234 931 4289 Ille
970 4235 1115 4301 tamquam
1126 4231 1258 4300 dignum;
1275 4228 1425 4282 eratenim
1441 4229 1537 4281 lector.

129 4335 198 4372 sero
210 4334 266 4372 non
280 4319 375 4373 salens
387 4319 577 4374 contradicere
591 4320 627 4387 ei,
639 4327 735 4376 secuta
750 4325 870 4375 osteum
883 4341 889 4377 z
902 4328 930 4377 et
1006 4321 1072 4374 Car.
1084 4320 1207 4375 XLVIII.
1222 4318 1300 4371 -Et
1312 4316 1425 4388 quidem
1441 4317 1575 4370 hactenus
1585 4319 1651 4368 ante
1665 4331 1770 4369 memo·

129 4414 271 4462 venerunt
285 4406 378 4475 ambo,
394 4407 530 4463 habentes
544 4414 573 4463 et
586 4411 735 4480 puerulum
754 4418 862 4481 septem
878 4404 1050 4465 an-Dratus
1076 4408 1126 4463 Dei
1147 4408 1239 4462 cultor
1261 4410 1383 4472 donnas,
1400 4406 1448 4476 qui
1471 4404 1563 4459 suerat
1581 4402 1769 4458 vicedominus

129 4513 236 4553 norum
251 4497 427 4553 existentem.
444 4499 515 4553 Cum
533 4515 600 4568 ergo
622 4504 786 4569 aegrotasset
801 4499 887 4554 abbas
902 4500 931 4555 in
972 4497 1154 4553 sanctissimae
1168 4496 1291 4551 ecclesiae
1305 4495 1560 4549 Alexandrinorum
1579 4509 1689 4562 magnae
1702 4491 1768 4546 civi-

130 4585 299 4641 Infirmitate
309 4586 345 4640 ad
355 4592 484 4652 mortem,
496 4588 684 4642 ascenderunt
693 4588 727 4642 ad
739 4589 931 4645 visitationem
972 4585 1049 4652 tatis,
1065 4585 1208 4640 enarravit
1222 4584 1311 4639 nobis.
1326 4583 1479 4655 Sequentia
1489 4588 1584 4637 autem
1598 4581 1692 4634 viIItas
1706 4596 1770 4634 mea

130 4674 196 4743 ejus
209 4672 368 4746 decivitate
382 4690 471 4745 usque
484 4675 520 4729 ad
533 4680 646 4730 centum
661 4676 780 4730 ammas.
793 4677 828 4731 Et
841 4677 909 4731 dicit
924 4696 929 4730 :
972 4675 1110 4747 depInxit;
1128 4675 1256 4746 quaedam
1263 4690 1328 4728 vero
1343 4690 1359 4726 a
1375 4673 1552 4743 quibusdam,
1569 4669 1671 4741 quibus
1685 4668 1770 4738 digne

130 4761 239 4816 Afferte
248 4779 362 4834 prunas.
374 4764 473 4835 Itaque
484 4781 547 4818 cum
559 4765 680 4820 venisset
688 4766 864 4822 thuribulum
874 4764 930 4836 (87)
972 4765 1142 4819 credendum
1150 4769 1201 4830 est,
1213 4763 1316 4818 audivi.
1328 4759 1651 4830 Dicentibusergonobis
1661 4759 1690 4813 in
1701 4775 1770 4830 prae·

131 4846 248 4917 plenum
264 4849 372 4918 prunis,
392 4848 459 4903 tulit
471 4855 501 4903 et
515 4850 659 4915 evacuavit
677 4867 724 4904 eas
738 4851 767 4905 in
781 4851 932 4905 vestimen·
973 4854 1054 4909 dictis
1069 4854 1099 4908 in
1108 4853 1230 4924 quodam
1244 4850 1366 4923 capitulo
1379 4852 1468 4919 isim,
1485 4867 1508 4904 c.
1523 4850 1579 4916 ll),
1590 4849 1664 4920 quod
1680 4849 1771 4903 multa

132 4944 198 4990 tum
207 4953 300 5003 suum,
308 4943 338 4991 et
346 4938 417 4991 dixit
427 4957 433 4991 :
443 4937 565 5004 CredIte,
578 4938 688 5005 tratres,
701 4941 766 5010 quia
777 4940 850 4994 sicut
858 4941 933 4995 Deus
973 4943 1112 5016 spirituali
1127 4942 1274 4997 dilectione
1294 4940 1453 5012 patriarcba
1472 4945 1501 4993 et
1522 4939 1622 4994 Niceta
1635 4939 1770 5010 patricIus

133 5024 238 5080 rubum
254 5026 402 5082 custodivit
420 5027 627 5082 incombustum
642 5028 677 5082 ab
695 5029 770 5099 igne,
792 5028 864 5084 sicut
881 5046 934 5085 nec
974 5034 1009 5087 ad
1024 5032 1140 5086 invicem
1160 5030 1283 5101 colligati
1299 5035 1401 5095 essent,
1422 5029 1538 5100 dignum
1556 5028 1691 5083 indicium
1706 5028 1771 5083 talis

133 5115 260 5171 tunicam
276 5116 348 5170 lianc
373 5133 466 5171 meam
485 5117 671 5172 incenderunt
695 5135 792 5189 pruna
806 5118 876 5185 istae,
894 5120 934 5174 ita
974 5121 1151 5177 exhibitionis
1160 5136 1281 5191 praesens
1294 5119 1389 5174 existit
1400 5119 1564 5192 capitulum.

135 5221 189 5260 nec
212 5222 264 5276 ego
283 5206 383 5276 agnovi
396 5213 541 5276 peccatum
565 5207 702 5272 mulieris,
718 5223 751 5261 ex
775 5224 829 5278 quo
849 5214 933 5264 natus
1010 5207 1768 5281 Quand0,permittenteDoo(89)‚propeccatisnostris.

134 5310 212 5349 sum.
228 5294 263 5348 Et
276 5310 374 5349 omnes
387 5296 480 5349 mirati
494 5301 572 5360 sunt,
588 5297 728 5366 quomodo
745 5312 802 5350 non
817 5297 934 5353 ardebat
974 5301 1099 5355 futurum
1113 5304 1173 5353 erat
1184 5305 1214 5353 ut
1224 5299 1558 5352 traderet-uralexandria
1568 5298 1628 5352 sine
1641 5297 1699 5351 Deo
1708 5297 1772 5350 Per-

127 5384 331 5439 vestimentum
347 5383 381 5437 ab
395 5385 461 5454 igne
475 5404 481 5451 3
497 5390 526 5439 et
539 5385 765 5456 glorificaverunt
779 5387 868 5441 Deum
883 5387 934 5441 ba·
973 5389 1021 5453 sis,
1031 5387 1212 5442 reminiscens
1225 5392 1321 5458 pastor
1335 5387 1453 5442 dicentis
1464 5406 1470 5439 :
1483 5387 1553 5442 Cum
1568 5385 1708 5457 persecuti
1723 5400 1770 5437 vos

129 5473 245 5528 beaoem
257 5475 382 5529 occultos
396 5491 499 5529 servos.
516 5476 557 5529 Ex
569 5475 712 5529 occasione
723 5480 818 5530 autem
831 5493 932 5531 nonnae
972 5478 1078 5531 fuerim
1090 5477 1119 5531 in
1139 5477 1251 5531 civitate
1269 5477 1332 5543 ista,
1352 5477 1440 5546 fugite
1456 5477 1485 5530 in
1505 5477 1589 5531 aliam
1606 5474 1716 5547 (lloltlr.
1731 5477 1768 5539 x),

128 5563 252 5634 Pelagiae
267 5564 408 5637 quondam
418 5564 583 5632 meretricis,
594 5564 931 5621 aliaefornieariaeseculae
970 5566 1067 5636 sugam
1095 5566 1216 5639 arripuit
1234 5567 1263 5621 in
1288 5565 1431 5638 propriam
1446 5565 1577 5638 patriam,
1595 5562 1721 5618 videlicet
1740 5559 1768 5612 iu
