3818 6120
186 255 262 315 loct
744 255 791 310 DE
809 253 904 310 v1r1s
923 252 1073 310 PATRUM
1090 253 1198 311 LIBER
1215 255 1277 311 VII.
1763 248 1831 308 1044

190 381 420 439 consuetudinem
435 395 525 447 suam,
535 396 598 436 eum
609 381 798 452 interrogaret
807 383 903 436 utrum
913 381 1071 440 lero-Atio
1085 383 1141 437 ista
1167 381 1270 436 idcireo
1291 379 1391 435 accidit
1417 377 1503 444 vobis,
1529 376 1596 450 quia
1622 376 1661 431 ad
1674 376 1761 431 finem
1770 376 1831 431 vite

191 472 500 544 solymitaeillicfratres
510 475 612 537 essent,
634 487 669 525 an
684 470 817 542 AEgyptii‚
844 470 989 542 respondit
1029 472 1112 527 ambo
1127 471 1250 535 venistis,
1266 471 1350 525 etiam
1361 472 1614 540 uterquevestrum
1624 464 1831 520 merebitnrea-

190 562 341 631 Macarius,
356 561 450 615 dicens
461 579 468 615 :
481 561 520 615 Ex
532 566 652 631 utroque
666 561 722 615 illic
737 560 872 630 quosdam
885 576 989 630 genere
1029 562 1134 617 reneri.
1146 561 1224 616 Nihil
1236 577 1303 630 ergo
1311 559 1393 614 aliter
1407 558 1538 620 feceritis,
1549 556 1619 611 nesi
1631 556 1704 610 sorte
1715 555 1829 625 augelus

188 651 291 707 vidisse
303 667 343 706 se.
353 651 424 706 Cum
433 655 528 705 autem
539 650 655 703 dixisset
664 648 984 704 illisanctushntonius:
1029 653 1152 717 veniens,
1167 666 1214 705 vos
1228 651 1257 704 in
1271 665 1304 703 eo
1323 664 1407 720 quem
1418 646 1475 702 dixi
1489 647 1549 701 loco
1561 644 1689 700 invenire
1703 659 1763 698 non
1773 660 1831 714 pos·

187 740 305 796 Facillis
319 739 455 806 laetitiam,
468 744 497 793 et
510 738 733 805 sumantcibum,
749 745 848 793 etuna
862 739 987 805 cumeis,
1031 741 1077 806 sit,
1090 740 1202 811 utrique
1214 739 1324 793 coronis
1334 736 1512 792 fraudemini.
1528 735 1583 799 Qui
1603 750 1669 789 cum
1682 733 1719 787 ad
1733 733 1831 787 cellam

189 829 316 884 oratione
325 830 472 899 completa,
486 827 660 900 jubebantur
681 828 825 883 discedere
842 847 848 882 ε
864 845 896 882 ac
924 845 989 883 vero
1030 822 1828 895 suamvelociterredeundoredintegratapeceveuissent,

188 933 252 975 eum
266 918 478 991 lerosolymitas
490 934 599 973 venisse
612 918 763 984 didicisset,
780 934 830 989 per
839 923 928 973 totam
942 933 990 972 no·
1029 921 1105 975 intra
1119 918 1306 991 quadraginta
1320 916 1379 971 dies
1399 914 1531 985 Eulogius
1540 913 1617 985 prior
1632 910 1713 977 obiit,
1733 917 1832 982 etpost

189 1012 260 1062 atem
272 1024 335 1062 cum
347 1008 387 1062 eis
397 1008 507 1073 sedens,
523 1023 558 1061 ea
573 1007 627 1061 illis
641 1023 702 1077 quae
717 1007 801 1061 saluti
815 1023 913 1061 eorum
927 1022 990 1078 pro·
1029 1009 1137 1080 aliquot
1145 1006 1387 1078 diessupradiotus
1396 1004 1497 1060 defecit
1507 1001 1745 1074 :egrotusanimo
1753 1001 1831 1055 vehe-

187 1098 305 1152 licerent
317 1095 494 1168 loquebatur.
507 1096 987 1167 llemorataigiturnocteeunrcou·
1027 1104 1138 1154 menter
1149 1095 1307 1152 incolumis.
1329 1094 1448 1149 Cronius
1463 1098 1558 1149 autem
1580 1108 1645 1146 cum
1675 1090 1830 1162 plurimum

188 1186 293 1241 sedisse
312 1184 480 1253 referebant,
496 1191 525 1240 et
538 1201 770 1255 unumquemque
794 1185 832 1238 ad
850 1201 880 1238 se
894 1185 928 1239 de
942 1184 986 1239 his
1027 1187 1162 1259 temporis
1176 1186 1205 1240 in
1220 1184 1370 1241 Thebaidis
1389 1183 1488 1237 fuisset
1514 1182 1592 1249 locis,
1608 1181 1645 1235 ad
1657 1180 1831 1234 monasteria

188 1276 237 1348 qui
247 1279 444 1342 convenerant,
456 1291 593 1329 evocasse.
605 1275 732 1345 Cumque
743 1274 846 1329 anullo
858 1273 920 1345 quis
930 1273 987 1329 illic
1026 1276 1218 1332 Alexandrina
1229 1273 1375 1329 descendit
1385 1292 1391 1341 ;
1402 1272 1549 1344 evenitque
1561 1277 1594 1326 ut
1602 1271 1639 1325 ad
1648 1271 1832 1325 illumoceur·

188 1365 321 1435 Eulogius
332 1369 487 1430 vocaretur,
494 1363 628 1430 audisset,
637 1363 696 1435 ipse
706 1363 734 1418 in
743 1363 988 1435 tenebrispropria
1027 1372 1103 1422 reret
1121 1366 1206 1433 diem,
1219 1364 1267 1436 qui
1279 1363 1363 1418 unius
1377 1362 1490 1434 quidem
1504 1360 1748 1432 quadragesimus,
1766 1359 1832 1413 alte·

187 1470 254 1508 voce
266 1470 318 1508 sua
329 1454 409 1507 illum
423 1459 467 1507 ter
485 1452 598 1507 nomine
612 1453 728 1507 vocavit.
745 1453 797 1507 Cui
810 1469 874 1507 cum
889 1469 988 1524 supra·
1028 1456 1087 1510 rius
1106 1459 1202 1510 autem
1215 1452 1316 1508 tertius
1330 1451 1486 1506 celebratus
1500 1456 1568 1505 tunc
1583 1466 1600 1503 a
1613 1447 1832 1503 fratribusdice·

187 1543 279 1598 dictus
301 1543 483 1597 scholasticus
497 1559 553 1596 non
568 1542 760 1613 responderet,
785 1547 887 1613 putans
913 1543 988 1613 quod
1029 1544 1121 1599 batur.
1133 1545 1203 1601 Cum
1213 1541 1301 1613 igitur
1315 1541 1434 1596 Cronius
1447 1539 1643 1604 hacaudisset,
1658 1538 1807 1609 obstupuit
1822 1556 1829 1604 ;

187 1633 259 1687 alter
273 1632 374 1703 aliquis
384 1632 517 1703 Eulogius
534 1638 690 1697 vocaretur,
703 1631 771 1686 dicit
783 1631 808 1685 ei
820 1647 917 1686 rursus
932 1632 989 1687 :Te
1030 1639 1198 1705 sumptoque
1208 1631 1471 1702 Evangeliosanoto.
1481 1627 1830 1700 atqueinmediofratrum

186 1737 262 1788 voco,
278 1721 386 1792 Eulogi,
398 1722 446 1792 qui
465 1721 501 1775 ab
515 1721 684 1776 Alexandria
697 1721 809 1775 civitate
818 1721 928 1776 venisti.
943 1704 1128 1796 Di-Bposito,
1142 1739 1205 1777 cum
1216 1725 1392 1776 sacramento
1416 1719 1484 1790 ipsis
1499 1735 1550 1790 per
1571 1718 1704 1772 ordinem
1731 1723 1831 1772 cuncta

185 1810 224 1866 cit
234 1811 260 1866 ei
273 1810 407 1881 Eulogius
421 1829 428 1866 ε
444 1810 527 1875 Quid,
540 1827 644 1881 quaeso,
663 1809 746 1881 J'ubes
760 1811 773 1863 f
787 1810 825 1864 Et
837 1810 985 1877 Antonius,
1029 1811 1272 1885 exposuitdicens:
1282 1809 1590 1879 Horumomniumquae
1598 1808 1829 1874 commemoravi,

185 1899 268 1967 Quid,
285 1899 386 1970 inquit,
414 1899 468 1954 hue
486 1899 586 1953 venisti
598 1898 610 1952 ?
620 1899 775 1970 Respondit
788 1899 930 1969 Eulogius,
947 1898 987 1952 di·
1027 1903 1165 1972 interpres
1178 1901 1239 1972 ipso
1253 1899 1294 1954 fui
1308 1915 1480 1963 sermonum,
1501 1915 1534 1952 eo
1549 1896 1625 1968 quod
1639 1897 1739 1951 Graece
1755 1897 1830 1968 loqui

184 2005 251 2043 cens
263 2007 268 2041 :
280 1988 334 2052 Qui
348 1987 399 2042 tibi
424 2005 526 2043 laomen
542 2005 635 2042 meum
648 1989 772 2042 revelare
787 1988 918 2059 dignatus
933 1994 984 2054 est,
1026 1997 1139 2047 sanctus
1145 1989 1284 2044 Antonius
1291 1987 1441 2043 nesciebat.
1450 1987 1508 2059 Ego
1514 1993 1610 2041 autern
1620 1991 1775 2057 utramque
1782 1985 1832 2040 lin·

95 2060 105 2072 ’
184 2077 245 2149 ipse
255 2078 341 2132 etiam
361 2082 390 2131 et
399 2077 536 2132 adventus
547 2078 602 2131 mei
615 2094 727 2132 causam
743 2078 840 2148 procul
849 2076 933 2132 dubio
943 2093 986 2130 re·
1027 2098 1111 2152 guam
1122 2096 1265 2143 noveram,
1276 2083 1361 2149 atque
1376 2078 1451 2132 inter
1460 2077 1535 2148 ipsos
1545 2075 1692 2147 loquebar,
1704 2075 1763 2129 illis
1774 2076 1832 2147 qui·

184 2167 296 2221 velavit.
316 2167 393 2222 Tunc
408 2166 472 2220 ille:
488 2168 590 2232 Quare,
614 2167 715 2238 inquit,
732 2167 841 2221 veneris
856 2165 921 2227 scio,
934 2167 984 2220 sed
1025 2170 1089 2224 dem
1107 2170 1212 2234 Graeco,
1229 2168 1276 2221 isti
1291 2173 1385 2222 autem
1400 2166 1530 2238 AEgyptio
1545 2182 1594 2219 ore
1609 2164 1796 2236 respondens.

184 2261 250 2310 ante
271 2272 369 2310 omnes
393 2256 445 2310 hos
460 2256 569 2320 fratres,
591 2261 623 2310 ut
636 2272 734 2310 ornnes
758 2256 885 2320 audiant,
901 2255 982 2309 refer.
1060 2259 1088 2313 4.
1109 2256 1170 2312 Hoc
1186 2263 1297 2327 quoque
1324 2254 1444 2310 Cronius
1470 2255 1530 2325 ipse
1554 2252 1635 2308 nobis
1658 2253 1801 2308 referebat
1812 2255 1828 2317 ¹,

182 2346 281 2400 iussus
294 2345 380 2415 igitur
393 2362 410 2399 a
425 2361 528 2416 magno
544 2345 666 2399 Antonio
677 2361 773 2399 servus
786 2344 889 2399 Christi
904 2344 985 2399 Eulo-
1026 2347 1099 2420 quod
1112 2347 1137 2402 ei
1146 2344 1415 2409 sanctushntonius,
1424 2343 1454 2397 in
1468 2344 1517 2399 ilia
1532 2344 1592 2414 ipsa
1606 2348 1690 2398 nocte
1700 2360 1757 2415 qua
1766 2342 1831 2397 bea·

181 2434 256 2505 gius,
272 2435 368 2489 retulit
393 2439 459 2488 ante
475 2450 571 2488 omnes
588 2452 594 2486 ε
612 2435 701 2488 Istum
716 2433 941 2504 elephantiosum
956 2434 985 2488 in
1026 2442 1086 2491 tum
1102 2436 1250 2506 Eulogium
1275 2435 1389 2499 dimisit,
1400 2433 1516 2488 dixisset
1532 2433 1599 2504 quia
1609 2439 1766 2504 pernotum
1782 2450 1831 2488 an·

182 2523 276 2594 platea
285 2522 397 2594 publica
406 2523 497 2594 reperi
507 2524 672 2594 projectum,
689 2524 770 2592 cujus
780 2539 876 2577 euram
890 2524 984 2578 nullus
1027 2541 1095 2581 num
1110 2525 1275 2597 deprecatus
1290 2524 1398 2586 fuisset,
1407 2528 1440 2577 ut
1451 2522 1671 2577 ostenderentur
1682 2523 1711 2576 ei
1725 2539 1777 2594 per
1790 2540 1831 2578 re·

183 2612 329 2666 hominum
342 2611 476 2681 gerebat,
493 2617 521 2666 et
548 2612 664 2682 promisi
684 2613 742 2666 Deo
769 2618 800 2666 ut
814 2612 983 2667 deservirem
1027 2615 1194 2670 velationem
1218 2615 1279 2668 loca
1293 2617 1471 2685 peccatorum
1487 2615 1571 2682 atque
1583 2613 1741 2682 justorum.
1755 2612 1790 2666 Et
1802 2629 1830 2667 se

182 2701 342 2772 egritudini
357 2702 418 2772 cJ'us
442 2701 581 2771 quomodo
596 2717 715 2773 possem,
730 2707 815 2772 etego
829 2719 880 2773 per
891 2702 981 2769 illurn,
1024 2704 1126 2758 vidisse
1136 2702 1246 2757 dicebat
1260 2718 1408 2775 procerum
1425 2701 1573 2772 quemdam
1589 2717 1681 2771 usque
1696 2701 1732 2756 ad
1742 2701 1830 2755 nubes

183 2795 213 2844 et
225 2790 273 2844 ille
283 2806 335 2862 per
349 2807 393 2843 me
412 2791 577 2843 salvaretur.
585 2790 624 2843 Ex
633 2806 688 2859 quo
712 2796 806 2844 autem
818 2790 924 2862 pariter
938 2805 983 2843 su·
1023 2794 1177 2864 gigantem,
1189 2792 1255 2847 tetri
1264 2791 1373 2857 coloris,
1387 2795 1515 2846 extensas
1525 2789 1677 2844 habentem
1689 2791 1830 2845 adcoelum

183 2895 257 2945 mus,
284 2880 398 2950 quintus
427 2879 551 2933 decimus
566 2895 656 2933 annus
672 2883 724 2943 est,
741 2879 815 2932 sicut
829 2885 857 2932 et
884 2885 983 2934 restra
1024 2899 1124 2938 manus
1143 2881 1313 2953 atqueinfra
1329 2880 1413 2952 pedes
1428 2880 1515 2952 ipsius
1539 2880 1631 2934 lacum
1646 2879 1684 2933 ad
1710 2880 1831 2950 speciem

183 2968 325 3023 sanctitati
336 2969 418 3022 credo
429 2968 524 3022 omnia
537 2968 669 3022 revelata.
678 2967 843 3038 Quiaigitur
857 2969 984 3039 postplu·
997 3025 1013 3049 „
1024 2972 1219 3037 marisfusum,
1229 2970 1277 3026 ubi
1284 2975 1420 3040 tanquam
1430 2986 1494 3025 aves
1504 2969 1646 3041 inquietas
1656 2969 1770 3024 animes
1784 2986 1831 3024 vo-

183 3057 271 3112 rimos
284 3073 373 3112 annos
383 3073 475 3111 cuma
497 3073 542 3111 me
552 3056 624 3110 nihil
635 3057 702 3110 mali
730 3056 887 3128 pertulerit,
900 3055 1013 3112 variisu
1024 3060 1116 3116 lantes
1139 3060 1209 3115 vidit
1224 3059 1383 3114 Antonius:
1400 3064 1429 3113 et
1443 3059 1498 3113 illae
1515 3058 1628 3129 quidem
1655 3075 1830 3130 quecunque

184 3163 229 3200 me
241 3147 370 3218 procellis
384 3162 417 3200 ac
430 3145 644 3216 tempestatibus
658 3151 747 3212 vexat,
757 3145 792 3200 ob
807 3147 881 3216 quod
891 3151 921 3200 et
933 3164 985 3217 ego
1026 3167 1112 3223 supra
1123 3151 1212 3222 ipsius
1223 3165 1323 3204 manus
1334 3154 1474 3220 caputque
1483 3147 1615 3202 volabant
1623 3148 1828 3203 conservaban-

183 3235 276 3308 ipsum
292 3253 309 3290 a
323 3253 368 3290 me
378 3236 514 3308 projicere
529 3235 657 3306 cogitavi,
671 3241 820 3308 propterea
834 3235 869 3289 ad
884 3236 986 3290 sancti·
1025 3246 1090 3308 tur;
1105 3255 1276 3311 quacunque
1290 3242 1385 3293 autem
1401 3236 1453 3292 sub
1466 3237 1597 3292 manibus
1606 3237 1698 3309 ipsius
1713 3244 1829 3310 reperta

184 3331 272 3381 tatem
286 3330 365 3381 tuam
377 3325 449 3392 veni,
465 3331 498 3379 ut
511 3325 577 3396 quid
587 3325 681 3379 exhoo
694 3326 794 3379 faciam
805 3325 929 3396 digneris
940 3340 985 3380 me
1027 3329 1153 3395 fuissent,
1169 3326 1369 3399 mergebantur
1378 3327 1407 3381 in
1420 3327 1524 3381 lacurn.
1540 3327 1644 3381 Vocem
1657 3331 1755 3381 autem
1766 3333 1831 3382 tunc

183 3415 241 3470 tuis
257 3414 372 3470 edocere
385 3415 517 3480 consiliis,
535 3421 563 3469 et
577 3414 750 3469 orationibus
765 3415 907 3486 adjuvare.
922 3415 986 3469 Pes·
1026 3419 1111 3473 talem
1126 3416 1180 3472 sibi
1194 3417 1303 3471 venisse
1327 3414 1486 3471 referebat:
1502 3415 1560 3469 Has
1584 3432 1685 3470 omnes
1712 3416 1828 3485 animas,

184 3503 264 3559 simis
282 3505 357 3559 enim
373 3503 495 3559 motibus
515 3504 704 3574 totusfatigor
717 3509 745 3558 et
759 3504 987 3570 cruciemus
1028 3524 1098 3579 quas
1116 3507 1241 3561 volantes
1265 3506 1353 3569 vides,
1371 3505 1443 3559 scias
1461 3504 1570 3559 animas
1586 3520 1649 3558 esse
1677 3506 1827 3576 justorum,

186 3593 238 3648 Cui
253 3594 313 3648 haec
322 3599 390 3648 tunc
404 3593 543 3648 Antonius
558 3609 654 3647 severa
668 3599 752 3664 atque
764 3593 900 3648 iracunda
919 3610 985 3648 voca
1028 3614 1089 3668 quae
1104 3596 1263 3668 inparadisi
1271 3594 1446 3649 habitatione
1455 3594 1635 3664 requiescunt
1647 3613 1654 3661 ;
1669 3594 1725 3650 illa
1736 3600 1830 3650 autem

186 3684 332 3754 respondit
347 3702 352 3736 :
370 3684 412 3736 Tu
427 3682 535 3737 illuma
554 3693 582 3736 ta
598 3682 721 3753 projicis,
737 3681 839 3753 Eulogi
852 3682 923 3737 ised
938 3683 985 3738 ille
1027 3687 1128 3741 anima
1143 3686 1203 3740 aliae
1226 3686 1261 3740 ad
1276 3685 1387 3740 inferna
1401 3684 1564 3750 mittuntur,
1585 3684 1661 3755 quod
1685 3686 1832 3756 patiuntur

186 3785 251 3826 eum
270 3788 327 3826 non
341 3772 463 3842 projicit,
475 3771 522 3842 qui
537 3787 601 3824 eum
615 3787 631 3823 a
645 3787 675 3825 se
689 3770 793 3824 factum
813 3788 873 3825 esse
885 3788 985 3842 cogno·
1026 3774 1298 3847 quicunquecamali
1311 3773 1467 3829 obedierint
1474 3773 1621 3838 voluntati,
1629 3779 1658 3828 et
1670 3775 1830 3846 quicunque

187 3859 249 3913 scit.
269 3859 387 3931 Projicis
401 3860 488 3914 eueni
503 3859 648 3913 meliorem
658 3865 687 3913 te
701 3858 832 3926 inveniet,
850 3867 878 3914 et
901 3862 987 3932 eliget
1025 3865 1200 3920 iracundiam
1223 3864 1387 3930 retinentes,
1403 3863 1522 3917 reddere
1535 3861 1618 3916 malis
1632 3862 1715 3934 paria
1739 3869 1829 3919 tenta·

187 3948 262 4003 Deus
275 3948 323 4019 qui
334 3947 448 4019 colligat
455 3948 631 4003 destitutum.
643 3948 770 4020 Cumque
780 3950 986 4021 perterritusad
1026 3954 1128 4009 verint.

188 4038 247 4092 haec
257 4038 391 4109 Eulogius
402 4037 638 4104 verbataeuisset,
652 4037 748 4092 relicto
761 4055 858 4094 rursus
873 4047 987 4095 sanetus
1064 4045 1089 4098 5.
1106 4042 1275 4099 Referebant
1298 4048 1392 4097 autem
1417 4040 1498 4096 nobis
1513 4044 1570 4095 tarn
1598 4041 1721 4096 Cronius
1747 4058 1830 4113 quam

186 4128 326 4183 Antonius
340 4128 466 4199 Eulogio,
481 4127 565 4198 coepit
574 4132 711 4198 agrotum
725 4128 989 4200 propriissermoni-
1028 4136 1141 4188 sanetus
1157 4133 1269 4201 Hierax,
1280 4137 1365 4203 atque
1377 4130 1423 4185 alii
1432 4131 1527 4201 plures
1537 4129 1621 4185 vicini
1632 4130 1767 4197 fratrum,
1779 4132 1831 4186 ista

186 4217 239 4272 bus
253 4218 410 4285 verberare,
425 4223 454 4272 et
468 4218 526 4272 haec
537 4217 572 4271 ad
587 4234 652 4271 eum
667 4234 731 4272 cum
742 4218 988 4274 clamoremaximo
1030 4238 1090 4294 qum
1105 4222 1206 4276 dicam.
1224 4221 1344 4286 Quidam
1368 4237 1451 4275 senex
1466 4220 1536 4274 dixit
1551 4238 1558 4272 ε
1574 4220 1647 4284 Quia
1662 4221 1686 4274 si
1696 4221 1751 4276 scit
1771 4238 1830 4276 mo·

189 4308 265 4378 loqui
281 4307 503 4379 :Elephantiose,
518 4311 632 4361 eoenoet
643 4308 703 4361 luto
713 4307 836 4374 horride,
848 4325 899 4362 nee
913 4314 988 4363 terre
1028 4312 1135 4366 dachus
1149 4328 1211 4366 esse
1235 4310 1366 4382 aliquem,
1381 4309 1455 4381 apud
1470 4325 1554 4379 quem
1568 4310 1707 4380 proficere
1724 4318 1826 4381 posset,

189 4398 274 4474 digne
290 4395 605 4462 neccoelo,nondesinis
616 4394 748 4465 injuriam
759 4396 810 4450 Dei
821 4397 964 4454 vociferari
975 4392 1076 4456 iDsed
1091 4400 1248 4455 necessaria
1262 4399 1387 4471 corporis
1401 4415 1464 4454 cum
1481 4397 1577 4452 labore
1603 4397 1702 4465 habet,
1717 4406 1748 4454 et
1770 4416 1830 4472 pro-

188 4486 285 4541 Nescis
295 4485 424 4557 quodqui
439 4485 581 4539 ministrat
590 4484 642 4538 tibi
657 4484 987 4551 ChristusestiQuema-
1027 4496 1125 4562 pterea
1138 4507 1194 4544 rien
1214 4489 1292 4544 vadit
1319 4491 1354 4544 ad
1382 4505 1456 4555 eum,
1485 4487 1649 4557 hujusmodi
1677 4490 1830 4543 monachus

188 4575 322 4630 dmodum
337 4591 423 4629 ausus
438 4580 480 4628 est
504 4577 602 4628 contro
627 4573 770 4627 Christum
797 4575 865 4629 talia
885 4576 988 4647 loqui?
1028 4597 1084 4635 non
1099 4579 1188 4634 eredit
1201 4596 1262 4634 esse
1272 4580 1371 4634 Deum.

132 4728 135 4732 ,
190 4667 388 4738 Nampropter
403 4665 546 4719 Christum
568 4680 598 4717 se
612 4662 789 4717 isteservitio
804 4665 852 4718 tali
867 4671 896 4719 et
910 4665 988 4722 obse·
1063 4667 1090 4725 6.
1107 4669 1182 4724 Dixit
1202 4668 1316 4739 quidam
1331 4683 1415 4722 senex
1435 4685 1441 4720 :
1458 4666 1514 4730 Qui
1524 4666 1583 4721 vult
1597 4682 1726 4721 eremum
1751 4666 1828 4721 habi·

191 4755 263 4825 quiis
278 4754 447 4826 svrbjugavit,
461 4769 544 4825 quern
558 4758 587 4806 et
600 4752 692 4824 ipsum
708 4752 833 4807 mordaci
858 4772 987 4812 sermone
1028 4764 1099 4825 tare,
1110 4757 1193 4813 debet
1205 4774 1266 4813 esse
1281 4757 1386 4822 doctor,
1404 4773 1460 4811 non
1474 4756 1522 4827 qui
1545 4755 1675 4810 doctrina
1689 4763 1779 4827 egeat,
1795 4773 1827 4811 ne

190 4844 342 4899 laceratum
357 4843 480 4915 reliquit.
496 4841 698 4912 conversisque
708 4841 800 4897 verbis
811 4843 846 4897 ad
862 4845 989 4902 aliossra-
1030 4848 1231 4903 detrimentum
1249 4846 1388 4902 sustinere
1412 4845 1540 4900 videatur
1555 4847 1668 4916 (Polou,
1689 4847 1775 4901 libell.
1801 4860 1825 4913 x,

189 4937 257 4998 tres,
273 4932 546 5004 adunumquemque
560 4930 609 4997 ita,
620 4935 652 4984 ut
666 4930 738 4984 ratio
750 4932 925 5002 singulorum
935 4936 990 4991 exi·
1030 4955 1109 4992 esuris.
1126 4936 1181 5005 901.

190 5018 283 5090 gebat,
299 5020 416 5081 locutus.
433 5037 531 5075 rursus
546 5021 581 5075 ad
596 5019 743 5089 Eulogium
759 5027 787 5075 et
802 5022 837 5076 nd
852 5029 989 5093 aegrotum
1332 5058 1449 5115 CAPUT
1463 5059 1512 5113 Ὦ(

190 5107 273 5172 redit,
290 5108 410 5180 dicitque
426 5110 485 5165 eis:
504 5111 545 5163 Ne
566 5109 629 5181 quis
641 5113 777 5176 vestrum,
802 5112 893 5179 ofilii,
917 5131 989 5184 quo·
1464 5097 1473 5113 Δ
1517 5099 1521 5111 ’

191 5214 276 5270 quam
287 5215 316 5251 se
330 5202 429 5263 vertat,
446 5204 546 5252 neuter
560 5196 595 5251 ab
614 5199 702 5252 altero
717 5206 872 5269 separetur,
888 5204 937 5257 sed
951 5205 986 5259 ad
1118 5188 1193 5255 OM
1209 5188 1360 5253 infirmasti
1375 5186 1496 5254 ⁶⁰l'P07'2'S
1508 5187 1596 5253 Pl'f'il'l
1617 5189 1734 5242 adfine·

191 5289 289 5343 cellam
302 5291 433 5352 vestram,
450 5288 479 5341 in
492 5304 548 5357 qua
562 5304 612 5357 per
621 5293 731 5342 tantum
742 5293 854 5361 tempus
869 5293 984 5361 vixistis,
1066 5294 1088 5351 f.
1105 5296 1224 5364 Magnus
1233 5293 1347 5365 quidam
1360 5308 1443 5346 senex
1461 5291 1615 5346 infirmanti
1630 5293 1770 5367 discipulo
1781 5312 1826 5350 suo

191 5379 281 5434 redita
295 5377 324 5431 in
339 5393 416 5448 praee,
428 5393 540 5430 omnem
555 5377 700 5431 tristitiam
714 5377 894 5449 deponentes.
923 5385 986 5439 lam
1028 5385 1097 5438 dixit
1112 5398 1118 5432 ε
1131 5387 1171 5438 Ne
1186 5382 1368 5444 contristeris,
1384 5381 1433 5444 fili,
1450 5398 1483 5435 ex
1507 5381 1676 5439 infirmitate
1692 5385 1736 5439 vel
1751 5386 1827 5456 plaga

191 5485 266 5524 nune
276 5470 350 5524 enim
366 5468 401 5522 ad
411 5484 457 5520 vos
468 5466 603 5519 Dominus
612 5466 787 5522 Deusmittet
801 5489 806 5523 :
820 5487 885 5526 nam
898 5479 987 5528 tenta·
1028 5474 1151 5545 corporis
1164 5473 1207 5528 tui
1219 5475 1309 5541 (dull,
1324 5474 1371 5526 no.
1388 5486 1429 5539 ur,
1443 5488 1471 5527 a.
1487 5469 1535 5528 157
1549 5488 1556 5538 ς
1568 5472 1673 5540 Peleo,
1686 5476 1826 5537 illicitur,

230 5558 236 5592 ¹
251 5558 328 5629 Idem
341 5560 370 5615 in
384 5559 450 5615 Vita
463 5554 587 5619 Antonii,
603 5572 627 5609 c.
638 5552 681 5613 38.
1030 5580 1058 5618 n.
1074 5562 1118 5630 16,
1135 5566 1246 5617 noriano
1264 5563 1442 5632 syncletice).
1463 5561 1582 5617 Summa
1593 5561 1671 5617 enim
1685 5564 1784 5636 religio
1791 5568 1830 5619 cst
