3818 6120
187 328 239 393 567
700 337 747 392 DE
759 337 853 394 VlTlS
873 335 1020 394 Paruum
1039 333 1146 390 LIBER
1164 332 1308 388 PRIMUS.
1333 280 1341 297 ⁴
1776 330 1827 390 568

191 463 297 518 tebant.
315 464 387 528 Quin
403 454 487 518 etiarn
500 462 580 517 sedes
595 462 652 517 illic
662 463 722 518 sitae
731 472 820 530 erant,
827 482 896 519 auro
904 463 1018 535 atqueA
1029 461 1117 515 lsrael
1130 460 1204 514 Deus
1219 459 1262 513 liis
1279 459 1325 530 qui
1338 463 1415 514 recto
1428 459 1596 524 suiitcorde,
1611 458 1662 530 qui
1676 459 1762 513 etiam
1776 458 1828 513 cri-

191 552 313 623 ingentis
334 553 414 623 pretii
429 553 567 624 lapidibus
585 558 708 616 structa,
732 554 904 608 luculentum
920 570 987 609 sane
1029 550 1092 621 puit
1105 549 1294 604 humilitatem
1309 565 1400 603 meam
1414 548 1449 602 de
1464 553 1549 613 :31oe
1559 548 1653 602 medie
1668 548 1825 603 catulorum

191 642 367 711 splendorem
383 642 547 710 atterentem
560 640 680 712 lectique
691 643 757 697 item
768 642 900 710 illustres,
908 644 987 699 miris
1030 640 1151 700 leonum.
1167 638 1287 692 dormivi
1301 637 1484 693 conturbatus
1498 639 1552 707 (Pr.
1571 640 1659 708 cxxi).
1689 636 1745 692 Sed
1761 637 1826 691 visi-

190 729 356 801 quibusdam
365 731 506 802 stragulis,
518 715 748 802 atqueelegantia
758 749 869 787 omnem
885 734 986 788 oratio·
1028 728 1099 783 tavit
1121 744 1165 781 me
1179 729 1253 782 Deus
1277 728 1398 781 salvator
1414 744 1502 792 meus,
1529 727 1656 799 mihique
1672 726 1788 798 quantis
1808 726 1826 779 ii

187 817 230 872 nis
244 819 406 873 facultatem
417 827 567 891 superante
579 820 914 893 coornatirtdheecaquae
925 840 987 894 pro·
1030 818 1078 889 qui
1093 834 1157 871 eum
1188 818 1222 871 ed
1239 817 1413 871 iracundiam
1430 823 1581 888 provocant
1595 816 1676 871 b0nis
1691 833 1756 870 sese
1771 816 1828 886 pri·

188 906 314 961 fluebant
329 925 476 978 perquam
492 908 624 980 limpida,
646 910 796 981 oculosque
816 911 891 982 ipsos
913 910 987 965 oble·
1028 913 1102 965 rent.
1116 907 1285 978 quantisque
1296 923 1407 960 rursum
1418 907 1566 960 tormentis
1577 905 1712 960 obnoxios
1728 922 1758 959 se
1768 905 1829 959 rcd·

188 998 778 1070 etentesTumautemperingentematque
788 1000 985 1054 admirandum
1026 996 1318 1050 dantdemonstravit.

186 1085 263 1140 hunc
289 1103 420 1158 campum
446 1088 578 1142 horrendi
603 1088 644 1142 illi
672 1088 725 1141 viri
751 1105 814 1142 eum
837 1089 865 1143 in
886 1089 985 1144 urbem
1061 1084 1656 1156 Atnunc,opater,quoniamtuaurestuas
1673 1083 1825 1146 occlusisti,

189 1176 339 1245 quemdam
354 1176 579 1242 introduxerunt,
597 1175 776 1231 inenarrabili
787 1179 986 1248 splendorem·
1025 1192 1060 1229 ne
1073 1192 1167 1229 recem
1186 1191 1277 1228 nicam
1293 1175 1365 1228 bona
1379 1180 1464 1245 atque
1482 1175 1564 1229 utilia
1583 1173 1635 1228 tibi
1649 1172 1824 1228 occinentem

189 1263 328 1329 tilantem,
344 1282 376 1319 ex
391 1266 528 1336 pellucido
541 1267 654 1336 quidem
662 1283 731 1320 auro
746 1284 850 1330 muros,
863 1285 897 1321 ex
914 1267 984 1339 lapi·
1027 1265 1148 1329 audires,
1166 1281 1200 1317 ne
1213 1280 1257 1318 me
1277 1264 1444 1336 saltemque
1459 1264 1552 1318 minus
1565 1267 1670 1318 rectam
1688 1262 1762 1316 riam
1779 1279 1824 1315 ca·

186 1351 267 1406 dibus
283 1358 376 1408 autem
392 1371 409 1407 a
423 1355 535 1408 nemine
548 1372 672 1425 unquam
685 1355 751 1408 visis
766 1356 866 1426 pinnas
878 1373 985 1427 acpro-
1026 1370 1136 1426 possam
1155 1353 1300 1424 impedias.
1323 1354 1381 1407 lloc
1396 1352 1469 1407 enim
1484 1353 1576 1424 cupio,
1591 1353 1643 1405 hoc
1662 1357 1774 1423 expeto,
1791 1357 1822 1404 ut

187 1442 347 1512 pugnacula
360 1447 500 1497 exstructa
513 1443 672 1497 habentem.
686 1445 720 1498 Et
732 1445 794 1515 quis
808 1445 922 1498 tandem
943 1450 986 1500 est
1027 1442 1156 1497 omnibus
1169 1442 1254 1496 rebus
1264 1441 1409 1505 liberaum,
1431 1443 1466 1496 ad
1482 1460 1515 1496 ea
1525 1443 1584 1495 loca
1598 1441 1778 1494 contendam.
1796 1440 1823 1493 in

188 1530 235 1600 qui
251 1529 328 1584 urbis
343 1531 416 1585 illius
432 1533 667 1604 pulchritudinem
683 1550 715 1587 ac
735 1532 910 1604 splendorem
925 1551 984 1587 ser·
1027 1532 1128 1604 quibus
1142 1532 1270 1586 Barlaam
1287 1532 1390 1586 Christi
1403 1531 1523 1585 famulus
1531 1531 1649 1596 habitat,
1668 1546 1775 1584 aecum
1791 1546 1822 1582 eo

188 1635 272 1673 mone
286 1620 418 1691 consequi
439 1622 543 1693 possit?
566 1623 625 1676 Lux
651 1639 734 1693 porro
757 1639 878 1694 superne
898 1623 985 1677 radiis
1027 1622 1101 1692 quod
1116 1621 1184 1675 mihi
1195 1621 1332 1692 reliquum
1346 1627 1389 1675 est
1401 1621 1464 1675 vitae
1478 1619 1729 1683 conficiamQuod
1741 1618 1764 1671 si
1783 1635 1824 1671 mc

187 1705 341 1763 identidem
351 1711 660 1781 micansmmnesipsius
672 1712 743 1765 vicos
754 1710 985 1782 implebat,atque
1030 1711 1150 1781 pervim
1166 1710 1329 1763 retinercin
1346 1711 1472 1764 animum
1495 1709 1648 1773 induxeris,
1665 1725 1751 1778 quam
1768 1706 1825 1777 pri·

187 1797 254 1850 alati
270 1798 383 1869 quidam
394 1800 530 1853 exercitus
543 1800 627 1853 lucidi
641 1817 738 1855 omnes
754 1800 783 1854 in
793 1817 826 1855 ea
841 1771 1106 1855 moraban-Bmum
1120 1816 1164 1853 me
1182 1815 1301 1852 moerore
1323 1816 1355 1852 ae
1368 1798 1452 1852 taedio
1471 1798 1636 1851 exstinctum
1652 1795 1773 1849 ridebis.
1789 1796 1825 1846 lta

185 1888 983 1961 tur,ejusmodicantumedentes,quemnunquammorta-
1025 1889 1074 1942 llet
1088 1893 1119 1941 ut
1134 1904 1183 1941 nec
1198 1893 1229 1942 tu
1251 1893 1331 1958 pater
1345 1889 1404 1957 jam
1424 1886 1583 1958 appellente,
1599 1902 1651 1940 uec
1675 1883 1825 1938 melitium

186 1974 305 2030 lisauris
315 1977 926 2048 audivit.llorenrquedicentemaudiit:llaec
940 1996 984 2033 eo·
1024 1977 1172 2031 habiturus
1188 1977 1235 2030 sis.

186 2079 250 2118 rum
265 2065 312 2135 qui
325 2065 464 2135 justitiam
480 2067 618 2121 coluerint
631 2072 677 2121 est
688 2068 808 2138 requies,
825 2069 877 2122 hec
889 2085 986 2122 eorum
1064 2067 1129 2121 Car.
1141 2067 1239 2120 XXXI.
1257 2095 1288 2106 -
1300 2066 1421 2120 Rursum
1436 2065 1523 2135 igitur
1536 2065 1741 2134 ingensregem
1761 2079 1827 2115 moe-
1853 2096 1903 2108 -

187 2154 234 2223 qui
258 2154 376 2208 Domino
400 2172 456 2210 suae
477 2156 540 2209 vitm
561 2157 684 2210 rationes
702 2156 848 2227 probarint
869 2157 988 2212 oblecta·
1028 2156 1346 2224 stitiainvasit,r·ursum
1359 2173 1469 2210 omnem
1481 2156 1606 2210 vitiosum
1619 2171 1698 2225 spem
1709 2155 1827 2232 desque·
1842 2185 1903 2196 -

187 2249 324 2297 mentum.
336 2244 413 2298 llunc
424 2252 517 2299 autem
531 2263 563 2298 cx
574 2246 621 2299 illo
632 2247 691 2299 loco
703 2247 835 2300 eductum
847 2246 987 2301 terribiles
1028 2247 1095 2299 dere
1107 2246 1190 2317 coepit
1202 2264 1208 2313 3
1222 2250 1305 2315 atque
1320 2244 1419 2298 acerba
1435 2262 1527 2299 secum
1543 2244 1637 2298 animo
1661 2243 1786 2314 agitans,
1800 2241 1826 2294 in
1837 2259 1903 2296 ι·

186 2330 227 2385 illi
242 2333 293 2386 riri
304 2338 457 2388 retrorsum
472 2334 573 2388 ducere
588 2335 656 2387 relle
672 2333 809 2389 dicebant.
824 2339 860 2388 at
872 2336 931 2405 ipse
942 2337 987 2405 ju·
1028 2336 1163 2407 palatium
1179 2352 1261 2389 suum
1280 2334 1357 2388 abiit.
1373 2336 1410 2388 nt
1427 2352 1491 2389 rero
1505 2333 1625 2405 improbi
1641 2333 1684 2386 illi
1697 2333 1886 2402 spiritus...

187 2421 637 2493 cunditateillalaetitiaqueanimi
647 2423 873 2495 omninoraptus:
883 2425 923 2478 Ne
931 2441 985 2491 me,
1028 2425 1076 2496 qui
1091 2425 1223 2479 adversus
1236 2424 1360 2477 divinum
1375 2425 1507 2493 juvenem
1524 2422 1668 2477 aTheuda
1680 2421 1758 2475 missi
1774 2421 1903 2474 tue—z

188 2526 291 2582 quaeso,
313 2511 467 2582 inquiebat,
489 2528 523 2566 ne
544 2529 588 2565 me
605 2512 720 2583 inquam
734 2512 787 2567 hac
802 2512 908 2572 laetitia,
925 2529 986 2583 quae
1028 2518 1101 2579 rant,
1118 2513 1226 2566 adeum
1239 2512 1344 2583 pudore
1355 2512 1587 2577 sullusiredeunt,
1598 2516 1686 2582 atque
1700 2511 1902 2582 quernei-3-

188 2599 273 2652 nullis
290 2597 380 2653 verbis
403 2600 520 2671 exprimi
537 2606 637 2671 potest,
664 2601 785 2672 private3
816 2618 911 2655 verum
934 2601 987 2655 hoc
1027 2601 1286 2672 alioquimendacio
1299 2601 1450 2671 gaudeant.
1460 2607 1600 2672 acceptam
1611 2605 1708 2654 himen
1720 2600 1903 2654 cladem

188 2686 260 2740 mihi
273 2688 425 2754 concedite,
443 2694 475 2743 ut
487 2688 515 2742 in
532 2705 587 2743 uno
599 2689 778 2761 amplissima
788 2690 904 2762 hujusce
920 2689 985 2744 ciri·
1027 2693 1204 2745 confitentur.
1218 2690 1326 2761 Quippe
1339 2691 1486 2762 perspicua
1497 2690 1583 2744 cladis
1599 2689 1682 2760 signa
1692 2689 1723 2743 in
1740 2689 1813 2742 scete

85 2848 87 2855 Ι
187 2776 255 2830 tatis
267 2777 370 2847 angulo
386 2777 496 2851 degam.
513 2779 558 2833 Illi
574 2784 668 2833 autem
679 2779 714 2832 ad
726 2779 800 2834 hunc
815 2780 928 2834 modum
940 2796 985 2833 re·
1027 2779 1819 2849 ratosuorultugerebantilleautem:Usqueadcone
1896 2821 1902 2847 ,

133 2910 135 2916 ,
190 2865 387 2936 spondebant:
405 2866 477 2921 Fieri
490 2884 565 2921 nunc
585 2867 702 2922 minime
716 2874 808 2939 potest
822 2872 854 2923 ut
863 2869 907 2923 hic
922 2869 960 2922 sis
977 2887 982 2921 :
1026 2869 1127 2940 inquit,
1143 2869 1296 2923 imbecilles
1310 2885 1342 2922 ac
1356 2868 1450 2923 miseri
1469 2868 1545 2934 estis,
1571 2874 1602 2922 ut
1619 2868 1894 2922 adolescentem-r

188 2954 242 3009 hoc
266 2960 359 3009 autem
375 2957 472 3011 multis
495 2956 637 3012 laboribus
661 2973 693 3012 ec
711 2958 859 3012 sudoribus
871 2958 986 3013 tandem
1028 2959 1231 3013 unumvincere
1242 2957 1357 3012 minime
1368 2956 1755 3029 potueritisiTuncimprobi
1771 2957 1882 3028 spi—

188 3044 377 3115 consequeris,
395 3045 418 3099 si
434 3045 548 3115 quidem
560 3046 610 3100 tibi
625 3046 679 3117 ipsi
694 3046 749 3100 rim
763 3046 901 3101 intuleris.
1028 3049 1099 3102 ritus
1113 3048 1216 3102 virtute
1227 3047 1320 3101 (lirina
1330 3048 1490 3114 excruciati,
1506 3046 1653 3101 veritatem
1666 3047 1871 3102 invitiinltx·

224 3134 284 3187 Hoc
297 3150 426 3188 sermone
434 3134 539 3200 habito,
552 3151 584 3189 ac
595 3135 715 3190 maximo
726 3136 774 3190 illo
785 3129 1017 3208 camporursusG
1029 3154 1089 3192 cem
1102 3138 1288 3209 protulerunt,
1304 3139 1348 3192 his
1360 3137 1450 3192 verbis
1466 3141 1593 3191 utentes:
1610 3136 1721 3193 Christi
1732 3144 1854 3209 potera·

187 3228 416 3294 peragrato,eum
426 3224 454 3278 in
465 3224 615 3279 tenebrosa
623 3225 695 3291 loca,
704 3226 851 3298 omnisque
860 3227 986 3281 moeroris
1026 3228 1072 3282 tiae
1084 3245 1116 3281 ac
1126 3228 1264 3298 passionis
1274 3227 1360 3300 ipsius
1368 3227 1535 3298 signoquod
1543 3227 1663 3281 Crucem
1674 3228 1841 3298 appellent,

187 3311 280 3384 plena,
302 3318 387 3384 atque
409 3330 471 3368 cum
487 3315 692 3384 resplendere,
717 3331 800 3387 quem
823 3316 901 3387 prius
920 3333 987 3371 eon·
1027 3333 1063 3372 ne
1076 3317 1218 3372 tantillum
1233 3317 1345 3388 quidem
1362 3316 1496 3371 obluctari
1511 3317 1753 3388 possumus.Nam
1767 3335 1831 3372 cum

188 3407 325 3473 epexerat,
337 3403 473 3458 aclaetitia
487 3403 536 3457 illa
550 3419 565 3456 e
580 3403 718 3458 diametro
731 3405 987 3474 pugnantia,duxe-
1028 3423 1062 3460 ea
1084 3406 1235 3477 effingitur,
1259 3407 1355 3460 statim
1376 3410 1514 3477 quotquot
1549 3404 1622 3458 aeris
1643 3406 1788 3479 principes
1801 3424 1825 3460 ac

187 3495 264 3545 runt.
280 3491 390 3546 Etenim
407 3490 525 3545 obscura
543 3509 659 3562 prorsus
682 3508 715 3547 ee
733 3492 882 3548 tenebrosa
897 3495 986 3565 caligo
1028 3494 1660 3566 mundirectorestenebrarumsumusfflpbes.
1677 3502 1727 3559 rr),
1742 3513 1819 3566 quam

188 3585 259 3647 erat,
277 3585 361 3651 atque
376 3580 528 3634 aillictione
545 3597 576 3634 ae
592 3581 716 3635 tumultu
740 3585 817 3636 totus
840 3582 887 3636 ille
911 3584 987 3641 locus
1028 3583 1173 3638 celerrime
1183 3582 1314 3653 fugimus.
1327 3602 1358 3638 ac
1375 3583 1452 3654 prius
1464 3583 1548 3637 etiam
1559 3599 1645 3654 quam
1657 3600 1691 3637 ea
1702 3585 1820 3655 plancae

187 3667 373 3723 redundabat.
390 3669 449 3725 lllic
465 3669 538 3740 ignis
551 3669 649 3724 fornax
663 3670 876 3738 accendebatur,
892 3677 988 3727 etcar-
1029 3673 1149 3745 perfecte
1161 3689 1290 3744 expressa
1297 3673 1343 3738 sit,
1364 3671 1768 3743 propulsamur.Quamobrem
1783 3691 1820 3727 nos

188 3757 303 3811 uilicum
318 3757 454 3811 vermium
469 3774 558 3827 genus
568 3759 708 3829 serpebat.
721 3759 892 3831 ultricesque
902 3761 988 3816 virtu·
1028 3762 1142 3832 quidem
1153 3761 1181 3815 in
1193 3762 1401 3832 huncjuvencm
1414 3760 1520 3832 impetu
1531 3760 1614 3824 facto,
1628 3760 1757 3831 graviter
1768 3779 1820 3816 eum

189 3848 234 3899 tes
244 3845 350 3899 tornaci
360 3845 554 3901 imminebant.
563 3849 602 3901 Ac
610 3848 736 3902 nonnulli
744 3848 875 3905 miserum
887 3867 916 3904 m
927 3867 987 3906 mo·
1029 3850 1253 3922 perturbavimus
1261 3869 1267 3918 ;
1276 3867 1372 3904 verum
1383 3850 1430 3904 ille
1440 3866 1503 3903 curn
1515 3850 1619 3904 Christi
1637 3867 1722 3922 opem
1734 3851 1821 3923 imple

192 3933 259 3991 dum
274 3933 332 4006 igni
346 3933 568 4004 conflagrabant,
575 3938 848 4007 voxquehujusmedi
859 3940 989 3995 audieba·
1029 3945 1128 4005 resset,
1137 3957 1168 3994 ac
1180 3940 1269 3994 crucis
1279 3939 1359 4011 signo
1370 3939 1492 4010 seipsum
1504 3939 1681 4006 munivisset,
1694 3955 1747 3994 nos
1759 3940 1822 3995 irato

190 4027 240 4078 tur
251 4022 318 4077 :Hic
330 4024 528 4078 sceleratorum
540 4025 616 4080 locus
626 4025 729 4089 est,hic
740 4043 837 4082 eorum
849 4029 988 4085 eruciatus
1029 4029 1122 4083 animo
1132 4029 1265 4100 propulit,
1280 4035 1365 4100 atque
1389 4028 1581 4083 tirmissimum
1597 4028 1651 4082 sibi
1668 4029 1823 4100 praesidium

191 4112 239 4184 qui
254 4112 335 4166 ioedis
342 4113 455 4184 flagitiis
463 4113 568 4185 scipsos
578 4115 885 4172 contaminaruntPost
894 4124 988 4173 autem
1021 4118 1211 4190 comparavit.
1233 4120 1273 4172 Ac
1290 4118 1406 4188 proinde
1420 4118 1497 4172 nulla
1510 4117 1680 4189 interpositu
1694 4136 1775 4173 mora
1786 4120 1823 4174 in-

191 4201 284 4257 abhis
299 4202 348 4274 qui
363 4219 428 4257 eum
441 4203 507 4257 illue
523 4204 745 4271 introduxerant,
760 4221 793 4260 ex
808 4223 840 4260 eo
855 4206 989 4263 locoedu-
1030 4213 1217 4263 strumentum
1244 4206 1313 4262 illud
1335 4207 1515 4277 arripuimus,
1540 4209 1620 4278 cujus
1639 4223 1729 4279 opera
1746 4209 1823 4262 etiarn

191 4296 253 4347 ctus
268 4298 320 4346 est.
338 4292 496 4364 Statimque
511 4293 546 4347 ad
570 4311 631 4349 sese
652 4294 772 4360 rediens
793 4301 853 4350 toto
873 4313 989 4367 corpore
1030 4297 1159 4368 princeps
1174 4303 1270 4351 noster
1289 4296 1412 4367 primum
1437 4295 1579 4350 huminem
1599 4313 1755 4368 aggressus
1776 4303 1823 4362 est,

191 4382 434 4448 contremiscebat,
447 4384 634 4455 lacrymaeque
645 4385 792 4439 fluminum
805 4384 895 4440 instar
902 4404 934 4441 ex
945 4387 988 4459 ip·
1030 4403 1150 4458 eumque
1164 4385 1295 4457 potestati
1311 4402 1367 4440 suae
1379 4384 1506 4456 subjecit.
1519 4385 1554 4440 lit
1568 4386 1683 4458 quidem
1705 4387 1825 4458 prolecto

190 4475 250 4529 sius
269 4472 356 4528 oculis
370 4472 511 4538 iluebant3
540 4479 625 4544 atque
646 4473 737 4528 omnis
751 4475 898 4546 impudicae
911 4477 985 4532 illius
996 4491 1020 4550 D
1030 4492 1306 4547 nosquoquevanam
1322 4474 1506 4529 adolescentis
1519 4490 1595 4545 spem
1610 4491 1661 4546 pro
1678 4476 1767 4530 nihilo
1780 4476 1827 4531 du·

189 4564 299 4636 puellae,
316 4562 546 4633 reliquarumque
557 4562 687 4627 aliarum,
700 4563 877 4632 pulchritudo
892 4566 989 4637 quovis
1029 4565 1272 4632 cebamus;verum
1281 4564 1315 4618 ad
1322 4563 1456 4618 auxilium
1464 4580 1561 4618 rursus
1571 4563 1679 4618 accitus
1690 4565 1825 4627 Christus,

191 4669 269 4708 coeno
285 4657 313 4707 et
330 4651 409 4706 sanie
421 4651 534 4706 tetidior
544 4650 597 4722 ipsi
609 4650 666 4705 visa
680 4656 735 4718 est;
749 4653 941 4724 memoriaque
955 4671 990 4711 ea
1029 4654 1150 4708 coelestis
1160 4653 1209 4708 irae
1218 4653 1277 4724 igni
1288 4670 1339 4707 nos
1349 4659 1463 4707 exustos
1481 4653 1510 4707 in
1520 4652 1617 4722 sugam
1630 4654 1726 4708 vertit.
1738 4655 1826 4719 Quare

192 4757 253 4813 quae
267 4742 375 4797 viderat
385 4742 520 4806 recolens,
533 4746 595 4794 tum
610 4739 865 4795 bonorumillorum
880 4744 988 4815 cupidi·
1029 4749 1086 4797 stat
1095 4743 1236 4797 sententia
1249 4759 1305 4797 non
1319 4744 1395 4796 ultra
1408 4742 1443 4796 ad
1458 4758 1522 4796 eum
1540 4741 1683 4796 accedere.
1702 4744 1745 4797 ad
1757 4744 1827 4798 hunc

191 4833 326 4884 tutatum
340 4830 591 4886 dolommillorum
607 4835 685 4887 metu
704 4836 858 4901 correptus,
875 4831 903 4886 in
917 4832 988 4888 lecto
1029 4832 1134 4888 scilicet
1151 4832 1265 4886 modum
1290 4830 1410 4902 improbi
1424 4831 1540 4902 spiritus
1555 4829 1682 4885 Theudae
1709 4849 1742 4886 ea
1769 4850 1827 4904 quae

190 4917 310 4989 jacebat,
319 4920 359 4974 sie
368 4919 491 4987 effectus,
499 4920 616 4975 utnulla
625 4919 680 4991 ipsi
691 4920 857 4990 exsurgendi
865 4926 989 4992 potestas
1029 4921 1204 4992 contigerant
1218 4920 1363 4991 perspicue
1377 4920 1565 4973 declararunt.

193 5021 278 5067 esset.
1066 5011 1122 5064 Rex
1130 5016 1225 5064 autem
1235 5009 1312 5062 omni
1320 5026 1352 5063 ex
1368 5013 1448 5080 parte
1460 5008 1554 5062 animo
1567 5008 1688 5072 haerens,
1699 5012 1826 5066 consilio

228 5101 267 5157 Ut
280 5105 375 5156 autem
389 5102 423 5155 de
435 5101 987 5174 adversadliiraletudineadregemalla-
1030 5115 1084 5172 que
1093 5098 1253 5165 destitutus,
1264 5098 1407 5153 'theudam
1416 5114 1512 5152 rursus
1520 5098 1647 5163 accersit,
1660 5099 1826 5173 adeuntque

192 5196 254 5247 tum
270 5194 322 5255 est,
338 5190 433 5245 statim
444 5191 551 5246 adeum
563 5191 843 5265 protectusquidnam
853 5192 988 5264 ipsiacci-
1029 5189 1084 5244 ait:
1108 5187 1246 5243 Omnibus
1266 5186 1301 5241 iis
1315 5204 1376 5258 quae
1391 5186 1520 5250 docuisti,
1546 5186 1589 5240 vir
1604 5187 1825 5258 sapientissime,

193 5281 281 5337 disset
294 5279 520 5351 percontabatur.
537 5282 587 5335 llle
601 5288 696 5338 autem
720 5282 855 5353 quidnam
874 5280 989 5336 vidisset
1029 5277 1158 5350 perfectis
1174 5283 1202 5331 et
1216 5276 1360 5340 absolutis,
1378 5275 1448 5329 nihil
1466 5281 1561 5330 tamen
1584 5276 1722 5333 utilitatis
1736 5296 1829 5334 conse

193 5372 316 5443 exponit,
333 5369 428 5441 aitque
440 5387 446 5422 τ
456 5370 638 5442 Curpedibus
648 5371 718 5426 meis
728 5371 859 5443 laqueum
869 5372 986 5443 parasti,
1029 5367 1086 5422 cuti
1100 5383 1208 5421 sumus.
1224 5367 1305 5420 Nunc
1319 5365 1417 5436 igitur,
1434 5364 1459 5419 si
1478 5365 1552 5436 quod
1566 5363 1618 5420 tibi
1641 5367 1723 5422 aliud
1739 5368 1828 5423 consi·

192 5463 222 5515 et
241 5458 394 5514 incurvasti
417 5458 540 5512 animam
556 5475 647 5513 meam
659 5463 739 5523 (Psal.
753 5467 804 5530 cvr)
816 5460 828 5513 l
842 5460 902 5517 Nisi
913 5461 988 5516 enim
1029 5457 1097 5513 lium
1109 5460 1245 5528 superest,
1259 5454 1328 5509 illud
1339 5455 1527 5527 experiamur.
1538 5455 1673 5510 Fortasse
1688 5457 1766 5512 enim
1782 5458 1830 5513 ali·

192 5549 329 5606 Dominus
340 5548 494 5620 adjuvisset
508 5564 562 5614 me,
577 5548 661 5619 paulo
682 5549 775 5604 minus
793 5549 948 5605 habitasset
959 5549 988 5605 in
1030 5563 1114 5618 quarn
1129 5545 1285 5618 depellendi
1300 5544 1366 5599 mali
1380 5544 1517 5600 rationem
1530 5544 1742 5602 nanciscemur.

192 5636 569 5709 internoanimemeaffsel.
578 5637 792 5706 mu).Verum
802 5654 887 5710 quem
898 5637 988 5694 bonus
1065 5638 1136 5692 Cum
1146 5635 1385 5702 autemTheudas,
1395 5639 1427 5691 ut
1442 5651 1506 5691 eum
1520 5634 1609 5707 ipsius
1621 5634 1683 5691 illio
1699 5635 1729 5692 in
1744 5637 1828 5694 collo-
