3818 6120
147 251 199 320 aaa
726 261 772 316 aa
790 258 884 315 runs
905 250 1052 315 Parnon
1070 259 1176 314 arana
1195 258 1228 311 v.
1738 249 1794 312 oso

155 440 162 461 ,
180 386 226 446 40.
242 387 317 445 Dixit
325 402 408 442 senex
422 384 510 450 :Quia
520 386 543 440 si
555 386 617 458 quis
628 403 729 442 aurum
738 387 781 439 vel
794 386 976 455 argentumn
1022 385 1065 439 50.
1079 382 1213 438 Dicebant
1224 399 1322 438 senes:
1338 381 1410 447 Quia
1422 380 1451 434 in
1467 385 1564 436 monte
1576 380 1688 435 abbatis
1701 383 1791 438 Anto·

146 478 277 551 perdidit,
294 481 384 548 potest
398 476 555 531 reinvenire
567 494 616 548 pro
624 494 657 531 eo
670 477 744 547 quod
755 475 888 546 perdidit.
993 473 1031 527 nii
1040 473 1176 528 sedebant
1183 478 1290 543 septem
1299 471 1428 526 monachi
1435 470 1793 542 temporedactylomm,et

84 580 104 599 ‘
182 565 226 623 tl.
241 564 317 622 Dixit
331 581 433 619 senex:
451 565 529 620 Sicut
550 567 630 620 miles
647 572 675 619 et
699 571 815 619 venator
838 563 949 634 protici-
991 578 1064 617 unus
1079 579 1111 616 ex
1126 563 1166 615 eis
1178 561 1309 631 abigebat
1323 560 1406 615 abeis
1419 559 1545 614 volucres
1557 579 1563 613 :
1574 566 1639 614 erat
1649 565 1745 614 autem
1754 560 1791 616 ibi

146 659 256 710 scentes
270 654 305 709 ad
320 654 495 726 propositum
511 655 564 708 sibi
583 655 717 720 laborem,
745 670 800 708 non
825 653 950 723 cogitant
991 669 1084 717 senex,
1101 651 1148 722 qui
1163 651 1192 704 in
1207 651 1252 704 die
1267 667 1323 721 qua
1337 666 1401 704 eum
1417 649 1543 720 dactylos
1557 649 1703 704 custodire
1727 666 1791 705 eon·

144 751 242 799 utrum
257 745 422 798 vulneretur
433 744 545 814 aliquia
560 761 595 798 an
610 745 713 799 illaesus
728 748 843 797 maneat
857 743 946 808 alter3
989 740 1124 811 tingebat,
1134 740 1282 805 clamabat,
1295 739 1391 794 dicens
1403 756 1409 792 :
1423 738 1563 793 Discedite
1569 738 1606 792 ab
1616 739 1704 807 intro,
1715 740 1791 795 malz

144 833 194 889 sed
209 834 403 905 unusquisque
417 849 468 904 pro
482 850 512 888 se
523 834 582 888 solo
595 838 701 889 certat:
725 833 765 887 ita
787 836 898 903 oportet
920 839 949 886 et
989 829 1182 900 cogitationes,
1195 836 1223 883 et
1237 829 1271 882 de
1284 828 1352 882 toris
1363 845 1437 882 ares.

144 923 313 978 monachum
329 939 398 978 esse.
1024 921 1067 973 51.
1085 918 1185 973 Frater
1199 918 1313 988 quidam
1327 917 1357 971 in
1371 917 1448 971 cellis
1461 916 1629 972 infundebat
1652 918 1789 989 palmulas

178 1015 267 1078 θη
282 1010 327 1068 42.
341 1011 420 1067 Dixit
432 1029 535 1067 senex:
553 1013 631 1068 Sicut
640 1027 723 1067 nemo
740 1016 832 1083 potest
844 1011 946 1065 laedere
987 1024 1068 1075 suas,
1085 1014 1193 1063 etcum
1209 1007 1328 1061 sedisset
1338 1007 1428 1061 facere
1438 1007 1553 1078 plectas,
1565 1006 1636 1061 dicit
1653 1007 1681 1061 ei
1692 1007 1791 1078 cogita

143 1117 208 1156 eum
222 1101 270 1172 qui
284 1101 320 1155 ad
334 1101 408 1156 latus
421 1102 598 1173 imperatoris
606 1107 657 1167 est,
675 1102 715 1155 ita
724 1118 816 1172 nequo
826 1100 945 1155 Satanas
987 1097 1026 1150 tio
1046 1113 1106 1161 sna,
1121 1103 1152 1151 ut
1164 1097 1217 1150 iret
1227 1097 1262 1150 ad
1274 1096 1424 1167 quemdam
1436 1112 1531 1150 senem
1543 1097 1660 1150 visitare
1669 1113 1748 1151 eum.
1759 1098 1791 1153 lit

142 1194 237 1261 potest
250 1189 356 1261 aliquid
365 1206 416 1244 nos
427 1206 536 1254 nocere,
549 1191 572 1244 si
586 1191 681 1244 anima
695 1195 791 1244 nostra
803 1188 946 1243 inhaescrit
987 1186 1088 1240 iterum
1105 1186 1230 1256 cogitans
1246 1186 1275 1240 in
1290 1185 1449 1257 semetipso,
1463 1185 1574 1239 dicebat
1589 1203 1594 1237 :
1608 1188 1677 1242 Post
1691 1202 1789 1257 paucos

142 1277 215 1332 Deo:
227 1278 362 1350 scriptum
381 1284 424 1333 est
433 1280 522 1334 enim:
536 1281 767 1351 llppropinquate
779 1279 846 1332 milri
858 1283 886 1332 ct
896 1294 944 1349 ap·
987 1275 1046 1328 dies
1058 1275 1168 1329 vadam.
1182 1277 1216 1329 Et
1230 1292 1341 1330 rursum
1359 1274 1470 1329 dicebat
1484 1275 1510 1328 ci
1532 1274 1677 1344 cogitatus
1700 1292 1786 1330 suus:

142 1366 335 1439 propinquabo
349 1367 427 1422 vobis
443 1370 544 1435 tlara,
560 1375 579 1439 Ι)
597 1388 602 1437 ;
626 1369 675 1423 sed
694 1369 759 1439 quia
781 1368 943 1438 frequenter
987 1365 1016 1419 Si
1031 1365 1105 1419 inter
1115 1365 1329 1431 haecrnoriatur,
1340 1365 1405 1435 quid
1416 1363 1581 1418 iacicsised
1592 1364 1696 1418 variam
1707 1365 1785 1420 modo

141 1455 311 1522 extollimur,
326 1457 408 1511 facile
419 1457 493 1528 rapit
507 1458 639 1513 inimicus
660 1458 792 1512 miseram
817 1457 942 1510 animam
984 1458 1016 1508 ut
1027 1453 1127 1525 loquar
1140 1455 1176 1516 ei,
1201 1460 1316 1524 propter
1329 1454 1454 1508 aestivum
1469 1459 1591 1524 tempus.
1618 1455 1654 1508 Et
1678 1453 1780 1509 iterum

142 1549 268 1598 nostram
283 1544 312 1598 in
327 1543 481 1615 ignominia
495 1546 643 1617 passionis.
984 1543 1054 1597 dixit
1067 1543 1143 1597 intra
1156 1559 1203 1597 se:
1222 1542 1279 1598 Sed
1298 1558 1353 1597 non
1368 1547 1411 1596 est
1431 1543 1513 1596 modo
1534 1548 1659 1615 tempus·
1681 1543 1782 1599 lterum

177 1630 221 1686 43.
238 1632 337 1687 Frater
351 1633 421 1688 dixit
434 1634 545 1689 cuidam
560 1636 620 1689 seni
636 1655 641 1689 ε
657 1635 734 1690 Nihil
748 1651 849 1705 pugnae
864 1634 942 1688 rideo
984 1638 1079 1687 autem
1095 1632 1236 1702 cogitarit,
1249 1632 1363 1686 dicens:
1379 1631 1432 1685 Sed
1446 1649 1509 1686 eum
1523 1631 1786 1705 inciderisscirpum

140 1721 170 1776 in
185 1721 268 1775 corde
282 1737 354 1777 meo.
376 1722 410 1777 Et
435 1723 503 1778 dixit
518 1724 544 1777 ei
558 1741 659 1778 senex:
686 1726 728 1778 Tu
751 1725 791 1778 sic
817 1741 847 1778 es
870 1703 974 1778 velutB
985 1723 1019 1775 ad
1035 1728 1137 1776 mattas
1153 1723 1314 1792 fittempns.
1324 1721 1479 1775 Etrursum
1491 1721 1578 1775 dixit:
1597 1722 1726 1776 Extende
1733 1722 1788 1794 pel·

141 1811 356 1882 quadrigemina
370 1818 461 1883 porta,
478 1818 511 1867 ut
534 1814 693 1885 quicunqne
718 1814 838 1868 voluerit
858 1813 945 1868 intret
984 1812 1076 1866 mulas
1090 1812 1157 1866 istas
1173 1818 1201 1865 et
1212 1817 1280 1865 tunc
1291 1811 1371 1864 vado.
1384 1811 1491 1864 Rursus
1501 1810 1574 1864 dixit
1584 1811 1615 1864 in
1628 1812 1785 1883 semetipso:

140 1900 215 1954 unde
225 1900 346 1955 voluerit
360 1901 388 1955 in
398 1907 437 1966 te,
454 1908 483 1956 et
497 1903 570 1956 unde
578 1903 697 1957 voluerit
707 1909 796 1967 exeat,
808 1909 836 1956 et
844 1909 875 1957 tu
885 1919 942 1958 non
985 1900 1039 1955 Sed
1054 1900 1136 1954 hodie
1151 1900 1256 1954 bonurn
1271 1915 1364 1953 aerem
1380 1898 1455 1953 iacit.
1473 1900 1506 1953 Et
1532 1916 1656 1970 surgens
1679 1901 1787 1972 reliquit

141 1988 277 2059 inteDigis
291 2006 352 2061 qum
368 1997 500 2060 aguntur.
517 1993 589 2046 Nam
605 1993 628 2046 si
644 1991 762 2046 haberes
774 1994 891 2061 januam
915 1996 944 2045 et
984 1990 1091 2060 palmas
1106 1990 1223 2054 infusas,
1237 1993 1265 2042 et
1277 1989 1379 2043 tollens
1392 1988 1523 2042 melotem
1535 2006 1629 2055 snam,
1647 1989 1787 2045 ibatllrat

143 2077 288 2133 clauderes
309 2095 382 2146 eam,
407 2095 458 2133 nec
482 2081 661 2150 permitteres
684 2081 790 2136 intrare
812 2098 862 2151 por
880 2096 942 2134 eam
984 2084 1077 2133 autem
1093 2095 1176 2132 senex
1191 2079 1305 2149 quidam
1318 2077 1424 2132 vicinus
1439 2077 1474 2141 ci,
1495 2078 1537 2132 vir
1551 2080 1713 2150 praevidens
1725 2098 1732 2147 ;
1743 2079 1786 2151 qui

141 2166 325 2237 cogitationes
339 2169 438 2234 malas,
459 2176 526 2223 tunc
550 2169 657 2225 videres
680 2175 787 2225 stantes
808 2168 885 2236 soris,
914 2173 943 2224 et
983 2184 1046 2222 curn
1059 2168 1175 2221 vidisset
1186 2184 1250 2222 cum
1265 2168 1374 2238 impetu
1383 2167 1577 2222 ambulantem
1592 2168 1737 2233 clamavit,
1749 2168 1786 2223 di·

139 2262 298 2328 pugnantes
313 2257 462 2312 adrersum
480 2263 519 2312 te.
983 2273 1063 2310 cens:
1080 2257 1204 2328 Captiva,
1221 2257 1337 2328 captive,
1352 2256 1401 2310 nbi
1418 2256 1522 2311 curris?
1541 2258 1607 2311 veni
1622 2257 1783 2312 hucadme.

174 2342 375 2414 tantamne
389 2347 424 2400 de
439 2347 561 2418 quodam
575 2364 641 2403 sene
657 2349 723 2420 quia
737 2347 848 2420 quando
857 2348 882 2402 ei
892 2364 939 2403 co·
982 2346 1111 2411 Quicum
1129 2346 1259 2411 venisset,
1276 2345 1346 2399 dixit
1360 2345 1385 2399 ei
1400 2362 1502 2400 senex:
1517 2346 1675 2401 Revertere
1687 2347 1718 2401 ia
1731 2347 1783 2401 cel·

139 2433 291 2504 gitationes
305 2452 362 2490 sure
378 2434 525 2490 dicebant:
546 2436 662 2491 Dimitte
682 2438 775 2503 hodic,
797 2438 857 2508 jam
882 2453 940 2491 cra·
982 2435 1036 2488 lam
1052 2441 1140 2489 tuam.
1158 2435 1207 2489 Ille
1218 2441 1312 2488 autem
1325 2433 1414 2488 sratcr
1428 2434 1552 2489 narravit
1562 2435 1589 2490 ei
1606 2436 1783 2508 fluctusquos

139 2522 213 2577 stino
228 2523 395 2594 poenitebis;
410 2525 620 2589 contradicebat
627 2526 721 2580 eisille
733 2526 827 2581 dicens
841 2545 847 2580 :
863 2524 937 2592 Non,
980 2524 1135 2593 pertulerat
1147 2524 1176 2577 in
1192 2523 1408 2594 cogitationibus
1424 2524 1492 2588 suis,
1506 2530 1534 2577 ct
1548 2524 1589 2577 ita
1599 2540 1734 2580 reversus
1744 2530 1783 2579 est

139 2610 189 2663 sed
203 2610 286 2665 hodie
296 2610 491 2682 penitentiam
499 2629 552 2683 ago
565 2631 571 2680 ;
583 2615 705 2668 crastino
721 2621 815 2669 autom
831 2615 880 2667 liat
894 2630 940 2667 vo·
980 2613 1015 2666 ad
1030 2612 1129 2666 cellam
1141 2629 1231 2666 suam.
1248 2613 1360 2667 Etcum
1383 2612 1525 2683 ingressus
1542 2613 1646 2669 suisset
1668 2614 1699 2669 in
1712 2630 1780 2679 eam,

138 2697 232 2753 luntas
246 2700 358 2755 Domini
369 2703 459 2768 (llrrff,
477 2705 496 2755 t.
510 2715 551 2769 111,
565 2719 594 2756 a.
605 2701 679 2773 tos).
978 2701 1129 2772 prostravit
1144 2718 1183 2765 se,
1199 2706 1227 2754 et
1236 2701 1428 2772 penitentiam
1441 2701 1507 2771 egit.
1524 2702 1778 2770 Hocautemfacto,

173 2787 222 2847 45.
239 2789 317 2844 Dixit
327 2806 434 2846 senex:
457 2791 518 2844 Nisi
541 2792 663 2846 exterior
685 2797 781 2846 noster
801 2792 885 2846 homo
908 2809 938 2846 se
980 2808 1045 2844 rore
1060 2806 1164 2859 magna
1179 2790 1271 2845 subito
1284 2791 1425 2845 daemones
1434 2791 1777 2860 clamaveruntdicentes:

138 2876 232 2933 sobrie
241 2878 372 2950 gesserit,
384 2879 752 2950 impossibileestcustodire
762 2882 936 2936 interiorem.
978 2880 1078 2934 Vicisti
1092 2896 1151 2944 nos,
1170 2879 1315 2945 monache,
1331 2879 1419 2933 vicisti
1433 2896 1494 2934 nos.
1512 2880 1547 2934 Et
1556 2879 1632 2935 facta
1646 2887 1781 2936 estmatta

174 2965 457 3023 ruminassent:
472 2969 544 3033 Quia
553 2975 611 3023 tres
619 2969 735 3025 virtutes
746 2971 866 3036 Satanae,
875 2989 937 3043 quae
978 2970 1038 3039 ejus
1051 2985 1136 3039 supra
1149 2985 1232 3039 quam
1239 2968 1360 3039 jacebat,
1375 2968 1701 3039 volutabigneustulata
1712 2990 1719 3038 ;
1731 2971 1781 3025 dae·

137 3057 300 3130 praecedunt
315 3057 446 3112 universa
459 3063 573 3129 peccata
589 3078 594 3112 :
612 3060 703 3129 prima
718 3059 873 3126 oblivionis,
892 3065 966 3124 sec
979 3074 1076 3111 mones
1090 3063 1184 3112 autern
1198 3057 1274 3112 relut
1288 3058 1382 3111 sumus
1397 3057 1576 3113 exterminati
1590 3065 1669 3126 sunt,
1685 3060 1777 3132 sicque

136 3145 229 3201 cunda
241 3145 429 3217 negligentiae,
440 3147 773 3218 tertiaeoncupisccntiae.
791 3149 901 3203 Etenim
913 3149 936 3203 si
977 3146 1065 3200 srater
1079 3147 1126 3200 ille
1140 3146 1237 3200 didicit
1250 3147 1388 3201 versutias
1404 3163 1510 3202 eorum.

137 3234 238 3290 oblivio
251 3234 368 3301 venerit,
381 3241 499 3306 generat
508 3236 725 3307 negligentiam,
743 3237 778 3291 de
794 3230 937 3308 negligen-
1014 3234 1056 3292 52.
1071 3233 1208 3289 Dicebant
1222 3234 1256 3289 de
1272 3235 1393 3305 quodam
1412 3252 1478 3290 sene
1488 3235 1555 3306 quia
1566 3237 1778 3294 moriebaturin

135 3323 177 3378 tia
190 3323 488 3396 v’eroconcupiscentia
504 3325 629 3380 nascitur
643 3345 649 3393 ;
662 3327 696 3380 de
711 3326 936 3398 concupiscentia
978 3325 1083 3396 Scythi,
1099 3329 1128 3378 et
1143 3323 1388 3378 circumdederunt
1411 3323 1511 3378 fmtres
1532 3324 1639 3379 lectum
1658 3327 1729 3397 ejus,
1750 3330 1779 3380 et

135 3430 201 3468 vero
215 3412 322 3469 corruit
333 3413 427 3467 homo.
444 3413 473 3468 Si
491 3415 565 3468 enim
581 3415 621 3469 ita
635 3421 677 3469 est
692 3415 784 3470 sobria
800 3432 890 3486 mens,
906 3423 937 3472 ut
977 3413 1131 3467 vestierunt
1145 3430 1220 3478 eum,
1235 3418 1263 3467 ct
1277 3418 1422 3484 coeperunt
1436 3414 1523 3479 tlere;
1539 3411 1586 3466 ille
1599 3419 1698 3468 autem
1712 3431 1777 3487 ape-

136 3502 303 3559 oblirionem
319 3508 442 3574 respuat,
459 3504 492 3558 ad
510 3505 713 3576 negligentiam
729 3523 785 3560 non
799 3507 892 3574 venit;
909 3513 938 3561 et
977 3502 1035 3556 ruit
1049 3503 1143 3556 oculos
1158 3519 1224 3557 suos
1238 3507 1266 3556 et
1280 3502 1352 3568 risit,
1378 3507 1406 3557 et
1427 3502 1531 3572 adjecit
1556 3502 1664 3557 iterum
1688 3502 1778 3559 ridere

135 3590 223 3646 sinon
233 3591 647 3663 neglexeritconcupiscentiam
660 3593 937 3664 ncnr·ecipit;sircre
980 3594 1072 3659 (baffi,
1088 3597 1107 3645 t.
1125 3606 1167 3658 111,
1183 3608 1215 3648 a.
1236 3590 1306 3661 1595.
1323 3592 1382 3645 Hoc
1396 3596 1491 3645 autem
1505 3591 1613 3646 tactum
1628 3598 1672 3648 est
1684 3593 1777 3648 tertio.

136 3679 392 3751 concupiscentiam
404 3696 461 3733 non
477 3681 585 3752 recipit,
609 3698 753 3753 nunquam
772 3683 854 3736 cadet
876 3685 936 3756 opi·
978 3681 1058 3744 Quod
1073 3680 1274 3734 cumviderent
1288 3680 1398 3748 fratros,
1415 3684 1586 3751 rogaverunt
1595 3697 1674 3749 eum,
1690 3681 1777 3736 dicen·

136 3767 245 3821 talanta
259 3766 362 3821 Christi
377 3767 478 3838 gratia.
978 3774 1037 3824 tes:
1054 3770 1104 3826 Die
1117 3769 1207 3834 nobis,
1223 3768 1303 3837 abba,
1320 3769 1492 3841 quarenobis
1502 3769 1776 3826 flentibusturidesl

170 3852 215 3909 47.
232 3854 308 3909 Dixit
317 3856 431 3925 quidam
443 3873 540 3911 senex:
550 3857 747 3912 'l'aciturnitati
763 3876 876 3930 operam
888 3860 933 3927 da,
978 3859 1012 3912 Et
1025 3858 1095 3912 dixit
1105 3858 1158 3912 cis:
1176 3858 1271 3912 Primo
1285 3858 1345 3925 risi,
1361 3858 1427 3930 quia
1439 3875 1487 3913 vos
1506 3858 1617 3913 timetis
1641 3865 1774 3926 mortem

136 3947 165 3997 et
178 3943 247 3997 nihil
260 3959 362 3997 vanum
379 3944 492 4015 cogites,
508 3951 536 4000 et
550 3946 664 4001 intende
687 3948 863 4004 meditationi
879 3956 934 4004 tuae
976 3948 1098 4001 secundo
1113 3947 1172 4012 risi,
1186 3947 1312 4019 quianon
1320 3948 1486 4019 estisparati
1500 3970 1506 4018 3
1518 3949 1605 4003 tertio
1616 3949 1776 4017 auternrisi,

136 4030 194 4085 sivo
209 4031 355 4105 quiescens
365 4033 408 4088 rel
423 4051 541 4105 surgens
555 4052 619 4091 cum
635 4036 736 4090 timore
746 4038 809 4097 Dei.
828 4039 862 4092 Et
877 4039 935 4094 haec
976 4036 1041 4107 quia
1052 4053 1084 4089 cx
1096 4035 1189 4090 labore
1196 4037 1232 4089 ad
1241 4036 1368 4107 requiem
1381 4036 1461 4102 vado,
1478 4042 1564 4091 etvos
1579 4037 1710 4109 ploratis.
1721 4039 1777 4093 Hoc

134 4119 250 4189 faciens,
265 4121 452 4193 malignorum
472 4123 594 4195 impetus
609 4142 665 4180 non
679 4126 802 4180 timebis.
976 4141 1039 4179 eum
1054 4124 1178 4185 dixisset,
1194 4125 1290 4178 statim
1308 4130 1404 4196 utpote
1419 4124 1542 4179 moriens
1553 4124 1660 4181 clausit
1673 4127 1775 4181 oculos.

171 4207 215 4267 48.
232 4210 307 4266 Dixit
321 4227 406 4266 senex
420 4212 530 4268 cuidam
544 4213 625 4268 fratri
638 4233 643 4267 :
665 4214 798 4269 Diabolus
814 4220 856 4271 est
876 4215 932 4270 ini·
1012 4213 1521 4285 53.Venitaliquandoiratermaneas
1532 4214 1774 4271 incellaadunum

135 4297 235 4368 micus,
251 4304 279 4354 et
290 4305 320 4355 tu
335 4299 445 4356 domus.
463 4301 596 4356 Inimicus
616 4320 682 4374 crgo
704 4320 761 4358 non
782 4313 872 4359 cessat
887 4306 933 4375 Ja-
976 4303 1010 4357 do
1025 4303 1165 4368 Patribus,
1178 4309 1207 4356 et
1216 4303 1286 4357 dixit
1296 4303 1331 4367 ei,
1344 4302 1410 4374 quia
1422 4320 1440 4357 a
1452 4303 1627 4372 cogitatione
1636 4321 1689 4360 sua
1704 4304 1776 4359 affli-

133 4393 211 4442 ctare
225 4393 347 4460 superte
361 4388 497 4461 quidquid
512 4390 655 4445 sordidum
680 4393 826 4461 invenerit,
844 4394 932 4448 ellan-
943 4385 1098 4463 Dgcretur.
1117 4392 1151 4445 llt
1165 4391 1235 4445 dixit
1248 4392 1274 4445 ei
1288 4408 1390 4445 senex:
1407 4396 1503 4458 613
1519 4392 1561 4446 Tu
1588 4393 1733 4463 projecisti
1747 4393 1777 4448 iu

133 4475 239 4531 densin
248 4482 277 4531 te
288 4477 432 4532 universas
448 4478 652 4537 immunditias.
668 4482 759 4535 Tuum
775 4489 818 4536 cst
827 4488 932 4551 autem,
975 4487 1051 4534 terra
1062 4480 1264 4536 ferramentum
1275 4496 1419 4550 magnum,
1432 4479 1506 4551 quod
1522 4486 1565 4535 est
1575 4481 1666 4537 timor
1675 4482 1735 4550 Dei,
1749 4486 1776 4536 et

133 4580 190 4620 uon
200 4565 342 4637 negligere
357 4571 390 4620 ut
403 4566 534 4638 projicias
548 4567 616 4622 soris
630 4585 690 4640 queo
705 4570 752 4624 ille
764 4571 932 4640 jactaverit:
975 4563 1106 4642 acc'episti
1124 4571 1153 4624 in
1168 4586 1253 4624 manu
1264 4575 1360 4624 tenere
1374 4568 1560 4624 arundineam
1584 4570 1705 4642 virgam,
1726 4571 1776 4626 hoc

133 4669 199 4710 nam
213 4653 236 4710 si
251 4655 415 4726 neglexeris,
425 4654 579 4727 replebitur
589 4655 638 4711 tibi
648 4658 748 4713 domus
757 4658 896 4725 sordibus,
906 4665 934 4714 et
975 4666 1018 4714 est
1031 4659 1317 4730 cogitationesmalas.
1327 4659 1428 4730 Accipe
1438 4675 1506 4729 ergo
1512 4659 1774 4733 magistibiignem‚

132 4759 311 4816 nequaquam
325 4744 430 4800 valebis
441 4745 548 4801 intrare
572 4745 601 4801 in
617 4762 690 4811 eam,
714 4747 764 4802 sed
787 4747 821 4802 ab
840 4749 931 4817 initio,
975 4749 1023 4820 qui
1038 4755 1081 4803 est
1090 4748 1175 4802 timor
1188 4748 1248 4802 Dei.
1262 4745 1300 4803 Et
1309 4746 1420 4819 quando
1431 4746 1776 4823 approximabittibieogi·

132 4847 196 4902 quoe
209 4833 256 4888 ille
267 4834 425 4906 jactaverit,
442 4839 474 4890 tu
493 4834 563 4906 ejice
585 4835 733 4907 paulatim,
758 4842 786 4891 et
809 4837 934 4893 manebit
974 4838 1044 4893 tatio
1060 4837 1143 4903 mala,
1154 4837 1230 4892 relat
1240 4837 1364 4892 calamus
1374 4835 1438 4907 igne
1448 4834 1559 4893 timoris
1570 4837 1623 4893 Dei
1633 4836 1775 4894 combura-

131 4919 233 4976 domus
246 4926 296 4978 tua
309 4924 415 4979 munda
425 4941 475 4997 per
488 4925 610 4995 gratiam
625 4925 738 4980 Christi.
974 4933 1021 4982 tur
1033 4946 1039 4994 ;
1055 4944 1147 4998 neque
1162 4927 1236 4981 enirn
1253 4927 1385 4998 praevalet
1398 4925 1508 4981 malitia
1523 4926 1662 4984 adversus
1671 4945 1720 4985 eos
1729 4925 1774 5001 qui

166 5006 212 5065 to.
228 5010 303 5065 Dixit
315 5012 429 5082 quidam
444 5029 542 5068 senum
560 5032 566 5067 :
592 5012 710 5078 Quando
733 5016 934 5088 cooperiuntur
974 5015 1078 5070 habent
1096 5015 1227 5070 timorem
1239 5015 1300 5070 Dei.

132 5097 207 5153 oculi
216 5098 357 5168 animalis,
368 5106 436 5157 tunc
446 5102 547 5158 circuit
559 5103 592 5157 ad
604 5103 814 5163 molendinum:
831 5106 875 5160 sin
884 5123 933 5161 au·
1010 5103 1052 5160 bl.
1070 5104 1144 5159 Dixit
1156 5104 1271 5175 quidam
1280 5106 1414 5159 Petrum:
1429 5102 1490 5159 Nisi
1502 5103 1585 5176 prius
1594 5105 1660 5163 odio
1674 5107 1774 5164 habuc*

132 5191 191 5241 tem
207 5185 395 5259 discoopertos
409 5190 541 5247 babuerit
554 5192 659 5257 oculos,
683 5210 739 5249 non
755 5193 881 5248 ambulat
902 5196 932 5250 in
972 5194 1021 5260 ris,
1035 5210 1091 5248 non
1106 5200 1186 5264 potes
1198 5194 1325 5264 diligere.
1339 5193 1399 5248 Nisi
1415 5209 1482 5264 ergo
1503 5193 1600 5249 oderis
1620 5203 1770 5268 peecamm

132 5275 250 5331 circuitu
267 5275 347 5330 mola
362 5292 369 5331 :
383 5277 422 5332 sic
434 5279 509 5332 enim
529 5285 559 5335 et
578 5281 715 5348 diabolus,
736 5282 759 5337 si
780 5285 933 5340 occurrerit
972 5300 1028 5338 nen
1042 5284 1127 5338 iacies
1135 5283 1286 5353 justitiam,
1302 5283 1374 5337 sicut
1388 5282 1524 5353 scriptum
1538 5288 1604 5339 est:
1630 5285 1772 5343 Decliuaa

132 5363 276 5438 cooperire
290 5364 386 5420 oculos
399 5366 530 5434 hominis,
546 5370 574 5423 in
588 5386 671 5425 omne
681 5377 826 5442 peccatum
840 5373 932 5428 humi·
971 5373 1055 5438 malo,
1070 5377 1098 5426 et
1112 5372 1154 5426 fac
1169 5372 1274 5427 bonum
1290 5374 1373 5442 (Prot.
1389 5382 1490 5438 xxxvrt.
1517 5371 1723 5432 Verumtamen
1743 5375 1771 5431 in

129 5453 182 5512 liat
195 5468 280 5522 eum3
296 5453 371 5525 quod
386 5454 476 5511 sinon
485 5455 589 5512 suerint
603 5459 690 5514 clausi
700 5459 772 5515 oculi
785 5461 856 5530 ejus,
866 5461 931 5517 laci·
971 5461 1101 5515 omnibus
1115 5461 1157 5515 his
1168 5462 1342 5532 propositum
1370 5461 1459 5516 animi
1482 5460 1590 5533 ubique
1610 5465 1770 5537 requiritur.

128 5541 186 5605 lius
196 5547 291 5621 potest
303 5543 427 5623 elingere
441 5545 477 5602 ab
489 5562 532 5603 eo.
970 5549 1061 5607 Adam
1072 5550 1186 5607 enimin
1196 5549 1327 5623 paradiso
1341 5549 1507 5621 consistens,
1519 5551 1722 5626 prevaricatus
1731 5558 1771 5615 eti
