3818 6120
130 222 188 287 tlt
613 228 698 288 vnn
717 222 871 287 SANO'I'AE
888 220 1113 294 mahanaim,
1133 221 1307 282 naalma.
1719 233 1773 294 ult

127 336 227 411 εἰθθοιιι
243 366 383 411 annom
389 352 509 426 triginta
522 370 529 407 τ
547 354 774 429 sepelieruntque
783 352 935 410 eamintu-
944 351 1043 423 Aergo
1057 365 1144 406 unam
1158 366 1295 418 summm,
1313 353 1428 412 nomine
1440 354 1640 431 Theogoniam,
1658 377 1719 434 quie
1732 363 1773 419 eis

128 442 219 511 mulo,
230 440 281 501 ubi
292 447 323 501 et
333 442 456 515 genitrix
468 444 530 515 ejus
545 444 705 517 Euphraxia
719 442 911 518 requiescebat
923 461 930 509 ;
973 445 1113 511 praeesset.
1130 441 1221 506 Quam
1242 458 1359 498 evocans
1379 444 1521 502 abbatissa
1535 448 1572 503 ad
1594 467 1634 518 se,
1653 451 1722 506 dixit
1736 451 1772 507 ad

127 534 160 588 et
166 531 397 605 glorificaverunt
405 532 505 600 Deum,
520 533 587 607 quia
595 535 818 607 promeruissent
828 533 932 589 habere
974 545 1055 585 eam:
1070 530 1139 585 Ecce
1152 531 1345 587 testimonium
1358 532 1462 590 bonum
1483 538 1560 608 quod
1578 555 1688 594 sorores
1708 557 1772 596 om·

127 635 258 678 ararem
271 621 346 695 apud
359 622 460 677 Deum.
973 633 1024 673 nes
1038 619 1073 673 de
1086 624 1114 674 te
1128 620 1276 686 dederunt,
1293 627 1322 676 et
1335 630 1490 692 posuerunt
1498 630 1526 680 te
1538 625 1573 681 ad
1583 628 1773 701 principatum

973 711 1003 762 et
1014 709 1195 779 praesulatum
1203 709 1363 765 traditionis
1375 712 1475 769 divina
1484 714 1588 786 legiset
1602 734 1773 790 consequen-

973 797 1014 852 tia
1027 803 1133 852 nostra.
1150 797 1273 870 Oonjuro
1287 805 1316 854 te
1330 817 1381 872 per
1395 802 1593 862 intemeratam
1606 807 1773 864 Trinitatem

974 891 1004 941 et
1012 886 1290 956 consubstantialem,
1301 905 1337 945 ne
1344 890 1427 946 istius
1435 894 1534 949 mundi
1543 911 1654 967 quaeras
1663 898 1775 954 divitias

973 975 1347 1050 autpossessionem,neque
1358 996 1476 1053 occupes
1486 986 1636 1040 sororesad
1644 992 1773 1043 terrenas

973 1064 1175 1120 sollicitudines
1189 1085 1195 1121 :
1212 1066 1261 1122 sed
1275 1069 1366 1140 magis
1380 1075 1413 1125 ut
1427 1075 1638 1130 contemnentes
1660 1081 1772 1150 tempo-

972 1153 1044 1209 ralia
1057 1153 1139 1222 bona,
1152 1161 1288 1228 perpetua
1297 1162 1603 1235 mereanturaccipere.
1616 1165 1651 1219 Et
1660 1182 1773 1221 rursum

973 1243 1116 1299 sororibus
1129 1244 1218 1301 dixit:
1240 1246 1386 1310 Quomodo
1394 1248 1516 1320 perfecte
1535 1253 1624 1307 nostis
1639 1254 1726 1308 vitam
1745 1259 1776 1309 et

166 756 234 813 Cur.
250 755 376 812 xxxin.
389 754 505 815 -tana
517 772 583 813 vero
598 757 734 829 magistra
747 760 817 830 eJ'us,
842 759 932 814 tribus

127 844 322 911 diebusllens,
338 843 374 900 ab
384 846 447 916 ejus
455 845 566 903 tumulo
579 862 636 902 non
645 848 776 916 recessit,
793 848 933 904 haecenim

128 933 267 991 docuerat
280 950 342 990 eam
352 933 462 990 litteras
477 939 507 991 et
516 935 682 1007 psalterium
697 942 727 992 et
740 937 933 993 multumeam

127 1021 276 1095 diligebat,
294 1039 357 1079 cuni
369 1023 431 1095 ejus
446 1027 521 1079 esset
533 1023 680 1097 discipula,
690 1031 775 1098 atque
785 1043 818 1081 ex
828 1042 932 1098 genere

127 1111 319 1185 immaturis.
336 1111 445 1177 Quarta
455 1128 521 1167 vero
530 1112 576 1168 die
586 1113 652 1169 laeta
663 1113 737 1170 iacta
746 1115 830 1183 Julia,
843 1131 933 1171 acces·

126 1200 215 1257 aitad
230 1199 412 1270 abbatissam,
428 1208 458 1256 et
471 1201 542 1258 dixit
550 1201 589 1256 ei:
605 1202 807 1271 hominemne,
826 1220 932 1277 orapro

129 1304 189 1358 me,
203 1290 272 1363 quia
282 1291 392 1346 vocavit
402 1306 448 1345 me
463 1290 601 1358 christus,
617 1290 807 1348 intercedente
821 1309 872 1367 pro
887 1309 932 1349 me

128 1377 216 1435 beata
225 1378 394 1452 Euphraxia.
403 1378 439 1434 Et
448 1379 507 1435 hac
516 1379 621 1446 dicens,
632 1381 757 1437 osculata
766 1388 809 1439 est
817 1387 932 1439 cunctas

127 1483 253 1524 sorores.
270 1467 375 1534 Quinta
388 1473 484 1523 autem
499 1467 544 1523 die
556 1474 621 1540 post
634 1468 741 1525 obitum
756 1470 930 1543 Euphraxiae,

128 1555 264 1613 deniucta
277 1561 321 1613 est
332 1562 363 1613 et
373 1557 510 1630 magistra
523 1558 585 1629 ejus
594 1558 679 1621 Julia,
696 1564 724 1615 et
732 1561 843 1632 sepulta
852 1560 933 1617 estin

127 1645 261 1719 sepulcro
274 1645 323 1703 ubi
336 1645 429 1720 posita
441 1650 504 1702 erat
516 1645 600 1702 beata
612 1647 781 1719 Euphraxia.

973 1333 1214 1388 conversationem
1226 1334 1401 1407 Euphraxiae,
1410 1343 1499 1394 estote
1508 1340 1652 1398 imitantes
1660 1359 1731 1410 eam,
1744 1347 1776 1398 ut

972 1421 1123 1495 participes
1138 1424 1199 1494 ejus
1214 1423 1385 1480 efficiamini.
1400 1427 1512 1484 Etcum
1526 1430 1663 1487 dixissent
1677 1449 1775 1488 omnes

972 1512 1073 1579 Amen,
1089 1510 1246 1567 valedicens
1261 1513 1310 1580 eis,
1326 1513 1443 1571 intravit
1455 1519 1610 1575 oratorium
1623 1539 1629 1590 ;
1645 1527 1675 1577 et
1696 1522 1775 1578 clau-

974 1598 1043 1656 dens
1053 1602 1166 1672 januas,
1182 1603 1314 1675 praecepit
1327 1609 1462 1677 utusque
1476 1606 1512 1662 ad
1527 1607 1682 1665 diluculum
1696 1610 1776 1666 nulla

942 1671 1086 1744 hillarum
1092 1689 1221 1745 intraret.
1233 1690 1316 1746 Mane
1325 1697 1421 1748 autem
1431 1694 1505 1751 iacto
1513 1695 1657 1768 ingressas,
1665 1697 1776 1754 invene-

164 1780 237 1841 (ἴαν.
255 1779 380 1839 XXXIV.
393 1808 428 1824 -
443 1779 511 1836 Post
524 1780 642 1852 triginta
654 1798 720 1837 vero
738 1781 798 1837 dies
813 1797 931 1837 evocans
971 1783 1040 1834 runt
1051 1795 1114 1834 eam
1123 1779 1296 1836 obdormisse
1302 1781 1332 1836 iri
1339 1781 1473 1852 Domino,
1488 1788 1517 1839 et
1526 1786 1664 1858 hymnum
1680 1787 1773 1844 dicen·

127 1868 274 1927 abbatissa
292 1868 456 1924 monasterii
479 1868 598 1942 priores,
620 1870 690 1925 dixit
709 1870 744 1926 ad
762 1886 827 1926 eas:
855 1871 932 1927 Filiae
973 1873 1016 1923 tes
1023 1867 1152 1935 Domino,
1168 1875 1356 1940 reposuerunt
1379 1872 1479 1928 eainin
1491 1875 1619 1946 sepulcro
1635 1874 1772 1931 ubibeata

128 1974 210 2027 meae,
226 1956 320 2029 eligite
332 1957 412 2014 vobis
426 1962 556 2026 matrem,
570 1964 598 2014 et
617 1959 779 2016 constituite
789 1960 820 2016 in
840 1960 934 2016 locum
975 1956 1134 2029 Euphraxia
1149 1958 1262 2013 condita
1273 1964 1343 2015 erat.
1358 1959 1402 2016 Ab
1415 1961 1464 2017 illa
1482 1968 1578 2019 autem
1601 1965 1647 2020 die
1668 1981 1776 2037 nequa·

128 2065 237 2116 meum,
251 2063 314 2121 qua
330 2047 409 2103 vobis
421 2062 542 2120 praeesse
557 2047 653 2120 possit.
669 2048 800 2105 illevero
817 2062 934 2122 respon·
975 2062 1060 2119 quam
1076 2046 1164 2103 inille
1178 2048 1288 2103 tumulo
1307 2049 1363 2105 alia
1377 2050 1549 2123 sepelierunt
1561 2070 1688 2126 corpora.

129 2136 253 2193 derunt:
270 2134 399 2204 Domina,
415 2152 465 2208 pro
480 2151 536 2208 qua
549 2152 634 2193 causa
645 2137 699 2194 hoc
712 2137 781 2195 dicis
799 2138 936 2194 denuntia
1011 2136 1077 2193 Gir.
1093 2136 1203 2194 XXXV.
1217 2167 1249 2178 -
1259 2137 1348 2193 Multa
1360 2154 1426 2194 vero
1440 2141 1524 2213 signa
1537 2147 1566 2196 et
1579 2143 1716 2200 sanitates
1725 2147 1776 2201 fie-

130 2225 233 2295 nobis;
247 2241 393 2299 nunquam
404 2226 478 2281 enim
495 2225 653 2283 lamulabns
670 2227 728 2283 tuis
752 2227 806 2284 hoc
828 2227 933 2284 dixisti.
975 2223 1044 2281 bant
1059 2225 1086 2280 in
1101 2231 1257 2282 memorato
1267 2227 1406 2300 sepulcro,
1421 2235 1450 2285 et
1458 2231 1565 2302 expulsi
1575 2232 1777 2290 daemonescla-

130 2315 210 2373 Dixit
220 2315 263 2372 eis
276 2314 435 2371 abbatissa:
450 2315 566 2371 vocavit
580 2333 625 2372 me
635 2317 782 2374 Dominus.
791 2317 935 2390 Supplica-
976 2313 1110 2370 mebant:
1125 2314 1197 2380 Quia
1208 2320 1400 2387 postmortem
1410 2320 1543 2390 prevalet
1549 2327 1648 2379 contra
1663 2339 1714 2379 nos
1724 2323 1778 2379 Eu·

131 2405 170 2462 iit
183 2405 324 2478 enimpro
332 2402 678 2477 medeminalluphraxia,
691 2406 935 2464 etmultumlabo·
974 2403 1100 2477 phraxis,
1119 2408 1147 2459 et
1160 2404 1340 2477 persequitur
1353 2407 1427 2461 nos?
1450 2407 1516 2466 Hac
1529 2417 1574 2466 est
1596 2428 1694 2468 revera
1713 2412 1779 2469 Vita

131 2494 207 2552 ravit
218 2494 249 2550 in
259 2493 318 2550 suis
332 2493 471 2568 precibus,
487 2498 627 2566 quatenus
641 2510 694 2566 ego
706 2495 849 2552 caelestem
869 2496 934 2553 tha·
975 2492 1141 2566 Euphraxie
1157 2499 1302 2562 matrona,
1316 2511 1380 2567 quae
1393 2497 1501 2554 coelesti
1516 2500 1627 2556 senatui
1640 2501 1777 2558 interesse

92 2596 95 2601 ·
130 2582 242 2640 lanium
255 2598 441 2656 promererer.
457 2583 531 2639 Nam
545 2583 659 2639 etlulia
672 2601 723 2656 per
736 2589 864 2640 sanctam
877 2585 934 2642 Eu·
974 2583 1140 2656 promeruit.
1157 2582 1334 2640 destinemus
1357 2584 1445 2657 igitur
1463 2594 1492 2643 et
1513 2604 1574 2656 nos,
1596 2595 1655 2645 tam
1675 2590 1777 2662 fratres

131 2671 282 2746 phmxiani
295 2672 435 2745 particeps
450 2673 512 2743 ejus
524 2672 624 2728 allecta
636 2678 689 2742 est,
708 2679 738 2729 et
750 2674 878 2746 ingressa
892 2681 935 2731 est
976 2689 1060 2744 quam
1071 2688 1191 2744 sorores,
1203 2673 1366 2744 hujusmodi
1377 2677 1617 2735 conversationem
1623 2679 1737 2752 habere,
1750 2687 1779 2737 et

132 2762 161 2818 in
180 2760 253 2818 illud
273 2760 411 2834 palatium
424 2777 481 2818 non
496 2761 707 2831 manufactum
723 2768 752 2819 et
767 2779 818 2836 ego
832 2764 935 2820 festino
976 2761 1283 2830 sectaii’humilitatem,
1295 2761 1493 2834 obedientiam,
1505 2765 1779 2838 laborem,manaue·

131 2848 221 2923 digna
234 2851 306 2919 deri,
322 2856 352 2908 et
362 2851 478 2907 cumeis
489 2852 580 2908 locum
590 2849 704 2909 habers.
720 2854 875 2909 audientes
889 2870 935 2909 so·
976 2851 1113 2918 tudinem,
1130 2851 1387 2923 longanimitatem,
1405 2859 1438 2909 ut
1452 2859 1481 2910 et
1493 2871 1545 2913 nos
1559 2858 1601 2914 ita
1613 2859 1778 2930 angelorum

132 2953 215 2996 mres
227 2938 263 2995 de
276 2939 436 3013 Euphraxia
449 2944 479 2996 et
491 2940 575 3008 lulla,
593 2941 659 3012 quia
678 2942 709 2997 in
727 2941 851 2997 maxima
862 2949 936 3000 esset
976 2941 1217 2998 conversationem
1231 2956 1400 3010 mereamur,
1417 2949 1446 2999 et
1464 2960 1528 3001 cuni
1544 2947 1649 3019 gaudio
1674 2965 1777 3020 magno

133 3029 236 3102 gloria,
251 3028 423 3102 gaudebant,
441 3035 470 3087 et
483 3029 603 3086 orabant
618 3031 734 3103 pariter,
759 3036 792 3088 ut
815 3037 843 3088 et
870 3033 966 3105 ipsaec
977 3030 1106 3087 fruamur
1119 3030 1263 3087 Salvatore
1275 3028 1501 3088 Dominonostro
1511 3033 1579 3091 lesu
1589 3036 1776 3093 chrismon

131 3124 313 3177 mamrentur
323 3119 358 3176 ad
368 3118 449 3176 illum
462 3119 619 3176 thalamum
629 3120 770 3178 accedere.
782 3121 936 3194 Elegerunt
976 3126 1020 3178 est
1032 3120 1123 3177 honor
1136 3123 1166 3175 et
1178 3119 1270 3191 gloria
1278 3119 1309 3174 in
1327 3119 1429 3177 saecula
1437 3123 1613 3180 seculorum.
1628 3127 1730 3183 Amen.

742 3238 954 3302 noswnunl
975 3237 1160 3302 nonlnlo.

169 3348 269 3416 ⁸0,
278 3343 320 3415 (l)
330 3343 501 3414 daphrosae.
522 3343 755 3416 Martyrologium
764 3343 933 3414 Romanum,
976 3344 1038 3414 buS,
1054 3344 1102 3400 nbi
1117 3343 1175 3399 haec
1190 3343 1286 3400 (ἔπεσε
1300 3344 1368 3402 citat
1381 3362 1388 3403 :
1404 3345 1510 3419 Αέγειὴ
1526 3345 1637 3412 διάκονος
1650 3356 1688 3423 τῷ
1700 3370 1778 3424 ιιορα·

135 3412 295 3474 ἱθΙεήὶὶτ
312 3435 324 3468 ι
341 3414 375 3470 In
388 3413 494 3470 Thebai
514 3431 530 3469 e
544 3414 682 3487 depositio
695 3421 798 3471 sanciae
807 3416 935 3489 Euphra·
977 3418 1034 3490 clip,
1049 3415 1151 3486 Ὕπαγε
1162 3417 1234 3487 κυρία
1248 3433 1296 3506 ρον
1310 3415 1343 3481 εἷς
1356 3415 1399 3471 adv
1415 3407 1482 3472 οἶκόν
1498 3416 1610 3498 occubui
1630 3417 1658 3474 οὖ
1677 3423 1779 3477 δύνασαι

134 3488 185 3545 sin
214 3486 221 3500 ⁸
258 3485 512 3542 ''.uUsunrdua
522 3485 557 3542 de
567 3486 666 3541 eadem
679 3486 797 3542 hacdie.
810 3488 936 3544 Menolo·
977 3482 1027 3541 ὦδε
1046 3493 1194 3559 παραμεῖναι
1210 3506 1217 3519 ·
1233 3487 1289 3540 ουδὲ
1325 3486 1356 3560 ὰρ
1375 3489 1477 3543 δύναταί
1494 3507 1530 3552 τις
1550 3491 1600 3545 aas
1619 3500 1778 3565 παραμεῖναι,

131 3560 215 3632 giam
254 3555 536 3616 meorum251ulii:
565 3557 670 3613 Eodem
693 3557 739 3613 die
762 3565 865 3615 sanctae
883 3560 938 3616 Eu·
978 3556 1019 3613 ἐὰν
1039 3557 1072 3630 μὴ
1093 3556 1238 3625 revadiaret
1255 3564 1293 3631 τῷ
1338 3566 1424 3632 ριστῷ.
1444 3559 1522 3633 Λέγει
1537 3558 1778 3635 αὖτῇτόιιοράσιον,

205 3630 213 3644 ’
240 3670 249 3698 ,
267 3628 331 3687 flliae
339 3628 474 3702 Antigoni
483 3628 631 3701 enjusdam
637 3629 771 3685 senatorii
781 3630 897 3696 ordinis,
909 3635 938 3688 el
978 3629 1037 3686 Ποῦ
1048 3627 1112 3683 ἔστιν
1124 3627 1138 3681 ὁ
1150 3627 1260 3700 Χριστός
1270 3647 1276 3694 ;
1298 3629 1333 3685 Ἡ
1343 3630 1455 3694 διάκονος
1466 3628 1584 3696 ἐπέδειξεν
1595 3630 1655 3707 αὐτῇ
1668 3631 1711 3687 τὸν
1724 3636 1780 3689 dse-

132 3645 346 3778 ffinsub
357 3699 513 3756 Theodosio
524 3699 593 3772 imp.
608 3701 689 3772 cujus
699 3706 761 3756 erat
772 3703 938 3774 consangui·
978 3698 1078 3755 ποτικὸν
1103 3705 1259 3773 χαρακτῆρα,
1285 3702 1326 3755 καὶ
1353 3710 1488 3774 στραφεῖσα
1511 3704 1576 3775 λέγει
1604 3709 1634 3776 τῇ
1658 3703 1777 3778 διακόνῳ,

133 3790 190 3831 nen
200 3792 208 3829 ι
217 3778 331 3830 mortuo
342 3776 438 3828 autem
448 3771 938 3845 Antigon0,materEupraxia'l'beo·
984 3771 1099 3840 Ἀληθῶς
1113 3767 1183 3857 ιιξιγὼ
1196 3777 1233 3843 τῷ
1247 3771 1351 3846 Χριστῷ
1367 3772 1544 3847 συντάσσομαι,
1557 3774 1598 3860 αεὶ
1611 3773 1690 3829 olata
1705 3770 1781 3864 ἅπερ.

132 3845 217 3903 duit)
229 3842 535 3907 illnmcommendnvit,
547 3843 596 3915 qni
611 3844 937 3901 senatoriocnidamviro
979 3862 1058 3917 χομαι
1080 3862 1141 3914 μετα
1160 3849 1203 3910 τῆς
1222 3844 1305 3914 κυρίας
1324 3862 1371 3916 μου
1388 3865 1394 3877 ·
1410 3846 1451 3899 καὶ
1465 3845 1538 3899 πάλιν
1554 3849 1709 3915 avenacci,
1726 3847 1781 3903 Ευ-

132 3914 433 3992 dupondii-munero
441 3914 587 3971 discedens
600 3929 664 3970 cum
672 3915 803 3971 matveln
816 3916 938 3972 Thebai·
978 3914 1078 3987 πραξία,
1103 3915 1143 3967 καὶ
1163 3914 1275 3967 tatone«
1297 3914 1342 3983 τὴν
1366 3917 1487 3988 θνγατέα
1509 3917 1605 3985 ἑαυτῆς,
1628 3920 1781 3991 παρέστησεν
1897 3979 1901 3987 ¹

132 3988 202 4046 dem
214 3985 331 4061 AEgypti
350 3984 484 4070 profecta,
500 3985 536 4040 ud
549 3986 751 4042 monasterium
766 3985 893 4058 ingressa
907 3989 937 4043 in
979 3982 1012 4048 εἷς
1025 3982 1068 4040 τὸν
1082 3982 1226 4073 dicacitatis
1240 3993 1388 4073 χαρακτῆρα
1406 4009 1412 4020 ·
1428 3937 1470 4041 νιος
1487 3983 1613 4041 ἓκτεῐνασα
1632 3987 1676 4052 τὰς
1693 3999 1780 4115 palpas

133 4076 192 4189 ἓν
201 4057 417 4130 mntvirglnee
428 4061 581 4113 mammet
594 4061 724 4140 qnaiuotj,
737 4073 835 4130 parem
850 4075 937 4131 ange·
979 4053 1052 4124 αὖτῆς
1067 4053 1099 4118 εἷς
1113 4074 1155 4108 τον
1171 4073 1274 4127 ονρανον
1289 4054 1376 4125 telasa
1391 4057 1453 4180 ρετὰ
1471 4058 1605 4180 muchlena,
1615 4052 1713 4144 aIi'rlpis'
1727 4059 1733 4080 '
1748 4083 1780 4130 r,-

179 4129 426 4197 vitamdnoenles,
440 4127 675 4184 {emulataearnm
689 4133 832 4198 mutem,
848 4145 937 4186 amo·
979 4131 1024 4181 σοῦ
1042 4125 1145 4198 Χριστὲ,
1166 4127 1205 4179 σοὶ
1227 4127 1328 4198 μελήσει
1346 4147 1392 4199 περ
1420 4132 1465 4182 τοῦ
1482 4130 1591 4193 sareon,
1613 4147 1650 4183 οτι
1670 4130 1697 4184 σὲ
1719 4128 1779 4185 ἐπό-

133 4202 264 4260 mnia
277 4200 339 4274 ipso
352 4199 497 4256 discedam
514 4215 597 4273 passa
611 4215 668 4256 non
686 4205 744 4256 est:
766 4205 938 4257 enatantem
975 4201 1060 4266 θησαν,
1080 4197 1120 4250 καθ
1138 4197 1177 4250 col
1197 4200 1316 4269 παρέθετο
1336 4199 1434 4265 ἑαυτήν.
1453 4196 1645 4281 «Diaconissa
1656 4217 1722 4256 vero
1744 4203 1780 4258 ad

132 4279 204 4333 tunc
215 4273 297 4345 virgo
310 4271 451 4329 sexdecim
463 4287 552 4327 annos
566 4276 642 4326 nata.
659 4272 750 4327 llater
772 4288 838 4327 vero
861 4272 939 4328 illinc
997 4269 1102 4325 nehem
1115 4286 1120 4322 :
1138 4266 1310 4340 Abiinquit,
1322 4268 1536 4351 domumutuam,
1553 4286 1622 4352 quia
1632 4287 1688 4327 non
1698 4277 1779 4354 potes

132 4345 295 4412 discedens,
311 4343 435 4401 Orientis
447 4342 620 4399 monasteria
633 4340 771 4410 obeundo,
787 4344 937 4417 possessio
1000 4340 1025 4396 'c
1038 4355 1205 4422 permanere
1217 4358 1226 4421 3,
1240 4355 1331 4411 neque
1346 4354 1422 4422 enim
1436 4355 1466 4394 ui
1479 4339 1533 4425 hoc
1561 4356 1691 4413 cuiquam
1717 4343 1784 4401 licet

134 4434 186 4476 nes
200 4416 308 4473 multus
321 4413 496 4471 etbenetlcia
508 4413 699 4485 indigentibus
722 4415 849 4470 eontulit.
872 4415 940 4471 Post
979 4410 1157 4494 commorari²
1173 4426 1312 4494 nisiucum·
1327 4410 1438 4494 Christo
1459 4426 1562 4484 conpun
1600 4416 1657 4472 tur.
1682 4414 1781 4499 Puella

135 4488 196 4547 hec
205 4503 273 4544 ovim
285 4487 316 4542 iu
328 4485 460 4543 morbum
466 4484 620 4553 incidisset,
636 4502 747 4541 reversa
760 4492 803 4541 est
815 4487 850 4541 ad
860 4502 939 4542 man·
980 4487 1076 4566 autem
1085 4501 1093 4566 ,²
1108 4482 1159 4566 'ubi
1172 4487 1224 4565 est,
1236 4487 1337 4565 inquit,
1353 4481 1503 4538 Obrutus?
1516 4484 1573 4540 nti
1595 4500 1612 4539 a
1626 4486 1750 4569 ostendit
1755 4502 1781 4542 ei

135 4557 940 4700 ffiffiffliddffmilbii‘diillliiili,fij
980 4553 1334 4699 &hillidii-ibiibi
1352 4552 1782 4701 ttdltttt'miltnit

136 4701 282 4777 Eupraxia
294 4716 360 4757 varo
373 4716 438 4756 cum
449 4698 524 4755 bona
538 4699 808 4783 omniapauperibus
823 4701 1045 4773 alocale-Deum
1056 4698 1194 4781 heramea
1207 4696 1359 4752 discedam.
1375 4697 1412 4753 Et
1418 4714 1531 4754 rursum
1545 4700 1782 4784 consurgenslin·

135 4775 189 4831 aiis
201 4773 256 4830 uei
278 4770 476 4836 distribuisset,
499 4771 662 4826 monastica
679 4776 743 4827 vitae
762 4771 940 4827 exercitatio·
982 4769 1268 4852 phraxia,·iiliamque
1284 4785 1365 4852 suam
1386 4769 1609 4853 apprehendens,
1634 4770 1783 4856 domimcae

135 4861 207 4903 uam
217 4843 331 4918 emegie
345 4843 483 4915 amplexa,
497 4847 611 4898 tantum
624 4842 654 4897 in
663 4841 766 4898 virtute
775 4843 901 4914 proiecit,
914 4849 943 4899 et
982 4841 1099 4912 imagini
1111 4857 1203 4912 ipsam
1218 4839 1351 4905 admovit,
1365 4839 1551 4924 manibusque
1562 4840 1680 4898 sublatis
1691 4860 1723 4927 ιιι
1732 4859 1786 4900 cie.

136 4915 323 4974 nocuimus
336 4914 462 4986 corporis
472 4911 641 4986 subjugavit,
653 4919 685 4968 ut
694 4930 744 4986 per
754 4914 943 4986 quadmginta
983 4911 1043 4967 lum
1058 4927 1161 4994 magna
1174 4928 1240 4994 voce
1260 4912 1408 4966 clamavit:
1429 4911 1548 4967 Domine
1568 4912 1635 4997 lesu
1645 4914 1779 4998 ‘Christe

136 4988 210 5063 quin
230 5003 267 5044 ue
280 4986 341 5042 dies
354 4985 506 5042 immobilis
520 4985 640 5051 steterit,
653 4985 769 5040 intentis
791 4986 827 5041 ad
840 4987 942 5041 coelum
983 4983 1078 5066 puella
1091 4983 1142 5066 tibi
1157 4988 1306 5065 erit'cura,
1322 4981 1435 5054 quando
1455 4988 1485 5038 te
1509 4992 1676 5057 concupivit,
1696 5004 1784 5115 σοιὲιιο

136 5059 220 5117 mani
238 5057 392 5131 unitoque
423 5057 704 5130 repterexcellentem
717 5056 943 5113 virtutembeata
983 5071 1074 5127 ipsam
1089 5056 1192 5137 dicavit
1204 5053 1265 5138 tibi.
1285 5073 1296 5105 ι
1315 5053 1382 5136 Quae
1403 5054 1595 5138 Damascenus
1616 5073 1733 5142 compen
1754 5077 1782 5116 ιο

135 5129 281 5204 Εσρεαιίσ
296 5129 335 5185 mi
413 5144 495 5184 orum
508 5128 630 5200 gratiam
645 5128 761 5200 accepit,
774 5129 942 5201 quamultos
983 5142 1064 5182 ancer
1083 5131 1121 5180 sit
1135 5142 1168 5180 ex
1186 5126 1263 5181 Actis
1287 5124 1391 5180 Graecis
1412 5125 1568 5197 Eupraxiae,
1595 5144 1657 5200 qua
1679 5147 1709 5186 m
1732 5131 1787 5187 hac

137 5201 298 5260 avanhla
357 5200 453 5256 oribus
461 5199 597 5266 liberavit,
617 5204 647 5255 et
659 5200 721 5271 ipsa
730 5197 844 5256 beatum
857 5200 942 5256 finem
984 5197 1045 5253 Vita
1060 5143 1159 5280 farina
1172 5196 1262 5280 fusius
1275 5195 1361 5251 habes
1375 5203 1567 5282 narratancap.
1583 5199 1599 5256 8
1614 5207 1642 5283 et
1656 5197 1682 5259 9.

136 5279 280 5341 manta,
343 5272 494 5328 Dominum
513 5271 651 5328 translata
665 5276 747 5327 est.»
1020 5269 1129 5326 claruit
1142 5273 1198 5323 tem
1220 5267 1474 5351 oribusl‘heodosu
1487 5285 1569 5343 imp,
1589 5277 1631 5327 uti
1649 5278 1728 5345 patet
1750 5288 1784 5331 ex

175 5344 502 5418 nephresim-segesta
513 5342 620 5399 babent
629 5358 727 5398 omnes
736 5342 883 5411 editiones,
896 5360 943 5399 ex·
983 5342 1045 5414 ipsa
1062 5340 1128 5394 Vita
1145 5345 1175 5422 et
1217 5339 1280 5394 enol
1328 5356 1354 5396 ο.
1411 5412 1417 5424 ⁸
1489 5413 1495 5425 ι
1600 5414 1605 5427 .
1661 5415 1666 5428 Ι

136 5422 224 5491 cepta
238 5415 331 5491 prima
344 5415 475 5471 Vitat-um
489 5415 615 5481 Patruni,
630 5430 663 5469 ex
678 5412 780 5486 quibus
795 5419 884 5469 etms.
895 5415 944 5470 (30-
1018 5412 1082 5467 lllia
1095 5410 1130 5465 ab
1144 5416 1199 5465 ista
1224 5417 1267 5466 est
1323 5410 1438 5483 phrasin
1461 5414 1699 5498 Nicomediensis,
1720 5432 1783 5487 quae

137 5488 205 5546 dice
216 5486 316 5544 Sunius
325 5490 434 5543 mutato
444 5485 746 5560 stylodescripsittom.
757 5485 793 5541 ΙΙ.
806 5485 944 5568 liparete-
984 5485 1057 5539 mira
1070 5487 1131 5538 arte
1145 5482 1229 5537 elusit
1242 5483 1400 5609 procaciam
1415 5484 1585 5541 lascivientis
1604 5488 1725 5557 juvems,
1749 5486 1785 5542 da

137 5575 206 5617 rein
219 5559 325 5632 stylum
344 5557 458 5626 retinui,
483 5574 517 5615 ex
547 5562 611 5613 voto
638 5557 793 5613 multorum
817 5573 944 5613 vivorum
985 5572 1041 5640 qua
1055 5554 1230 5637 Nicephorius
1254 5553 1291 5609 ib.
1323 5555 1513 5629 v11,cap.18.
1536 5558 1643 5614 Menas
1656 5556 1786 5642 Euplpm3

137 5631 301 5690 duumui-
316 5631 439 5689 loannes
447 5629 638 5689 Ιθιιιιενοοιιιιε
658 5645 693 5686 ex
705 5628 859 5701 ejushctis,
869 5629 945 5686 utle-
985 5643 1057 5684 siam
1068 5625 1313 5684 Nicomediensem
1320 5632 1477 5712 martyrem
1489 5626 1787 5702 superattendimus

137 5699 946 5777 gitimescriptisffletitauctoritatemoratddeimigini·
984 5696 1217 5773 impiamentis
1231 5698 1365 5757 ianuam.
