3818 6120
128 315 182 376 255
635 314 683 370 Du
695 306 796 373 -tlirls
813 317 962 375 PATRUM
980 315 1087 372 LIBER
1105 313 1250 371 ritihus.
1706 312 1760 371 aab

129 442 190 506 Quo
204 446 349 513 peruncta,
366 439 426 493 sine
440 452 520 492 mora
532 443 629 492 curata
638 444 690 505 est,
707 446 735 494 et
747 441 924 511 glorificabat
933 442 1092 512 ACumqne
1107 443 1280 494 memoratus
1292 436 1402 509 J'urenis
1417 436 1445 490 iii
1460 437 1575 508 propria
1598 436 1763 508 persisteret

129 530 278 586 Dominum
283 528 475 599 jugiter,quod
483 527 827 595 nonsolumdaemone,sed
835 537 924 598 ης
965 531 1112 601 pravitate,
1128 534 1156 583 et
1169 528 1233 582 aliis
1247 526 1406 597 exemplum
1416 525 1580 596 perditionis
1591 526 1761 591 ostenderet,

129 621 215 676 etiam
223 616 381 672 detestabili
391 617 600 671 conversatione
610 618 755 684 caruisset,
772 625 800 673 rt
815 620 843 675 in
859 620 924 675 reli·
965 620 999 674 ad
1015 624 1191 690 postremum
1205 618 1295 672 risum
1308 622 1351 670 est
1366 615 1497 670 omnibus
1509 621 1541 670 ut
1554 632 1572 670 a
1585 621 1683 670 sancta
1696 632 1762 670 ron·

130 725 215 779 quum
224 707 402 762 continentiae
413 723 442 760 se
448 706 549 763 studiis
558 723 609 777 per
623 706 727 762 Christi
738 709 925 782 mancipasset
965 708 1128 778 gregatione
1142 704 1437 775 relutindignisuimus
1443 708 1593 759 arceretur.
1603 704 1657 759 Sed
1663 703 1763 761 beatus

128 796 272 850 auxilium.
966 797 1133 851 Pacliomius
1152 796 1205 850 lioc
1224 795 1298 849 idem
1317 792 1436 851 credidit
1455 793 1652 849 differendum.
1672 794 1762 858 Quem

165 886 230 939 Cir.
242 884 379 939 XXXVII.
397 884 501 938 -Tali
518 884 607 954 igitur
626 884 757 955 opinione
776 886 811 941 de
828 891 924 942 sancto
966 882 1764 954 etianiniitissimaatquesapientissimacorreptionecon·

128 973 188 1027 viro
200 972 302 1044 ubique
315 978 456 1038 currente,
472 972 545 1026 alius
562 971 744 1028 nihilominus
764 973 811 1045 qui
835 976 925 1030 silium
965 974 1090 1041 veniens,
1106 978 1134 1028 et
1148 971 1307 1027 coelestibus
1321 971 1603 1038 erudiensinstitutis,
1614 971 1655 1026 ita
1668 970 1762 1026 divino

129 1078 211 1117 suum
225 1079 242 1115 a
255 1061 391 1117 daemonio
403 1077 571 1132 possessum,
583 1062 644 1116 sine
656 1062 865 1117 intermissione
878 1064 925 1118 de·
966 1063 1066 1116 timore
1082 1061 1234 1129 succendit,
1253 1066 1283 1116 ot
1296 1060 1336 1114 sic
1348 1059 1443 1114 anima
1456 1062 1518 1131 ejus
1531 1060 1693 1115 futurorum
1707 1059 1763 1115 lide

60 1214 63 1223 Ι
131 1149 224 1215 tiebat,
241 1167 292 1204 nec
306 1166 371 1206 enni
385 1151 537 1221 perducere
546 1154 657 1221 poterat
666 1150 701 1205 ad
711 1153 923 1220 monasterium,
965 1155 1188 1222 compunctaest,
1201 1155 1233 1205 ut
1249 1166 1279 1203 se
1289 1149 1420 1221 deinceps
1434 1148 1635 1205 abstinerenon
1646 1154 1764 1221 possete

128 1256 204 1310 genii
220 1239 302 1293 nixus
315 1239 490 1311 supplicabat
498 1240 658 1305 Pacliomio,
673 1246 764 1312 ntpro
781 1258 813 1295 eo
828 1258 924 1312 preca-
965 1240 1105 1312 lacrymis.
1116 1239 1763 1310 Einendatusitaqueperomniqmagnumcie·

129 1333 209 1382 retur
221 1328 451 1399 omnipotentiam
460 1327 573 1382 Christi.
587 1328 640 1393 Qui
649 1345 712 1383 cum
724 1336 840 1397 orasset,
849 1331 927 1386 dedit
966 1329 1034 1384 teris
1057 1329 1256 1383 documentum
1273 1327 1461 1382 conversionis
1478 1327 1613 1382 exhibuit.
1633 1329 1666 1383 In
1686 1326 1763 1382 omni

131 1416 158 1470 ei
170 1415 348 1473 benedictum
359 1434 471 1489 panem,
487 1417 604 1471 sollicite
619 1418 782 1488 praecipiens
806 1423 838 1473 ut
860 1424 925 1474 ante
967 1435 1088 1489 namque
1100 1419 1160 1471 loen
1174 1416 1243 1472 etin
1260 1416 1336 1471 omni
1346 1416 1508 1487 operatione
1514 1415 1710 1487 flebatjugiter
1721 1426 1764 1483 3et

130 1505 261 1560 cibumex
269 1506 572 1578 eopetiliiiuinsemper
579 1523 785 1577 energumenus
791 1513 923 1563 sumeret.
967 1522 1018 1560 nec
1030 1512 1098 1560 tunc
1113 1505 1235 1576 quidem,
1245 1521 1309 1559 cum
1319 1504 1412 1559 cibum
1426 1503 1734 1575 intertratrescaperet,
1746 1519 1764 1558 a

131 1595 258 1666 Cumque
272 1594 406 1649 esurisset
414 1595 489 1649 silius
497 1596 568 1665 ejus,
576 1612 609 1649 ex
615 1595 675 1666 ipso
683 1613 754 1666 pane
763 1596 924 1667 particulari
967 1595 1136 1650 lamentione
1151 1593 1287 1648 cessabat.
1305 1594 1371 1657 Quae
1385 1609 1431 1647 res
1445 1594 1530 1648 etiarn
1542 1594 1679 1664 permovit
1693 1592 1764 1648 mul·

130 1682 157 1736 ei
170 1683 296 1742 tradidit,
314 1684 362 1739 sed
376 1699 433 1738 non
446 1683 574 1755 permisit
583 1684 746 1739 immundus
760 1686 875 1756 spiritus
894 1694 926 1741 ut
966 1688 1010 1738 tos
1025 1701 1057 1738 er
1072 1683 1225 1748 monachis,
1235 1682 1283 1754 qui
1293 1688 1322 1737 et
1330 1681 1473 1737 dixerunt:
1488 1681 1614 1736 Tandem
1628 1681 1763 1752 aplanctu

130 1772 230 1827 exinde
245 1773 359 1827 omnino
372 1777 515 1842 gustarem
528 1790 561 1828 ex
572 1773 633 1827 aliis
647 1779 741 1828 autem
749 1774 868 1844 panibus
876 1775 925 1846 qui
935 1761 957 1818 Β
967 1779 995 1827 tc
1009 1772 1117 1837 cohibe,
1132 1789 1182 1826 nec
1192 1776 1282 1836 tanta,
1299 1787 1468 1842 quaesumus,
1478 1768 1762 1840 aillictionedejicias.

130 1866 212 1916 erant
225 1860 346 1931 appositi
361 1876 462 1915 uranus
476 1877 541 1915 suas
548 1861 682 1933 implerit,
693 1863 926 1934 coepitqueeonie·
967 1862 1021 1928 Qui
1036 1861 1193 1933 respondit:
1211 1860 1433 1931 Conorquidem,
1443 1859 1516 1913 sicut
1525 1858 1640 1929 jubetis,
1649 1874 1668 1914 a
1678 1864 1764 1930 tacry-

130 1949 207 2004 dere.
218 1950 304 2003 Pater
313 1966 379 2019 ergo
389 1949 566 2004 benedictum
578 1966 680 2021 panem
696 1968 742 2022 pei
756 1952 845 2006 frusta
854 1968 927 2007 com·
966 1950 1021 2005 mis
1034 1956 1202 2021 temperare,
1218 1966 1270 2005 nec
1277 1966 1400 2020 possum
1418 1950 1518 2004 Pectus
1530 1949 1605 2003 enim
1620 1963 1765 2003 meumre·

130 2038 271 2100 minuens,
288 2038 318 2092 iii
333 2037 512 2093 interioribus
526 2039 693 2110 palmarum,
706 2040 822 2095 sublatis
829 2041 927 2096 exinde
967 2039 1020 2094 luti
1036 2040 1163 2109 quaedam
1178 2040 1293 2093 tlanima
1308 2037 1484 2103 comburens,
1501 2037 1628 2109 quietum
1644 2053 1690 2092 me
1704 2053 1764 2091 esse

129 2125 375 2189 ossibus,inimisit
386 2147 393 2188 ς
405 2133 432 2181 et
446 2128 496 2182 lias
507 2127 652 2182 citantum
664 2129 747 2183 modo
761 2130 926 2202 palmasap-
967 2145 1024 2182 non
1039 2128 1114 2183 sinit.
1127 2129 1248 2182 Rursum
1264 2128 1317 2198 ipsi
1328 2128 1476 2182 dixerunt:
1491 2126 1643 2198 Apudtein
1657 2130 1765 2180 secreto

130 2216 233 2287 posuit,
241 2215 407 2269 ntnesciens
417 2215 444 2269 id
451 2216 524 2286 quod
530 2216 634 2271 factum
641 2223 693 2284 est,
704 2217 926 2274 benedictionem
966 2222 1026 2283 tuo,
1043 2218 1086 2271 rel
1098 2216 1533 2288 certeinoiationibusplangito3
1545 2231 1609 2270 cuin
1624 2231 1691 2269 vero
1701 2229 1765 2268 eon·

130 2304 273 2375 percipere
279 2308 444 2358 mereretur.
453 2304 528 2368 Quas
534 2305 708 2376 adaperiens,
717 2307 764 2360 ille
771 2306 927 2378 frustaque
967 2306 1094 2361 venimus
1108 2306 1144 2360 ad
1158 2323 1294 2372 mensam,
1304 2305 1396 2360 cibum
1404 2321 1515 2361 sumere
1525 2304 1619 2370 debes,
1632 2309 1661 2358 et
1670 2302 1766 2357 alleti-

129 2392 234 2462 injecta
244 2393 358 2447 fuerant
371 2393 552 2464 projiciebat3
565 2399 594 2448 et
608 2395 683 2465 ipsas
694 2403 852 2450 exsecratus
866 2397 926 2468 pal·
970 2394 1020 2449 bus
1030 2395 1178 2449 abstinere.
1193 2394 1404 2465 Nainpossibile
1416 2399 1460 2449 est
1472 2393 1699 2448 animametsine
1706 2391 1766 2447 istis

128 2497 199 2546 mas,
216 2481 286 2535 nihil
301 2481 412 2552 penitus
427 2498 496 2536 escae
511 2482 621 2537 volebat
641 2483 773 2554 accipere.
801 2485 927 2556 Cumque
968 2483 1152 2538 exterioribus
1167 2483 1299 2555 lacrymis
1312 2499 1423 2554 semper
1436 2483 1464 2537 in
1476 2481 1692 2554 compunctione
1706 2496 1766 2552 pcr-

130 2574 210 2640 pater
225 2584 290 2622 eum
302 2569 362 2622 sine
376 2568 437 2623 cibo
452 2586 566 2624 manere
582 2569 680 2624 diebus
700 2570 828 2641 plurimis
850 2588 928 2626 coin-
969 2573 1081 2626 sistere:
1100 2573 1166 2643 quia
1180 2573 1301 2644 pluisse
1315 2571 1448 2626 fratribus
1461 2571 1623 2626 videnteste
1638 2571 1763 2637 flentem,

130 2658 257 2729 pulisset,
274 2656 348 2712 same
362 2663 484 2723 coactus,
500 2657 683 2713 eiibenedicto
697 2675 769 2730 pane
784 2660 926 2732 percepit,
968 2661 1139 2714 manducare
1146 2676 1200 2714 non
1208 2666 1334 2731 possunt.
1346 2661 1380 2714 Et
1386 2660 1524 2731 cogebant
1536 2675 1601 2713 eum
1615 2658 1708 2724 fateri,
1718 2674 1768 2712 cnr

130 2762 163 2800 ac
173 2746 302 2817 protinus
316 2763 414 2800 somno
428 2746 569 2813 detentus,
583 2748 733 2817 amaligno
746 2748 847 2819 spiritu
861 2748 929 2804 libe-
968 2749 1009 2804 itn
1024 2765 1053 2804 se
1068 2748 1127 2804 suis
1141 2749 1262 2803 dilueret
1276 2749 1397 2804 llctibus.
1412 2750 1490 2804 Tunc
1503 2748 1544 2803 ait
1562 2749 1597 2803 ad
1618 2765 1681 2802 eos:
1705 2748 1767 2803 Non

130 2840 209 2889 ratus
224 2839 276 2889 est.
288 2835 377 2899 Quem
384 2852 479 2890 secum
495 2842 575 2907 pater
589 2835 720 2891 adsencti
735 2837 928 2892 Pacliomiire-
968 2838 1053 2892 vultis
1067 2844 1099 2893 ut
1112 2838 1253 2909 plangam,
1269 2854 1333 2892 cum
1342 2838 1451 2893 rideam
1460 2854 1505 2893 me
1517 2837 1602 2891 loreri
1609 2836 1709 2891 multis
1718 2834 1768 2891 ob-

130 2923 214 2993 stigia
226 2924 366 2994 perduxit,
382 2925 500 2979 laudans
506 2930 535 2979 ct
546 2925 706 2995 glorificans
716 2927 870 2997 Deum,qui
878 2944 929 2998 per
969 2926 1074 2996 sequiis
1084 2932 1245 2981 sanctorum
1255 2926 1374 2981 fratrum
1384 2940 1517 2998 :quorum
1527 2931 1556 2981 et
1564 2926 1654 2998 puluis
1664 2925 1768 2996 pedum

130 3029 225 3067 servos
238 3029 304 3067 suos
319 3019 453 3084 operatur
467 3014 609 3085 magnalia
623 3019 652 3068 et
663 3015 796 3083 gloriosa,
809 3032 927 3086 quorum
970 3015 1039 3070 milii
1054 3017 1230 3070 venerandus
1244 3022 1295 3080 est,
1313 3032 1365 3070 nec
1379 3016 1419 3069 eis
1431 3032 1477 3070 me
1499 3014 1626 3069 conferre
1649 3014 1767 3084 digitum

130 3117 187 3156 non
199 3106 242 3155 est
251 3103 480 3157 numerusdlias
491 3120 601 3174 quoque
608 3103 744 3158 sanitates
752 3104 887 3177 plurimas
898 3074 958 3159 inG
969 3120 1086 3175 prorsus
1099 3104 1239 3159 existimo.
1248 3105 1311 3159 Non
1321 3121 1388 3174 ergo
1398 3105 1541 3175 plangam,
1557 3104 1724 3175 quodhonio
1733 3102 1768 3158 de

130 3191 233 3245 virtute
246 3191 335 3246 sancti
352 3191 475 3263 Spiritus
488 3193 532 3246 vir
544 3191 725 3247 beatissimus
741 3193 854 3260 iaciens,
872 3210 928 3249 non
969 3210 1052 3249 scena
1066 3194 1162 3248 multis
1176 3193 1296 3265 peccatis
1311 3192 1455 3260 obnoxius,
1477 3191 1568 3248 officia
1581 3197 1663 3247 tanta
1677 3191 1769 3263 perci-

131 3279 325 3347 eitollebatnr,
334 3297 386 3334 nec
399 3297 577 3352 unquamcor
589 3282 650 3351 eJ'us
662 3282 766 3337 elatuin
780 3282 928 3338 est.Habe·
969 3283 1164 3354 piani?'limco
1174 3283 1304 3347 valdene,
1326 3282 1399 3337 sieut
1410 3281 1521 3336 Dathan
1539 3285 1569 3335 et
1585 3280 1703 3347 Abiron,
1723 3296 1770 3335 me

130 3367 180 3423 bat
194 3375 288 3422 autem
304 3368 403 3423 banca
416 3370 535 3423 Domino
546 3370 678 3440 gratiam,
692 3375 724 3424 ut
737 3370 812 3424 idem
818 3386 929 3442 semper
970 3366 1768 3442 quoqueprofanumhiatusnoterradeglutiat(Nunniiii).

131 3462 161 3512 et
167 3458 395 3529 aequalisessetin
406 3458 544 3526 omnibus,
556 3459 737 3529 animumque
747 3458 929 3529 indisciplina
970 3459 1013 3515 llli
1029 3475 1150 3531 namque
1163 3459 1256 3530 impiis
1265 3457 1379 3515 ausibus
1388 3458 1572 3529 inanibusque
1581 3457 1699 3529 pollutis
1708 3473 1771 3512 saii-

131 3546 399 3602 Dominisollicitum
408 3547 551 3601 retineret.
560 3547 594 3600 Et
603 3547 744 3617 siquando
754 3563 870 3617 poscens
880 3547 930 3600 ali·
971 3555 1016 3602 cta
1030 3547 1141 3604 sibimet
1148 3564 1284 3619 usurpare
1293 3552 1486 3615 tentaverunt,
1497 3564 1549 3617 ego
1557 3563 1623 3601 vero
1637 3552 1771 3617 posttsn·

132 3635 199 3706 quid
209 3651 227 3689 a
236 3635 364 3697 Domino,
376 3635 520 3705 petitionis
535 3651 592 3689 suae
602 3652 658 3688 non
669 3637 930 3706 consequereturet'-
971 3642 1029 3691 tain
1039 3636 1319 3706 cognitionemdirini
1328 3635 1772 3702 muneris,aniinaemeaesalutein

131 3722 244 3789 fectum,
252 3722 661 3791 noncontiistubaturoinnino,
670 3723 718 3777 sed
725 3723 930 3795 patientissime
971 3725 1110 3780 desidiosa
1118 3725 1326 3780 conversatione
1334 3726 1453 3796 neglexi.
1467 3725 1533 3781 ldco
1548 3725 1652 3796 quippe
1663 3724 1720 3779 ista
1729 3740 1773 3779 re·

132 3809 299 3876 sustinebat,
312 3810 402 3865 sciens
412 3811 465 3864 lioc
474 3811 604 3881 expedire
618 3812 660 3866 vel
671 3811 724 3865 sibi
732 3812 773 3866 rel
789 3811 928 3881 omnibns,
971 3815 1145 3875 celeranda
1170 3814 1302 3869 erubesco
1331 3816 1398 3870 llere
1426 3831 1519 3868 coram
1543 3812 1685 3880 omnibus,
1705 3812 1771 3884 quis

133 3898 268 3969 quidquid
283 3898 377 3952 divina
390 3899 581 3954 misericordia
595 3900 767 3955 censuisset:
785 3901 850 3972 quia
873 3900 929 3955 sre—
970 3905 1060 3959 multa
1066 3904 1189 3958 facinora
1196 3919 1259 3958 inea
1268 3920 1328 3958 esse
1336 3920 1481 3973 cognosco,
1491 3919 1553 3974 quae
1557 3902 1771 3973 jugibuslacry·

133 3996 252 4057 quenter
265 3988 422 4042 intentione
439 3987 548 4069 sincera
561 3988 689 4043 videniur
702 3991 848 4059 postulare
863 4006 929 4044 con·
970 3991 1458 4063 marumtontibusdebcamexpinre.
1468 3999 1484 4057 Ι
1494 3991 1769 4062 wQuodsiipsam

132 4076 230 4142 traria,
243 4076 550 4147 quaeDominibonitaS,
567 4094 631 4130 cum
644 4093 700 4131 non
716 4079 851 4145 concedit,
861 4095 930 4148 prae-
971 4082 1102 4135 miseram
1117 4081 1241 4135 animam
1256 4097 1349 4134 meam
1362 4097 1413 4152 per
1428 4080 1551 4134 lamenta
1567 4079 1766 4144 dillundereni,

132 4166 358 4237 staredignatur3
367 4170 469 4222 ettuiic
477 4167 570 4237 potius
579 4167 928 4232 cleinenterexaudit,cum
971 4170 1042 4224 niliil
1055 4169 1177 4225 facerem
1186 4185 1330 4239 magnum,
1342 4169 1526 4240 quianullum
1541 4184 1591 4240 pro
1605 4168 1689 4223 factis
1699 4166 1769 4223 mais

131 4259 197 4310 vota
209 4259 312 4310 nostrae
328 4255 492 4323 ignorantia
506 4261 587 4309 nocte
601 4254 693 4309 relata
706 4271 762 4311 non
775 4256 892 4326 perlicit.
971 4259 1000 4313 in
1015 4259 1145 4330 prasenti
1159 4258 1274 4328 dignuin
1289 4275 1403 4329 possum
1419 4259 1542 4329 reperire
1553 4257 1734 4328 supplicium.

169 4344 394 4400 cinxxxviii.
408 4375 440 4386 -
452 4344 571 4408 Quidam
582 4344 832 4415 deniquejuvenis‚
845 4345 931 4400 Silia·
1007 4349 1134 4419 Cumque
1144 4364 1196 4418 per
1206 4347 1265 4401 dies
1276 4347 1401 4417 singulos
1412 4347 1486 4400 idem
1500 4346 1589 4401 frater
1602 4346 1637 4400 ad
1654 4346 1770 4400 meliora

131 4451 185 4489 nus
195 4435 318 4501 nomine,
335 4434 369 4488 de
380 4451 464 4489 scena
473 4449 631 4500 conversus,
639 4434 674 4488 ad
688 4440 815 4489 sanctum
826 4424 961 4488 pacho-D
971 4437 1128 4508 proficeret,
1140 4452 1293 4506 omnesque
1302 4436 1505 4506 propemodum
1515 4435 1545 4489 in
1558 4435 1770 4490 humilitatesu·

132 4523 221 4578 mium
233 4524 318 4589 venit,
335 4523 430 4578 rolens
444 4523 473 4576 in
490 4522 551 4593 ejus
566 4523 736 4577 monasterio
751 4523 928 4577 commorari.
972 4528 1094 4597 peraret,
1115 4523 1202 4579 ibide
1217 4541 1250 4579 eo
1264 4529 1378 4578 sanctus
1392 4523 1560 4579 Pacboinius
1574 4523 1661 4594 coepit
1675 4538 1769 4578 corani

132 4611 263 4675 Quicum
279 4617 425 4684 susceptus
436 4616 518 4678 esset,
535 4610 653 4666 infectus
669 4628 799 4682 perversa
812 4628 930 4666 consue·
972 4613 1102 4668 omnibus
1116 4613 1227 4668 dicere:
1245 4615 1344 4667 Testor
1357 4629 1415 4678 ros,
1431 4612 1532 4667 fratres
1546 4629 1578 4667 ac
1598 4611 1660 4675 sitii,
1676 4628 1769 4667 coram

132 4700 230 4754 tudine
242 4701 439 4768 saculi,nullis
453 4700 607 4771 disciplinae
620 4700 725 4768 regulis
736 4700 847 4772 poterat
856 4717 931 4754 coer·
971 4703 1029 4757 Deo
1046 4708 1075 4756 ct
1088 4701 1192 4756 sanctis
1206 4703 1267 4773 ejus
1281 4701 1397 4771 angelis,
1416 4701 1482 4771 quin
1495 4718 1529 4754 ex
1542 4717 1598 4772 quo
1611 4700 1769 4756 coenobinm

132 4787 208 4851 ceri3
224 4790 399 4862 salutemque
409 4790 551 4861 propriam
564 4788 718 4858 negligens,
734 4788 793 4843 dies
803 4806 869 4844 suos
883 4806 930 4844 va·
971 4792 1024 4846 hoe
1037 4790 1184 4845 fundatum
1195 4795 1246 4857 est,
1264 4791 1372 4844 nullum
1387 4789 1422 4844 de
1440 4789 1573 4844 iratribus
1587 4789 1637 4860 qui
1660 4804 1770 4845 mecum

136 4874 273 4931 nitatibus
287 4879 413 4948 pristinis
428 4885 513 4950 atque
534 4878 660 4934 ridiculis
674 4878 843 4948 occupabat:
861 4878 931 4932 adeo
972 4885 1038 4935 sunt
1050 4879 1225 4945 relinerunt,
1242 4879 1430 4934 humilitatem
1445 4894 1537 4933 meain
1559 4883 1689 4933 secutum
1710 4893 1770 4933 esse

133 4969 166 5017 ut
180 4965 329 5020 nonnullos
342 4984 375 5020 eii
385 4966 518 5022 fratribus
533 4973 681 5029 everteret,
698 4972 727 5021 et
747 4966 782 5021 ad
805 4967 930 5021 studium
972 4985 1117 5039 cognosco,
1133 4967 1188 5022 nisi
1202 4984 1290 5022 unum
1306 4967 1510 5024 tantummodo.
1522 4967 1583 5032 Quo
1598 4966 1713 5035 fratres,
1723 4983 1771 5021 au·

133 5051 224 5106 simile
240 5061 436 5109 commoveret.
448 5056 527 5119 Quod
536 5056 650 5127 plurimi
658 5072 713 5110 non
720 5055 851 5120 terentes,
866 5072 930 5110 san·
970 5053 1173 5119 dito,nonnulli
1184 5052 1402 5123 putabanthunc
1412 5068 1568 5107 unumesse
1578 5051 1768 5115 Theodorum,

132 5144 177 5194 cto
193 5141 343 5196 Pachomio
358 5150 513 5213 suggerunt
520 5151 552 5199 ut
564 5162 629 5200 euni
641 5145 675 5199 de
687 5145 857 5199 monasterio
863 5145 929 5215 pelli
970 5144 1018 5197 alii
1033 5142 1206 5207 Petronium,
1221 5141 1268 5195 alii
1282 5158 1347 5196 vero
1356 5141 1510 5196 Orsesium.
1519 5142 1647 5211 Cumque
1657 5145 1772 5211 ingeret

133 5229 306 5300 praeciperet.
317 5231 360 5285 Ad
372 5248 455 5302 quain
471 5249 596 5287 remnon
609 5233 770 5300 eisannuit;
782 5233 930 5304 sedeque·
970 5232 1134 5287 Theodorus
1149 5247 1224 5296 euin,
1241 5235 1273 5285 ut
1291 5231 1354 5300 quis
1373 5230 1420 5284 ille
1436 5234 1512 5284 esset
1530 5229 1720 5301 depromeret,
1743 5235 1773 5284 et

132 5317 355 5383 nimiterferens,
368 5320 665 5391 admonuitpraesatum
675 5323 792 5377 fratrem
798 5328 865 5377 utse
871 5339 930 5376 cor·
971 5318 1259 5374 sanctosvirindicare
1272 5318 1407 5382 differret,
1421 5335 1518 5372 rursus
1531 5334 1595 5372 euin
1604 5318 1771 5375 Theodorus

132 5405 246 5475 rigeret,
263 5413 292 5462 et
306 5408 427 5479 antiquae
450 5409 653 5464 conversationi
671 5411 857 5467 renuntiaret.
875 5411 930 5465 Pro
972 5407 1276 5476 veliementerurgcbat
1291 5406 1773 5478 Aliiquoquemajoresexfratribus

133 5510 188 5565 quo
199 5495 284 5551 etiarn
290 5497 397 5569 J'ugiter
404 5497 523 5551 Domino
529 5497 713 5568 supplicabat,
721 5505 752 5553 ut
761 5499 786 5554 ei
795 5515 930 5570 compuri·
972 5496 1123 5569 plurimum
1130 5496 1318 5567 precabantur
1329 5502 1361 5550 ut
1368 5497 1471 5550 diceret
1481 5495 1543 5567 quis
1554 5500 1629 5550 esset
1642 5496 1775 5552 enitesti-

129 5583 254 5645 ettonem
267 5586 359 5643 cordis
373 5585 756 5658 solitapietatisabundantia
769 5589 929 5658 largiretur.
972 5586 1099 5642 monium
1110 5586 1166 5640 tale
1173 5584 1342 5657 perhiberet.
1351 5584 1580 5657 Tuncrespondit
1588 5584 1773 5643 Pachomius:
