3818 6120
130 223 198 282 :ors
684 219 1013 281 ouunsmraou
1030 176 1203 277 uranu.
1697 213 1766 274 lois

78 377 81 381 ⁴
129 349 244 422 spondit
257 366 343 406 senex
358 368 365 404 :
379 350 418 405 Ut
431 365 482 421 pro
493 347 595 421 quibua
610 365 733 415 oramus,
746 351 806 421 jam
815 347 1070 411 nonillaAl'actus
1083 351 1126 401 est
1139 345 1233 412 homo,
1245 343 1461 412 manensDeus3
1475 342 1567 399 lactus
1576 346 1622 399 cst
1631 358 1714 415 puer:
1724 342 1766 399 la·

128 439 273 495 faciamus.
290 440 407 504 Quando
422 439 497 494 enim
511 439 595 493 homo
607 438 747 494 dimiserit
754 440 927 494 voluntatem
968 443 1029 493 ctus
1043 443 1085 492 est
1099 436 1196 501 lector,
1215 433 1354 506 accipiens
1367 432 1470 488 librum
1484 433 1554 506 legit
1568 434 1599 489 in
1613 448 1768 505 synagoga,

129 546 222 600 suam,
236 535 303 583 tunc
319 528 344 583 ei
363 527 561 583 reconciliatur
575 528 660 595 Deus,
683 534 713 583 et
732 529 850 600 suscipit
863 545 927 583 ora·
968 526 1081 582 dicens:
1102 524 1224 596 Spiritus
1243 523 1356 579 Domini
1378 539 1462 596 super
1483 539 1539 590 me,
1561 521 1767 595 propterquod

129 618 220 674 tiones
227 619 298 688 eJus.
310 617 498 688 Interrogavit
511 617 615 672 frater:
633 617 664 672 ln
676 617 752 672 omni
767 616 862 672 labore
875 618 926 672 ho·
968 616 1048 673 unxit
1061 632 1125 682 me,
1141 612 1333 685 evangelizare
1344 611 1513 684 pauperibus
1527 611 1609 666 misit
1622 628 1669 666 me
1685 613 1767 679 (Luca

129 707 213 762 minis
231 707 299 777 quid
323 713 367 762 est
384 707 459 778 quod
482 723 546 762 eum
569 708 671 778 juvat?
684 707 758 762 Dicit
777 708 802 762 ei
817 724 924 763 senex:
968 709 1017 775 iv).
1029 702 1390 771 Factusestsubdiaconus;
1407 701 1645 773 laciensnamquc
1658 701 1767 757 defunc

127 795 203 851 Deus
213 801 256 850 εει
269 795 317 868 qui
331 796 453 866 adjuvat.
472 796 614 868 Scriptum
629 801 673 850 cst
685 797 780 851 enim:
797 797 928 852 Deusno-
969 794 1112 866 flagellum
1125 809 1223 848 omnes
1233 793 1316 864 ejecit
1329 792 1364 847 de
1377 791 1483 863 templo
1501 807 1567 848 oves
1588 789 1722 857 etbovcs,
1740 796 1768 846 et

128 888 187 940 ster
201 885 342 956 retugium
358 892 387 940 et
400 885 499 951 virtus,
514 885 628 956 adjutor
646 886 675 940 in
696 884 927 942 tribulationibus
968 891 1068 941 cetera
1084 887 1174 953 (loon.
1191 887 1233 953 ιι).
1250 883 1352 938 Factus
1367 887 1410 937 est
1428 881 1580 952 diaconus;
1595 881 1768 954 precingens

129 990 190 1046 quac
204 975 373 1029 invenerunt
386 990 438 1029 nos
451 974 537 1029 nimis
552 976 635 1041 (Prot.
647 976 718 1044 nav).
968 990 1090 1047 namque
1104 989 1134 1028 se
1143 973 1240 1040 linteo,
1252 972 1320 1027 lavit
1331 971 1416 1044 pedes
1429 971 1634 1043 discipulorum
1640 987 1767 1038 suorum,

163 1062 190 1120 5.
201 1063 381 1119 Dixitfratcr:
393 1063 505 1134 lejunia
514 1069 542 1118 et
555 1063 665 1134 vigiliae,
676 1079 746 1135 quas
755 1064 823 1119 lacit
831 1064 926 1133 homo,
968 1063 1179 1136 praecipienseis
1190 1062 1309 1116 fratrum
1315 1061 1400 1133 pedes
1410 1061 1503 1116 lavare
1517 1063 1607 1123 lloan.
1619 1063 1697 1130 xus).
1717 1060 1767 1116 Fa·

128 1152 197 1224 quid
212 1153 360 1208 alliciunt?
382 1152 458 1207 Dixit
471 1152 497 1206 ei
516 1168 615 1207 senex:
637 1152 775 1216 Quoniam
791 1153 852 1225 ipsa
862 1158 929 1209 sunt
968 1157 1029 1208 ctus
1040 1157 1083 1206 est
1096 1150 1251 1224 presbyter,
1264 1157 1294 1205 ει
1305 1148 1411 1205 resedit
1423 1149 1453 1204 in
1463 1148 1556 1204 medio
1567 1148 1768 1221 magistrorum

128 1258 190 1314 que
206 1241 312 1296 laciunt
328 1241 470 1296 humiliari
483 1241 617 1296 animam.
631 1242 772 1313 Scriptum
787 1248 829 1298 εει
839 1243 925 1298 enim:
968 1242 1166 1310 docensltuca
1174 1242 1246 1308 xiii).
1260 1239 1362 1294 Factus
1372 1244 1416 1294 est
1424 1238 1582 1311 episcopus,
1591 1244 1622 1293 et
1630 1237 1768 1310 accipiens

127 1331 198 1386 Vide
212 1330 402 1386 humilitatem
416 1347 518 1397 meam,
532 1337 561 1384 ct
574 1329 698 1386 laborem
713 1348 824 1398 meum;
840 1319 869 1387 ει
882 1331 927 1387 di·
968 1348 1071 1404 panem
1085 1329 1228 1385 benedixit
1247 1345 1280 1383 ac
1301 1328 1394 1400 fregit,
1418 1334 1447 1382 ει
1460 1328 1540 1383 dedit
1552 1327 1700 1400 discipulis
1713 1328 1769 1385 suis

128 1419 210 1474 mitte
224 1421 318 1475 omnia
333 1425 448 1492 peccata
473 1435 537 1474 mea
557 1421 639 1488 (Psal.
661 1419 751 1492 xxiv).
768 1421 797 1476 Si
808 1437 874 1491 ergo
889 1421 928 1476 lc·
969 1421 1076 1490 (Mottb.
1093 1424 1175 1488 xxvi),
1192 1423 1221 1473 ει
1236 1422 1346 1473 caetera.
1362 1417 1533 1488 Flagellatus
1546 1422 1590 1472 cst
1602 1421 1767 1489 propterte,

128 1508 199 1564 cerit
212 1509 307 1564 anima
326 1508 435 1563 labores
462 1508 542 1575 istos,
559 1508 740 1564 miserebitur
759 1526 845 1581 super
864 1526 928 1565 eam
968 1509 1117 1565 crucifixus
1131 1513 1160 1563 ct
1174 1512 1304 1563 mortuus
1318 1512 1375 1574 est,
1392 1511 1422 1560 et
1443 1506 1529 1561 tertia
1542 1506 1588 1561 die
1604 1506 1768 1575 resurrexit,

128 1598 204 1654 Deus
220 1602 334 1670 propter
349 1615 406 1653 eos.
968 1604 997 1657 ει
1011 1603 1173 1670 assumptus
1196 1603 1248 1652 est.
1265 1595 1367 1651 Omnia
1377 1600 1492 1668 propter
1505 1599 1535 1650 ιε
1549 1595 1676 1668 suscepit
1686 1595 1716 1650 in
1729 1613 1769 1664 se,

164 1686 190 1743 6.
208 1686 394 1758 Interrogavit
407 1685 494 1741 irater
505 1703 612 1753 senem,
628 1686 741 1741 dicens:
760 1687 833 1751 Quid
844 1687 927 1743 laciet
939 1710 960 1771 B
970 1688 1066 1744 omnia
1076 1689 1159 1759 juxta
1180 1685 1428 1757 dispensationem,
1444 1684 1540 1740 omnia
1551 1685 1662 1752 ordine,
1676 1685 1770 1740 omnia

128 1775 213 1831 homo
232 1776 261 1831 in
277 1776 354 1830 omni
365 1775 519 1831 tentatione
534 1776 664 1831 veniente
677 1792 763 1848 super
776 1792 815 1843 se,
832 1776 927 1832 autin
969 1782 1174 1848 consequenter
1196 1780 1240 1830 est
1263 1780 1405 1847 operatus,
1430 1778 1462 1829 ut
1476 1790 1527 1829 uos
1540 1774 1681 1841 salvaret,
1697 1780 1726 1828 et
1739 1780 1770 1829 tu

130 1865 207 1920 omni
218 1865 387 1935 cogitatione
408 1865 534 1920 inimici?
554 1865 602 1920 Ait
616 1865 657 1919 illi
667 1881 751 1920 senex
763 1883 768 1918 :
781 1865 862 1922 Flere
877 1866 927 1921 de·
968 1872 1084 1940 propter
1099 1882 1164 1920 eum
1177 1881 1234 1919 non
1248 1863 1375 1919 tolerasl
1390 1863 1484 1919 Simus
1497 1862 1596 1930 sobrii,
1608 1863 1769 1935 vigilemus,

127 1953 177 2009 bet
187 1954 216 2008 iu
231 1960 382 2026 conspectu
392 1953 525 2009 bonitatis
545 1954 606 2021 Dei,
616 1960 648 2009 ut
668 1955 781 2025 adjuvet
796 1972 861 2010 eum
876 1973 881 2009 τ
899 1960 929 2010 ει
969 1972 1100 2010 vacemus
1115 1952 1300 2018 orationibus,
1316 1958 1350 2008 ut
1363 1969 1425 2024 quae
1438 1952 1617 2025 placitasunt
1631 1951 1658 2006 ci
1670 1952 1771 2008 sacien-

128 2043 287 2114 requiescet
297 2043 439 2109 velociter,
457 2043 481 2098 si
505 2049 587 2115 rogat
602 2043 631 2098 in
645 2044 772 2098 scientia.
785 2045 928 2116 Scriptum
969 2049 1021 2109 tes,
1040 2043 1142 2098 salvari
1156 2042 1305 2115 possimus.
1317 2041 1423 2113 loseph
1436 2056 1530 2096 nonne
1544 2041 1575 2095 in
1590 2040 1719 2113 AEgypto
1730 2047 1772 2098 est

130 2138 172 2187 cst
188 2132 390 2199 enimam
405 2133 540 2188 Dominus
558 2133 626 2187 mihi
647 2133 769 2204 adjutor,
780 2140 809 2188 et
818 2150 874 2188 non
894 2134 928 2190 ti·
968 2133 1106 2199 venditus,
1126 2132 1156 2187 in
1170 2130 1371 2187 terraalicnal
1387 2131 1456 2186 'l'res
1472 2130 1553 2202 pueri
1574 2129 1605 2185 in
1628 2130 1771 2202 Cabyloue

129 2221 212 2277 mebo
222 2223 289 2294 quid
303 2223 388 2277 faciat
402 2223 471 2277 mihi
487 2223 569 2278 homo
586 2226 668 2290 (Ptol.
686 2227 780 2294 cxvii).
968 2222 1080 2294 captivi,
1102 2220 1231 2293 nunquid
1255 2221 1425 2292 cujusquam
1438 2219 1602 2275 habuerunt
1619 2220 1770 2276 notitiam?

167 2310 193 2366 ῖ.
209 2311 392 2382 lnterrogavit
407 2327 471 2366 eum
486 2313 590 2365 iterum
611 2312 707 2378 frater,
723 2313 836 2367 dicens:
854 2311 928 2367 Ecce
969 2313 1077 2368 'l'arnen
1091 2312 1166 2367 Deus
1180 2310 1371 2382 patrocinatus
1383 2315 1426 2364 est
1439 2309 1774 2382 eia,suscepitetglorill·

130 2400 215 2456 homo
229 2401 312 2455 caedit
327 2417 437 2455 servum
451 2417 534 2456 suum
555 2407 670 2472 propter
693 2406 839 2471 peccatum
854 2401 929 2473 quod
970 2401 1042 2457 cavit
1052 2417 1109 2466 cos,
1122 2400 1188 2472 quia
1197 2398 1420 2454 timebantaum.
1431 2398 1485 2464 Qui
1495 2399 1544 2454 dat
1553 2398 1683 2453 animam
1693 2416 1772 2455 suam

130 2489 196 2562 egit,
214 2488 281 2561 quid
293 2489 367 2543 dicet
379 2506 476 2544 servus
489 2489 536 2543 illc
562 2489 694 2558 (Append.
711 2491 806 2554 Mart,
823 2505 852 2543 n.
873 2487 930 2556 3th
970 2491 1038 2558 Dec,
1048 2489 1196 2545 nonhabet
1202 2489 1536 2562 propriamvoluntatem,
1546 2487 1597 2542 sed
1607 2495 1772 2562 exspectans

132 2577 206 2633 Dicit
218 2578 244 2632 ei
256 2594 360 2633 senen:
376 2578 405 2633 Si
421 2577 510 2632 bonus
523 2594 620 2632 servus
630 2583 682 2641 est,
693 2578 784 2633 dicet:
800 2577 928 2643 Peccavi,
971 2579 1021 2633 Dei
1033 2576 1181 2632 arbitrium
1196 2592 1253 2631 non
1274 2575 1392 2631 laborat.
1409 2577 1482 2631 Nam
1495 2576 1519 2631 si
1534 2581 1614 2631 tuam
1624 2577 1668 2631 vis
1683 2576 1773 2632 l'accre

131 2666 266 2720 miserere
278 2667 342 2719 mei.
359 2667 431 2721 Dicit
444 2667 470 2720 ei
489 2666 578 2721 irater
589 2686 595 2720 :
608 2667 685 2722 Nihil
702 2666 800 2722 aliudl
816 2667 890 2722 Dicit
904 2666 930 2722 ei
971 2668 1216 2733 voluntatem,non
1226 2670 1394 2737 cooperante
1409 2665 1607 2732 Deo,nimium
1624 2665 1768 2737 fatigaris.

134 2770 236 2809 senex:
254 2755 328 2811 Non.
342 2755 382 2809 Ex
399 2771 454 2826 quo
474 2755 548 2810 enim
560 2756 671 2827 culpam
686 2772 814 2828 superse
832 2772 933 2828 posue·
1006 2756 1034 2812 9.
1045 2755 1231 2827 Interrogavit
1237 2755 1323 2809 frater
1330 2754 1460 2810 abbatem
1471 2756 1633 2811 Pastorem:
1646 2756 1722 2820 Quid
1731 2760 1774 2811 est

133 2843 180 2910 rit,
197 2842 351 2898 etdixerit:
370 2844 494 2909 Peccavi‚
518 2845 614 2899 statim
629 2845 818 2901 misereturei
840 2845 931 2900 domi·
973 2846 1047 2919 quod
1072 2845 1274 2917 scriptumest
1297 2862 1304 2898 :
1329 2844 1422 2899 Nolite
1445 2844 1568 2916 cogitare
1591 2845 1627 2900 de
1650 2846 1774 2902 crastino

134 2949 188 2988 nus
201 2948 285 3001 suus;
301 2932 366 2987 linis
383 2939 478 2988 autem
491 2934 592 2988 horum
607 2939 719 2989 estnon
731 2935 859 3006 judicare
870 2951 933 3008 pro
974 2936 1080 3005 quatit.
1090 2934 1136 3002 vill
1153 2933 1226 2989 Dicit
1237 2933 1263 2989 ei
1271 2920 1356 2988 senex
1368 2952 1374 2987 :
1384 2934 1426 2988 Ad
1436 2933 1579 2989 hominem
1587 2934 1705 3007 respicit
1711 2935 1773 3001 hoc,

132 3022 240 3077 ximum
254 3038 348 3077 suum.
364 3022 482 3087 Quando
498 3024 573 3077 enim
587 3040 687 3079 manus
701 3023 812 3079 Domini
832 3023 964 3089 occiditss
973 3025 1022 3097 qui
1036 3024 1066 3079 in
1079 3023 1235 3079 tentatione
1249 3037 1292 3078 cst
1306 3023 1485 3090 constitutus,
1500 3028 1530 3077 et
1542 3023 1649 3090 delicit,
1672 3028 1705 3079 ut
1716 3040 1774 3080 non

136 3112 323 3184 primogenita
341 3111 371 3166 in
385 3116 461 3166 terra
474 3112 598 3184 AEgypti,
611 3130 668 3168 non
687 3119 749 3168 erat
771 3114 880 3179 domus,
902 3113 932 3168 in
972 3114 1076 3185 cogitet
1086 3118 1223 3185 quantum
1237 3112 1372 3184 temporis
1386 3112 1416 3167 in
1428 3128 1463 3168 ea
1477 3112 1602 3168 facturus
1610 3112 1660 3179 sit,
1667 3113 1716 3168 sed
1725 3129 1775 3187 po·

133 3216 189 3273 qua
203 3217 260 3256 non
271 3205 346 3255 esset
359 3206 488 3256 mortuus
504 3203 596 3269 (duod.
613 3216 674 3266 vni.
691 3201 766 3258 Dicit
781 3202 807 3257 ei
825 3203 930 3257 trater:
972 3204 1029 3258 tius
1044 3202 1119 3274 quod
1133 3202 1300 3257 hodiernum
1315 3208 1360 3256 est
1372 3206 1402 3257 ει
1419 3200 1625 3274 quotidianum,
1644 3201 1773 3259 futurum

134 3290 207 3354 Quid
222 3295 266 3345 est
277 3291 329 3344 hoc
343 3289 476 3345 verbum?
492 3291 647 3363 Respondit
660 3292 685 3346 ei
700 3308 802 3346 senex:
820 3291 892 3357 Quia
907 3291 933 3347 si
972 3293 1093 3348 libenter
1106 3291 1249 3364 suscipiat.
1453 3357 1455 3361 η

132 3379 364 3450 conspexerimus
379 3384 495 3450 peccata
507 3386 614 3447 nostra,
633 3397 689 3436 non
701 3380 856 3436 videbimus
871 3396 933 3452 pec·
1010 3381 1053 3437 10.
1069 3381 1255 3453 Interrogavit
1263 3380 1351 3436 lratcr
1359 3380 1487 3436 abbatem
1501 3382 1652 3449 loannem,
1667 3382 1773 3438 diceus:

136 3473 199 3522 cata
220 3467 350 3539 proximi.
375 3468 501 3523 Stultitia
524 3474 567 3524 est
592 3470 666 3525 enim
689 3470 797 3525 homini
818 3469 933 3525 habenti
974 3471 1119 3537 Quomodo
1133 3469 1774 3543 animahabcnspropriavulnera,nonerube·

135 3561 279 3611 mortuum
301 3573 393 3622 suum,
419 3558 517 3613 relicto
538 3575 571 3613 co
595 3559 638 3614 ire
661 3561 771 3614 etllere
790 3564 933 3614 mortuum
974 3561 1027 3616 scit
1036 3561 1184 3616 detrahere
1198 3560 1324 3632 proximo
1334 3560 1465 3615 suolCui
1475 3560 1621 3632 respondit
1633 3577 1776 3634 senexper

136 3644 257 3716 proximi
266 3645 319 3700 sui·
333 3646 403 3700 Mori
417 3651 512 3701 autem
524 3647 652 3718 proximo
673 3655 732 3715 tuo,
749 3649 802 3703 hoc
816 3654 859 3703 est
872 3665 935 3719 por·
976 3649 1153 3723 parabolam:
1167 3648 1237 3704 Erat
1245 3649 1360 3721 quidam
1368 3650 1451 3705 homo
1462 3665 1570 3722 pauper
1578 3649 1690 3707 habens
1704 3667 1775 3706 uxo·

135 3739 197 3788 tare
212 3739 327 3804 peccata
340 3740 399 3800 tua,
416 3741 444 3789 ct
457 3735 518 3789 sine
534 3736 661 3806 cogitatu
676 3753 737 3791 esse
752 3737 786 3791 ab
797 3738 874 3792 omni
886 3737 936 3792 ho·
978 3756 1053 3794 rem:
1067 3739 1114 3811 qui
1125 3755 1188 3794 cum
1199 3738 1314 3794 vidisset
1321 3739 1407 3794 aliam
1414 3740 1561 3795 mulierem
1572 3740 1773 3813 pulchriorem,

136 3823 223 3886 mine,
238 3823 305 3891 quia
318 3823 372 3876 iste
393 3823 482 3878 bonus
497 3829 549 3887 est,
566 3832 595 3879 ct
609 3825 656 3879 ille
677 3825 768 3880 malus
781 3831 832 3892 est,
848 3832 876 3881 et
899 3843 935 3882 ne
976 3828 1218 3900 etipsamquoque
1229 3828 1346 3884 sortitus
1356 3828 1614 3900 estinconjugium.
1629 3828 1776 3887 Emtae

135 3909 223 3964 facias
238 3911 344 3964 malum
360 3911 408 3965 alii
421 3911 538 3977 homini,
556 3929 648 3985 neque
662 3914 769 3985 cogites
789 3915 894 3970 malum
904 3915 935 3972 in
975 3923 1033 3972 tem
1044 3922 1178 3990 utraequae
1188 3917 1279 3972 nudae.
1292 3917 1347 3972 Sed
1359 3934 1423 3972 cum
1438 3918 1567 3974 essentia
1582 3918 1707 3990 quodam
1717 3919 1776 3975 loeo

138 3998 271 4068 aliquem,
288 4015 379 4071 neque
399 4000 537 4072 spreveris
560 4002 683 4074 aliquem
704 4003 852 4059 facientem
872 4021 935 4060 ma·
976 4007 1299 4078 nundinae,r0gaverunt
1313 4023 1378 4062 eum
1394 4006 1493 4075 amba,
1508 4006 1635 4063 dicentes
1649 4008 1776 4064 :Tecum

139 4086 208 4152 lum,
217 4103 309 4158 neque
319 4088 479 4158 acquiescas
495 4088 607 4145 facienti
617 4092 724 4147 malum
739 4093 864 4165 proximo
875 4100 934 4161 tuo,
978 4096 1074 4151 venire
1084 4096 1287 4151 desidemmus.
1299 4097 1374 4162 Quas
1386 4096 1500 4153 mittens
1515 4097 1606 4153 nudas
1618 4096 1651 4154 in
1660 4097 1776 4166 dolium,

137 4180 167 4230 ct
188 4175 245 4230 noli
268 4177 392 4247 gaudere
416 4194 479 4233 cum
501 4196 533 4234 co
548 4180 597 4251 qui
610 4180 677 4236 lacit
690 4183 795 4237 malum
809 4183 935 4254 proximo
977 4202 1041 4240 cum
1051 4184 1180 4242 navicula
1188 4185 1389 4253 transfretavit,
1400 4186 1779 4258 venitqueadlocum.Facta

137 4281 205 4332 suo;
222 4272 252 4320 et
266 4266 318 4322 hoc
332 4272 376 4322 est
389 4268 460 4322 mori
483 4269 609 4340 proximo
622 4275 681 4327 tuo.
699 4272 733 4326 Et
747 4271 804 4327 noli
819 4272 933 4345 obloqui
979 4280 1075 4330 autem
1085 4273 1212 4341 meridie,
1222 4291 1285 4329 curn
1296 4291 1353 4330 una
1362 4291 1460 4331 earum
1470 4276 1574 4347 populo
1582 4277 1732 4332 recedente
1741 4277 1779 4332 vi·

136 4353 173 4432 de
188 4354 293 4426 aliquo,
310 4356 360 4411 sed
378 4357 482 4413 dicito:
497 4358 569 4422 Quia
582 4360 657 4414 Deus
678 4361 820 4432 cognoscit
833 4378 934 4416 unum·
945 4350 1063 4418 Ddisset
1076 4362 1230 4430 silentium,
1246 4363 1351 4418 exilivit
1369 4364 1399 4419 in
1416 4364 1567 4435 quemdam
1585 4365 1681 4421 locum
1703 4365 1777 4421 dolio

139 4459 289 4514 quemque.
303 4445 367 4498 Noli
380 4462 446 4516 ergo
454 4445 567 4502 obedire
581 4449 749 4517 detrahenti,
765 4466 856 4522 neque
869 4467 935 4505 con·
977 4452 1098 4508 vicinum
1113 4453 1252 4518 velociter,
1269 4458 1297 4507 et
1311 4459 1419 4508 veteres
1435 4458 1520 4525 atque
1534 4455 1693 4510 conscissos
1706 4470 1789 4527 pan·¹

140 4532 266 4602 gaudeas
280 4533 305 4587 ei
321 4533 349 4587 in
359 4533 533 4591 detractione
548 4537 646 4608 ipsius.
662 4538 727 4592 Noli
734 4537 848 4594 obedire
862 4540 937 4594 oblo-
977 4557 1029 4596 nos
1041 4541 1184 4613 reperiens
1194 4558 1223 4596 se
1233 4541 1387 4613 praecinxit,
1398 4548 1426 4597 et
1435 4543 1779 4600 dehincliducialitexviss

139 4621 237 4691 quenti
252 4622 410 4693 proximum
430 4640 524 4687 suum,
547 4630 576 4679 et
595 4626 647 4681 hoc
662 4632 724 4681 cst:
742 4626 837 4683 Nolite
855 4628 933 4699 iudi·
977 4635 1021 4686 est
1034 4630 1188 4685 ambulare.
1204 4632 1302 4686 Altera
1315 4648 1380 4687 vero
1393 4632 1469 4687 nuda
1483 4632 1584 4688 sedens
1595 4632 1775 4699 intrinsecus,

141 4725 214 4775 care,
233 4718 262 4766 ct
275 4728 331 4766 non
342 4713 539 4782 judicabimini
552 4717 662 4786 (Mottb.
679 4718 737 4784 vul.
751 4715 815 4771 Non
833 4717 937 4774 habeas
978 4719 1088 4775 dicebat
1110 4721 1230 4776 marito:
1254 4721 1323 4776 Ecce
1338 4721 1471 4777 meretrix
1493 4721 1547 4776 ista
1564 4721 1644 4780 nuda
1662 4727 1715 4790 est,
1727 4739 1778 4779 nec

144 4796 305 4855 inimicitias
320 4818 383 4856 cum
399 4819 566 4875 quoeunque
575 4804 698 4869 homine,
712 4821 804 4878 neque
815 4806 938 4862 retineas
979 4809 1169 4865 contunditur.
1181 4809 1234 4865 Cui
1245 4810 1363 4866 maritus
1386 4826 1450 4867 cum
1470 4810 1567 4867 dolore
1576 4811 1618 4866 ait
1630 4831 1639 4869 :
1653 4812 1678 4869 0
1691 4813 1778 4869 mira·

140 4883 301 4943 inimicitias
312 4889 341 4945 in
355 4892 509 4961 cordetuo,
526 4910 618 4966 neque
626 4894 690 4950 odio
702 4894 806 4950 habeas
816 4913 880 4951 eurn
891 4896 939 4967 qui
979 4899 1073 4954 culum
1086 4917 1093 4967 ;
1108 4899 1167 4955 haec
1176 4904 1319 4972 utcunque
1328 4899 1520 4956 confusionem
1529 4917 1610 4955 suam
1622 4901 1777 4974 cooperuit,

142 4972 305 5031 inimicatur
313 4980 438 5050 proximo
445 4998 506 5049 suo,
516 4988 544 5037 et
553 4984 774 5039 nonconsentias
783 4984 939 5040 inimicitiis
979 4992 1010 5042 tu
1024 5005 1088 5042 vero
1102 4989 1227 5060 undique
1242 4989 1318 5043 nuda
1332 5005 1388 5044 non
1403 4988 1543 5045 erubescis
1557 4989 1674 5061 culpare
1689 4991 1732 5046 rel
1746 5007 1779 5047 ex

143 5059 241 5133 ipsius.
251 5064 315 5118 Noli
324 5067 466 5140 despicere
474 5087 538 5125 curn
548 5072 596 5144 qui
611 5071 939 5132 inimicitiashabetcum
979 5081 1060 5148 parte
1069 5077 1217 5132 vestitam?
1232 5078 1275 5133 lta
1285 5084 1328 5133 est
1338 5078 1585 5145 omnisdetractor,
1600 5079 1652 5151 qui
1666 5079 1779 5153 propria

142 5150 269 5221 proximo
283 5169 344 5221 suo,
369 5162 398 5210 et
421 5157 479 5213 haec
499 5166 542 5214 εει
556 5177 618 5232 pax,
636 5162 669 5217 ln
690 5162 733 5218 his
755 5162 938 5234 temetipsum
979 5165 1054 5220 mala
1067 5166 1239 5232 nonvidens,
1251 5167 1468 5239 alienasemper
1479 5173 1604 5223 accusat.

140 5240 301 5295 consolare:
321 5244 463 5300 modicum
482 5253 593 5321 tempus
618 5257 662 5305 est
680 5250 769 5319 labor,
795 5257 823 5306 ct
837 5252 938 5324 sempi·
954 5299 957 5305 .
1018 5252 1059 5311 ll.
1075 5255 1212 5311 Dixerunt
1226 5256 1340 5327 quidam
1353 5255 1454 5311 tratres
1467 5254 1695 5313 abbatillntonio
1706 5277 1714 5313 ι
1725 5257 1780 5313 Vo-

139 5333 221 5385 terna
233 5330 354 5403 requies,
368 5333 459 5403 gratia
472 5336 523 5391 Dei
541 5339 635 5395 Verbi.
648 5341 748 5395 Amen.
978 5343 1072 5399 lomus
1087 5361 1104 5398 a
1117 5350 1145 5398 tc
1169 5344 1267 5401 audire
1281 5344 1408 5412 verbum,
1429 5362 1483 5418 quo
1502 5345 1607 5401 salvari
1626 5347 1777 5420 possimus.

175 5415 202 5477 8.
212 5419 288 5476 Dixit
302 5421 373 5477 alius
384 5438 467 5478 senex
477 5444 485 5478 .·
497 5427 650 5499 Proptertc
662 5430 747 5485 homo
759 5431 886 5487 Salvator
894 5436 939 5489 est
978 5433 1056 5488 Tunc
1068 5449 1152 5489 senex
1165 5433 1206 5488 ait
1221 5451 1227 5487 :
1243 5435 1311 5490 Ecce
1332 5434 1492 5508 Scripturas
1512 5433 1644 5505 audatis,
1661 5435 1780 5493 sullldat

140 5513 224 5567 natus
234 5527 242 5580 ;
252 5517 369 5584 propter
378 5512 431 5569 hoc
441 5513 610 5574 venitFilius
619 5519 682 5591 Dei,
696 5525 728 5575 ut
736 5524 767 5577 tu
778 5521 935 5578 salvareris.
977 5521 1065 5579 vobis.
1077 5521 1132 5588 Qui
1146 5522 1296 5582 dixerunt:
1312 5524 1370 5594 Eta
1382 5523 1548 5583 terolumus
1562 5523 1676 5596 audire,
1686 5526 1777 5587 rao.
