3818 6120
146 247 220 306 tota
703 242 750 298 DE
768 240 863 298 vltis
881 238 1030 296 Parnon
1048 239 1155 297 LIBER
1173 241 1234 298 VII.
1720 245 1789 305 1060

149 376 227 431 tione
242 378 272 428 et
283 370 488 445 deprecatione,
511 383 575 424 cum
598 367 717 439 gemitu,
739 384 802 422 cum
821 367 980 440 puritateA
1270 367 1387 425 CAPUT
1403 369 1499 426 XLIV.

150 465 242 521 cordis
256 469 284 517 et
303 461 456 525 oculorum,
477 464 506 513 et
526 457 653 513 custodia
671 457 773 528 linguae
790 474 823 511 ec
843 472 948 511 sermo-
1023 458 1060 512 De
1073 459 1342 530 ineuitabilis-stt»)
1352 461 1495 516 duodecim
1506 461 1754 517 unccltoretarum.

150 553 265 619 numia
275 548 519 605 abrenuntiatione
528 564 623 602 rerum
633 545 948 611 materialiumdcside·
1022 546 1205 603 Anachorette
1219 548 1369 620 aliquando
1385 550 1536 621 sapientes,
1554 551 1645 606 sancti
1661 557 1692 606 et
1706 552 1787 624 spiri·

149 645 257 699 riorum
266 640 367 707 carnis,
383 638 581 693 cruciationem
593 636 728 691 habentes
741 637 772 690 in
782 636 944 699 certamine,
987 636 1067 704 tales,
1082 637 1228 692 duodecim
1243 655 1369 705 numero,
1381 641 1543 711 congregati
1557 642 1587 695 in
1602 641 1738 713 idipsum,
1747 659 1788 696 er-

149 733 179 788 in
193 729 365 787 continentia
374 727 494 800 spiritali
507 732 536 783 et
548 743 636 797 agone
647 742 757 797 pugna,
766 725 796 779 in
807 724 947 796 poeniten·
988 725 1157 797 petierunta
1171 728 1339 800 semetipsis,
1361 729 1455 784 dicere
1477 746 1716 803 unumquemque
1730 748 1788 802 qua

148 822 190 877 tia
204 827 233 876 et
247 821 334 886 luctu,
349 820 378 873 in
393 816 572 889 simplicitate
586 816 687 870 animm
703 821 731 869 et
743 814 944 880 taciturnitate,
988 815 1178 870 emendaverit
1198 817 1227 872 in
1247 817 1318 872 cella
1339 834 1400 887 sua,
1415 823 1444 874 et
1467 835 1552 891 quam
1573 806 1787 876 meditationem

147 910 178 965 iu
195 909 311 982 jejuniis
326 914 354 962 et
368 907 470 979 vigiliis
485 905 639 971 nocturnis,
657 905 686 958 in
705 904 867 976 operatione
888 920 947 957 ma·
987 905 1139 977 meditatus
1154 906 1191 960 sit
1205 906 1379 979 spiritaliter.

149 1017 248 1067 nuum,
264 998 418 1053 secundum
434 996 507 1067 quod
522 995 590 1049 dicit
601 993 745 1066 apostolus
757 993 947 1064 Paulusope·
1026 992 1050 1051 i.
1062 995 1097 1048 Et
1109 995 1179 1049 dixit
1191 996 1307 1066 primus,
1322 996 1369 1068 qui
1382 1001 1412 1052 et
1420 996 1515 1053 senior
1528 1012 1644 1053 eorum:
1658 999 1726 1070 Ego,
1737 998 1788 1054 fra·

148 1094 244 1144 rantes
259 1087 389 1142 manibus
398 1085 507 1151 vestris,
520 1084 548 1138 in
562 1083 635 1138 lame
651 1088 679 1137 et
689 1082 745 1148 siti,
756 1083 786 1137 in
800 1082 904 1153 frigore
919 1087 948 1136 et
987 1088 1055 1151 tres,
1073 1101 1106 1138 ex
1121 1100 1176 1155 quo
1192 1084 1262 1156 coepi
1287 1086 1443 1157 quiescere,
1462 1091 1553 1143 toturn
1578 1087 1706 1143 crucifixi
1733 1106 1787 1143 me·

149 1178 319 1244 nuditatem
326 1175 468 1231 laboribus
478 1172 650 1244 etaugustiis
659 1181 687 1227 et
695 1170 945 1243 persecutionibus,
987 1172 1081 1245 ipsum
1096 1173 1138 1227 his
1153 1190 1215 1245 quae
1231 1174 1403 1231 extrinsecus
1418 1182 1485 1231 sunt
1498 1176 1668 1244 actionibus,
1678 1178 1788 1232 remini-

147 1269 178 1325 in
191 1268 276 1323 toveis
292 1271 319 1321 et
340 1265 480 1337 speluncis
501 1269 529 1318 et
546 1261 672 1316 cavernis
688 1263 727 1328 lli
738 1263 798 1316 θον.
815 1260 864 1331 xi).
880 1261 947 1315 Esto
988 1278 1067 1316 scens
1078 1263 1151 1334 quod
1164 1264 1300 1335 scriptum
1321 1270 1364 1319 est
1379 1287 1386 1322 z
1402 1266 1603 1338 Dirumpamus
1616 1267 1730 1321 vincula
1745 1284 1788 1323 eo·

148 1359 239 1414 lactor
251 1356 337 1422 verbi,
348 1360 441 1410 ctnon
456 1353 568 1409 auditor
577 1357 688 1407 tantum
705 1351 772 1419 (dac.
785 1353 815 1420 ι),
828 1365 947 1421 operans
988 1368 1062 1418 rum,
1080 1357 1108 1406 et
1118 1352 1300 1424 proJ'iciamus
1315 1370 1332 1408 a
1346 1354 1427 1409 nobis
1439 1356 1541 1427 J'ugum
1555 1356 1683 1428 ipsorum
1705 1359 1785 1424 (Psoi.
1819 1368 1822 1375 '

148 1447 287 1503 talentum
302 1446 331 1499 in
345 1441 586 1516 duplum,habens
598 1446 705 1496 vestem
719 1439 884 1511 nuptialem,
901 1440 948 1493 tir-
989 1442 1029 1504 11).
1045 1442 1079 1496 Et
1096 1442 1173 1496 velut
1186 1459 1299 1499 mamm
1314 1444 1419 1499 iaciens
1432 1444 1643 1500 interanimum
1654 1450 1683 1500 et
1695 1462 1788 1518 corpo-

150 1543 244 1593 matus
258 1551 344 1606 supra
357 1535 469 1588 sirmam
488 1537 608 1605 petram.
988 1531 1062 1586 vales
1076 1536 1164 1598 actus,
1178 1532 1233 1586 dixi
1247 1533 1277 1587 in
1288 1539 1382 1588 mente
1401 1551 1465 1588 mea
1482 1553 1488 1588 :
1504 1535 1751 1599 Quemadmodum
1764 1536 1789 1590 is

185 1628 411 1697 Eleemoanact
399 1623 495 1678 tssdes
509 1638 566 1676 uon
581 1627 609 1676 te
624 1618 857 1691 derelinquant¹
868 1618 949 1689 Cogi·
989 1620 1037 1691 qui
1051 1621 1126 1676 intra
1141 1638 1255 1677 murum
1267 1628 1319 1689 est
1335 1627 1456 1679 stantem
1470 1623 1539 1679 soris
1552 1640 1609 1679 non
1628 1624 1725 1695 videt3
1751 1625 1789 1680 sic

148 1722 212 1772 tans
227 1720 270 1770 es
271 1732 296 1779 o
314 1712 391 1768 omni
405 1713 450 1767 die
461 1718 582 1766 mortem
595 1710 713 1764 vicinam
728 1726 810 1764 esse:
824 1714 853 1764 et
867 1707 947 1779 quasi
962 1725 1039 1790 Buec
1053 1715 1085 1765 tu
1099 1711 1168 1765 velis
1186 1712 1338 1767 exteriores
1352 1717 1433 1768 actus
1448 1713 1584 1785 aspicere,
1603 1713 1655 1768 sed
1668 1714 1788 1786 teipsum

145 1803 343 1878 jamelausus
336 1818 366 1858 m
380 1775 574 1866 monumento,
586 1799 657 1854 nihil
667 1800 701 1854 de
716 1799 768 1853 hoc
783 1798 883 1853 saecuio
898 1815 947 1852 cu·
988 1799 1108 1867 intuere,
1123 1801 1264 1856 sustinens
1276 1802 1400 1873 quotidie
1411 1819 1491 1874 spem
1498 1803 1559 1857 Dei.
1571 1803 1617 1858 Sic
1631 1808 1730 1858 autem
1744 1804 1791 1858 ba·

37 1929 40 1934 ·
148 1911 203 1963 res,
220 1895 287 1966 quia
300 1891 457 1947 sollicitudo
472 1890 566 1945 saeculi
576 1895 604 1944 et
621 1887 759 1960 cupiditas
774 1887 945 1954 divitiarum,
988 1888 1052 1944 beto
1065 1890 1202 1961 malignas
1216 1892 1400 1961 cogitationes
1414 1897 1464 1947 aut
1485 1891 1574 1947 malas
1589 1893 1791 1964 concupiscen-

147 1985 280 2040 haecsunt
293 1998 390 2053 spinae,
400 1997 470 2052 quas
480 1979 615 2034 Dominus
625 1994 721 2033 cavere
736 1977 824 2032 dixit
818 1994 846 2031 in
857 1978 947 2032 Evau-
988 1978 1053 2045 tias,
1084 1979 1157 2033 sicut
1189 1980 1328 2051 serpentis
1354 1987 1383 2036 et
1409 1981 1589 2054 scorpionum
1617 1982 1738 2052 prolem.
1763 1980 1791 2036 Si

147 2075 232 2146 gelio,
245 2089 306 2144 quae
317 2071 421 2125 bonum
431 2086 527 2124 semen
538 2067 754 2142 suffocantituc.
766 2066 837 2135 vui).
850 2065 948 2122 Inedia
989 2067 1100 2138 quando
1115 2073 1211 2123 autem
1226 2086 1274 2124 eas
1284 2069 1315 2125 in
1330 2071 1413 2125 corde
1432 2087 1495 2125 meo
1510 2070 1588 2126 nasci
1602 2087 1731 2137 sensero,
1748 2076 1790 2126 at-

149 2179 288 2229 escarum,
301 2160 446 2216 humilitas
457 2163 486 2214 et
494 2159 586 2213 luctus
599 2174 655 2212 nou
669 2157 870 2222 recedantate,
882 2156 948 2227 quia
988 2157 1107 2212 tendens
1122 2158 1184 2212 illas
1192 2175 1257 2214 cum
1269 2160 1487 2215 comminatione
1500 2166 1529 2215 et
1537 2160 1581 2214 ira
1592 2160 1717 2215 arefacio
1725 2177 1789 2227 eas;

147 2252 285 2309 Dominus
301 2249 418 2322 dissipat
433 2265 497 2303 ossa
518 2247 666 2302 hominum
689 2246 742 2301 sibi
764 2245 944 2318 placentium.
988 2261 1178 2317 necunquam
1193 2263 1280 2313 cesso,
1297 2248 1421 2304 irascens
1437 2248 1547 2321 corpori
1560 2254 1588 2303 ct
1604 2249 1696 2304 menti
1710 2265 1788 2316 mea,

67 2394 74 2403 ,
148 2343 243 2399 Timor
258 2339 335 2396 omni
351 2340 421 2394 hora
436 2337 645 2410 permanentia
663 2341 701 2401 te,
729 2334 948 2405 sicutscriptum
988 2352 1024 2390 ne
1039 2335 1105 2406 quid
1118 2352 1236 2407 pravum
1250 2336 1343 2391 iaciat.

148 2438 208 2488 est:
224 2432 343 2502 Propter
353 2429 485 2482 timorem
497 2433 587 2491 tuum,
598 2425 726 2491 Domine,
741 2425 770 2478 in
785 2428 866 2479 utero
881 2439 948 2477 con·
1023 2423 1260 2482 2.Secundusait:
1275 2427 1332 2497 Ego
1343 2426 1678 2500 dixi,exquorenuntiavi
1688 2433 1786 2484 terra:

150 2520 285 2593 cepimus,
293 2523 322 2573 et
332 2517 481 2582 doluimus,
492 2521 520 2571 et
534 2514 694 2586 peperimus
702 2513 832 2584 spiritum
849 2512 948 2567 salutis
990 2513 1079 2569 Hodie
1094 2520 1209 2570 renatus
1224 2532 1263 2579 es,
1280 2516 1363 2571 hodie
1379 2517 1603 2595 coepistiflservire
1619 2518 1689 2585 Deo,
1707 2519 1788 2574 bodie

147 2612 238 2682 (isaie
252 2610 338 2675 xxvi).
355 2607 421 2661 llaec
435 2621 511 2676 ergo,
528 2609 557 2659 et
572 2604 596 2658 si
611 2619 667 2674 qua
678 2602 734 2657 alia
747 2603 837 2656 virtus
851 2606 903 2666 est,
919 2601 947 2655 iu
989 2603 1035 2658 hic
1042 2603 1200 2659 inhabitare
1210 2605 1318 2676 coepisti
1330 2621 1335 2656 :
1348 2606 1388 2660 sic
1397 2612 1457 2661 esto
1469 2607 1594 2678 quotidie
1611 2608 1788 2679 peregrinus,

148 2697 193 2753 his
207 2696 349 2768 prospicc3
365 2699 395 2748 et
410 2710 445 2748 ne
467 2699 496 2748 te
511 2707 657 2747 mensures
677 2708 742 2746 cum
761 2690 881 2762 magnis,
898 2694 948 2745 aut
988 2700 1017 2748 et
1031 2695 1153 2750 crastino
1165 2695 1336 2751 liberandus.
1353 2697 1412 2751 Hoc
1430 2697 1501 2752 mihi
1520 2697 1648 2769 quotidie
1660 2700 1788 2754 consule·

146 2788 257 2859 justum
271 2784 450 2851 teaestimcs3
466 2781 821 2837 sedtecrcdeinferiorem
836 2785 949 2836 essetu-
988 2782 1064 2841 bam.
1125 2824 1129 2828 -

148 2875 205 2931 tius
217 2873 459 2940 creaturae,'idest,
478 2871 603 2925 viliorem
620 2870 716 2942 quovis
724 2870 837 2925 homine
852 2887 948 2942 pecca·
1023 2872 1050 2930 3.
1067 2873 1179 2929 Tertius
1194 2874 1284 2930 dixit:
1300 2875 1358 2946 Ego
1377 2875 1499 2932 diluculo
1513 2877 1636 2933 ascendo
1650 2877 1688 2933 ad
1703 2877 1789 2932 Deum

148 2970 220 3021 tore.
237 2964 291 3029 Qui
306 2980 336 3018 sc
351 2962 493 3017 existimat
511 2960 617 3032 aliquid
635 2976 706 3027 esse,
723 2977 787 3014 cum
805 2959 876 3014 nihil
898 2960 944 3025 sit,
954 2979 1099 3072 Cmeum,
1116 2968 1145 3019 ct
1159 2962 1461 3037 adoransillum,jaeto
1472 2984 1518 3022 mc
1528 2966 1670 3023 infaciem
1685 2983 1788 3033 meam,

147 3055 208 3126 ipse
223 3071 252 3108 se
262 3052 372 3107 seducit
383 3052 539 3120 (natatu).
552 3050 615 3105 Non
630 3049 766 3121 dijudices
774 3048 945 3120 proximum,
987 3053 1144 3107 confitendo
1159 3053 1255 3124 culpas
1268 3070 1363 3121 meas;
1391 3059 1419 3109 et
1439 3055 1481 3109 sic
1502 3055 1687 3123 descendens,
1703 3055 1788 3111 adoro

148 3139 482 3214 nequedespiciasalicna
492 3138 836 3209 delinquentium,sedtua
845 3139 946 3210 plange
987 3142 1101 3212 angelos
1114 3142 1174 3209 Dei,
1186 3159 1290 3213 rogans
1303 3142 1366 3198 illos
1375 3144 1534 3216 supplicare
1549 3146 1608 3200 Deo
1622 3162 1675 3217 pro
1690 3161 1746 3211 me,
1761 3150 1789 3199 et

148 3230 342 3304 peccata,etdc
352 3228 455 3284 nullius
469 3227 591 3282 hominis
601 3231 666 3281 actu
679 3226 815 3281 sollicitus
824 3226 870 3281 sis.
879 3228 945 3283 Esto
987 3233 1388 3288 omuemcreaturam.Etcum
1398 3234 1452 3287 ista
1458 3233 1659 3305 adimplevero,
1671 3234 1744 3289 vado
1753 3233 1789 3289 ad

146 3326 312 3376 mansuetus
326 3319 437 3390 spiritu,
453 3323 482 3372 et
493 3333 549 3372 non
561 3316 806 3371 iracundus-Nihil
820 3316 849 3370 in
862 3317 945 3372 corde
986 3319 1119 3393 abyssum
1131 3341 1138 3389 3
1154 3327 1184 3376 et
1196 3321 1263 3392 quid
1273 3321 1363 3378 Judaei
1375 3323 1490 3390 faciunt,
1518 3323 1705 3395 ierosolymis
1719 3339 1787 3378 cun·

92 3399 98 3414 ⁴
147 3415 207 3477 tuo,
227 3425 319 3481 neque
334 3407 439 3472 odium,
456 3422 548 3491 neque
566 3412 664 3460 contra
680 3405 825 3461 inimicum
840 3405 946 3477 aliquid
987 3413 1038 3474 tes,
1055 3409 1233 3465 concidentes
1248 3428 1287 3477 se,
1301 3416 1331 3466 et
1348 3413 1536 3484 lacrymantes
1547 3429 1579 3468 ac
1592 3413 1726 3484 lugentes
1740 3428 1785 3466 ca·

147 3500 208 3555 sine
220 3515 305 3554 causa
318 3496 441 3551 habeas:
458 3512 549 3566 neque
561 3495 697 3567 despicias
706 3511 772 3550 eum
786 3496 816 3549 in
832 3495 947 3550 tribula·
988 3515 1049 3552 sum
1064 3504 1178 3570 patrum
1192 3516 1319 3567 suorum,
1339 3501 1393 3555 boc
1413 3518 1465 3572 ego
1484 3501 1624 3556 circuiens
1643 3506 1673 3556 et
1691 3517 1787 3574 exspe-

147 3588 224 3645 tione
243 3589 314 3659 eJ'us,
332 3602 424 3658 neque
439 3584 540 3639 reddas
554 3585 660 3638 malum
671 3585 814 3655 promulo,
825 3585 873 3639 scd
887 3590 946 3639 esto
988 3591 1077 3653 ctans,
1093 3588 1207 3660 propria
1232 3588 1361 3644 membra
1382 3589 1531 3646 tormentis
1551 3589 1652 3657 subdo,
1676 3594 1787 3646 etcum

146 3677 279 3750 pacificus
288 3692 353 3730 cum
364 3673 493 3729 omnibus
503 3693 508 3727 :
520 3673 573 3727 hoc
593 3679 636 3727 cst
653 3672 792 3728 vinculum
803 3673 947 3745 perfectio·
988 3676 1163 3748 plorantibus
1178 3678 1267 3749 ploro.

148 3767 202 3821 nis.
217 3768 281 3822 Non
296 3771 324 3819 te
338 3764 436 3818 credas
450 3761 556 3816 malum
576 3761 698 3828 facienti,
718 3779 810 3834 neque
822 3780 947 3834 congau·
1025 3767 1051 3820 4.
1069 3766 1192 3830 Quartus
1205 3767 1266 3822 ait:
1282 3768 1340 3839 ligo
1353 3769 1393 3824 sic
1411 3785 1483 3835 sum,
1498 3767 1605 3824 acsiin
1616 3773 1716 3825 monte
1735 3769 1789 3825 Oli·

148 3856 215 3910 deas
228 3853 253 3908 ei
268 3853 315 3924 qui
327 3851 392 3905 fecit
406 3850 532 3921 proximo
546 3850 726 3905 anomalum.
741 3851 804 3906 Non
815 3851 947 3907 detrahas
988 3872 1084 3910 varum
1097 3856 1197 3910 sedens
1212 3873 1276 3911 cum
1291 3858 1410 3913 Domino
1422 3864 1452 3914 et
1461 3858 1606 3930 discipulis
1613 3861 1786 3929 osssejus.

149 3943 213 3999 aliis
228 3941 295 4013 quia
308 3940 383 3995 Deus
395 3938 481 4010 judex
502 3944 530 3993 et
546 3938 627 3993 testis
649 3943 692 3994 est
705 3939 734 3995 iu
749 3939 888 3996 omnibus.
904 3943 946 3997 Ne
988 3944 1023 3999 Et
1034 3944 1090 3999 dixi
1103 3945 1172 3999 mihi
1187 3963 1193 3999 :
1210 3945 1326 4001 Nullum
1341 3963 1476 4018 agnoscas
1491 3947 1647 4002 secundum
1663 3964 1787 4009 carnem.

150 4031 243 4087 oderis
254 4030 377 4102 aliquem
387 4032 502 4100 propter
510 4033 654 4100 peccatum
662 4030 802 4101 ejus,quia
811 4031 946 4103 scriptum
989 4034 1039 4088 sed
1052 4050 1116 4089 cum
1139 4035 1184 4090 his
1207 4040 1266 4090 esto
1290 4053 1402 4108 semper
1428 4036 1548 4092 coelestis
1567 4036 1788 4092 conversationis

147 4126 191 4176 ast
206 4141 212 4176 ι
228 4118 946 4193 NoliteJudicare,utnonjudicemiui(dictita..u11).
989 4122 1123 4190 imitator,
1137 4124 1210 4179 sicut
1221 4123 1295 4180 bona
1304 4126 1394 4180 Maria
1408 4126 1620 4197 Magdalennad
1629 4126 1787 4198 pedeslesu

146 4212 220 4268 Dum
235 4210 323 4265 aliurn
343 4208 450 4279 arguis,
468 4208 529 4262 vide
540 4224 574 4262 ae
589 4209 687 4280 pejora
701 4209 869 4264 committas.
885 4211 947 4265 Non
989 4213 1098 4279 sedenS,
1115 4219 1144 4267 et
1155 4213 1239 4269 verba
1252 4216 1314 4285 eJus
1329 4215 1457 4271 audiens.
1469 4214 1640 4271 Efficiamini
1654 4216 1748 4271 sancti
1762 4218 1788 4269 et

70 4340 75 4348 -
149 4300 287 4373 despicias
301 4303 473 4372 peccantem,
490 4298 539 4352 sed
553 4314 603 4352 ora
617 4315 667 4369 pro
685 4298 743 4365 illo,
762 4306 795 4354 ut
811 4300 886 4354 Deus
906 4299 947 4354 illi
954 4302 1104 4432 perfecti
1115 4302 1188 4357 sicut
1198 4308 1227 4358 et
1236 4303 1321 4358 Pater
1330 4310 1423 4359 vester
1436 4321 1484 4377 qur
1495 4321 1524 4359 in
1538 4304 1786 4369 coelisestiliottb.

146 4389 419 4446 detconversionem
434 4386 690 4458 adpoeniteutiam3
707 4372 980 4442 etsiaudierisdeD
989 4391 1025 4460 v)
1042 4391 1086 4459 Et,
1111 4391 1214 4446 Discite
1229 4408 1247 4446 a
1262 4409 1316 4460 me,
1339 4393 1407 4464 quia
1430 4394 1507 4448 mitis
1525 4410 1590 4448 sum
1619 4399 1648 4448 et
1675 4393 1788 4449 humilis

147 4481 241 4552 aliquo
252 4477 326 4550 quod
337 4476 425 4546 ngat
419 4476 527 4546 iniqua,
540 4475 678 4546 responde
686 4476 799 4530 dicens
812 4475 948 4547 Nunquid
988 4480 1071 4534 corde
1088 4481 1193 4550 (Mutila
1209 4485 1258 4550 xi).

126 4615 132 4636 ,
148 4585 200 4641 ego
214 4569 316 4622 horum
327 4582 388 4620 sum
400 4564 504 4635 judex?
513 4565 596 4619 homo
605 4582 667 4620 sum
677 4570 948 4636 peccator,mortuus
1026 4570 1051 4623 5.
1068 4569 1189 4634 Quintus
1200 4570 1240 4624 ait
1252 4586 1258 4621 :
1271 4570 1328 4640 Ego
1343 4571 1458 4642 angelos
1472 4571 1587 4644 aspicio,
1605 4572 1787 4627 ascendeutes

147 4675 209 4716 aum
218 4656 337 4731 peccatis
350 4654 430 4709 meis.
443 4654 570 4709 Mortuus
580 4655 655 4709 caim
667 4671 781 4709 causam
792 4671 849 4709 non
862 4655 949 4711 habet
989 4663 1018 4712 et
1029 4658 1230 4713 descendentes
1245 4659 1280 4712 ad
1299 4661 1473 4715 vocationem
1486 4662 1659 4727 animarum,
1677 4667 1708 4716 et
1720 4678 1787 4716 sem·

147 4765 244 4803 curare
255 4763 305 4818 pro
317 4744 421 4816 aliquo.
435 4743 488 4807 Qui
504 4743 563 4798 haec
576 4744 671 4798 omnia
681 4750 814 4814 procurat
829 4750 858 4799 et
872 4745 947 4816 cogi-
986 4764 1037 4819 per
1061 4748 1146 4802 linem
1164 4764 1258 4802 meum
1278 4749 1417 4820 opperior,
1443 4750 1560 4805 dicens:
1580 4751 1720 4806 Paratum
1743 4765 1788 4806 cor

145 4842 198 4904 tat,
214 4835 359 4908 operarius
374 4839 418 4889 est
431 4833 523 4888 omnis
545 4833 672 4904 justitiae,
693 4834 760 4888 dum
780 4835 814 4889 de
834 4835 945 4890 Christo
987 4853 1082 4892 meum
1091 4837 1174 4902 Deus,
1192 4843 1322 4908 paratum
1336 4855 1492 4893 cormeum
1508 4841 1594 4907 (Psoi.
1606 4850 1682 4908 nvn).

48 4938 49 4943 ’
147 4925 324 4997 redemptore
335 4923 576 4996 nostropropbeta
591 4923 747 4992 denuntiet,
763 4925 872 5002 diceus:
888 4925 946 4996 Ego
1023 4926 1050 4981 6.
1066 4926 1141 4980 Dixit
1148 4932 1257 4982 sextus:
1270 4927 1327 4997 Ego
1336 4944 1386 4998 per
1395 4928 1455 4984 dies
1471 4928 1598 5000 singulos
1605 4929 1695 4985 statui
1707 4927 1786 4984 verba

147 5020 242 5069 autem
256 5030 318 5068 sum
333 5013 443 5081 vermis,
456 5019 484 5067 et
498 5030 553 5068 non
564 5013 648 5068 homo
665 5013 946 5084 {Psol.ax1).lltalius
987 5032 1050 5071 mea
1065 5015 1155 5070 audiri
1166 5032 1183 5069 a
1196 5016 1326 5082 Domino,
1343 5022 1445 5087 putans
1469 5017 1539 5071 mihi
1552 5017 1609 5072 dici
1626 5036 1632 5072 ε
1649 5018 1785 5073 Laborate

145 5103 284 5179 propheta
298 5100 428 5158 Habacuc
442 5102 510 5156 dicit
523 5121 529 5156 :
541 5103 625 5175 Lapis
634 5103 668 5157 de
682 5104 789 5174 pariete
803 5103 943 5169 clamavit,
986 5110 1102 5177 propter
1116 5122 1170 5170 me,
1183 5110 1271 5175 etego
1287 5106 1429 5176 quiescere
1440 5105 1608 5162 iaciamvos.
1619 5106 1722 5164 Adbuc
1732 5123 1786 5162 mo·

146 5199 175 5249 et
189 5188 339 5247 scarabeus
351 5191 386 5244 de
396 5191 472 5261 ligno
485 5190 610 5262 loquitur
621 5192 730 5259 (Hebae.
746 5194 778 5260 ιι)
791 5211 798 5249 r
814 5209 865 5246 nos
879 5208 945 5247 vero
986 5195 1080 5249 dicum
1095 5195 1246 5258 decertate,
1258 5199 1287 5249 ct
1299 5194 1427 5249 videbitis
1440 5196 1563 5251 salutare
1575 5212 1675 5251 meum
1690 5203 1720 5251 et
1733 5197 1786 5268 glo·

144 5279 257 5339 durnin
272 5276 368 5332 multis
381 5279 552 5346 extollimur,
567 5280 596 5334 in
611 5280 707 5335 multis
716 5282 943 5353 supplantamur.
986 5284 1058 5338 riam
1071 5299 1173 5337 meam.
1192 5283 1221 5338 Si
1235 5283 1353 5355 diligitis
1374 5301 1429 5353 me,
1450 5285 1473 5339 si
1496 5285 1548 5339 tilii
1570 5285 1627 5340 mei
1647 5287 1728 5353 estis,
1753 5283 1784 5339 sd

146 5371 200 5437 Qui
214 5385 279 5424 vero
293 5367 353 5421 haec
374 5367 503 5432 custodit,
518 5369 586 5423 vivit
607 5370 659 5424 sub
680 5371 773 5441 gratia
795 5376 823 5425 et
840 5371 943 5427 virtute
984 5373 1098 5427 Patrem
1118 5377 1249 5443 rogantes
1273 5373 1456 5428 revertimini.
1471 5375 1501 5430 si
1522 5373 1697 5430 matresmei
1711 5375 1781 5439 estis,

144 5458 259 5521 Domini
274 5455 361 5513 nostri
373 5456 388 5510 J
390 5471 439 5509 esu
451 5456 565 5512 Christi.
984 5461 1140 5517 erubescite
1150 5478 1201 5533 pro
1213 5463 1509 5534 me‚quemadmodum
1517 5469 1691 5537 proptervos
1700 5464 1783 5520 multa

183 5585 193 5629 ¹
212 5582 297 5658 auu,
312 5580 360 5643 lib.
375 5593 419 5652 111,
437 5597 466 5640 n.
482 5578 818 5660 20651>e1ag,1ibe11.x,
834 5602 863 5642 u.
880 5585 925 5658 63,
940 5586 1054 5645 nomine
1070 5587 1193 5662 Moysis,
1209 5587 1338 5662 Append.
1354 5589 1448 5664 Mart,
1462 5604 1541 5648 num.
1558 5587 1623 5649 too.
