3818 6120
136 249 189 308 305
589 254 674 309 VITA
693 255 821 310 saucii
840 255 992 310 lOANNlS
1011 258 1313 313 ELEEMOSYNARII.
1723 265 1776 327 Μή

136 376 211 430 onim
234 378 419 433 sanctissimae
430 379 553 433 ecclesia
568 378 870 449 comprehendentibus
884 378 1124 437 vio-Amandarit
1137 380 1206 434 mihi
1221 381 1357 435 Dominus
1373 398 1452 435 rneus
1462 388 1490 437 et
1504 384 1630 439 onmium
1649 386 1777 442 Ohristus

135 465 240 519 lentam
261 466 392 531 hiemem,
414 468 443 521 in
470 469 530 522 loco
546 468 593 538 qui
607 467 753 521 dicebatur
767 468 853 521 Adria
870 465 932 536 til),
976 470 1142 540 Deuslloort
1168 473 1205 538 x).

136 555 318 624 projecerunt
327 555 423 610 omnia
433 573 493 619 sua,
506 573 569 627 qua
578 573 661 609 noves
673 556 822 626 portabant
833 576 839 621 3
855 562 936 609 orant
1013 561 1080 612 Osa.
1091 560 1225 613 xxix-
1233 559 1386 613 Districtus
1397 562 1509 630 quidam
1516 558 1600 616 abhis
1609 563 1656 634 qui
1662 565 1775 635 pensio-

135 658 198 697 raro
213 658 313 699 omnes
326 660 412 699 naves
425 645 519 699 simul.
532 646 600 699 Erat
611 652 706 698 autem
721 661 832 698 summa
847 646 936 698 multa
978 663 1042 701 nem
1054 647 1211 717 exigebant,
1227 664 1289 701 cum
1313 665 1368 701 non
1383 648 1499 703 haberet
1521 647 1595 721 quod
1611 651 1692 706 daret
1706 653 1776 723 <erat

134 731 213 786 valde
224 733 408 787 enthecarum
428 750 544 788 suarum
556 753 563 798 ;
580 733 722 787 habebant
736 735 812 787 enim
826 738 937 787 tantum
979 735 1775 809 enimregioinmagnadiflrcultate,eoquodfluviusNilus

132 821 304 876 uestimenta
330 829 358 876 et
386 829 547 895 agentum,
564 830 592 876 et
615 823 684 876 alius
707 840 752 876 res
766 822 889 887 altiores,
907 828 938 876 ut
979 825 1774 902 secundumconsuetudinemnonirrigaretaquiaterram)

131 912 462 982 computareturpondus
474 912 547 983 quod
558 912 642 966 iritin
655 912 841 982 perditionem
851 928 938 982 quan·
978 912 1038 984 ipsc
1053 912 1321 984 abiensdeprecatus
1330 921 1374 969 cst
1388 915 1486 968 ducem
1498 917 1647 986 quemdam
1657 935 1774 990 magua·

130 1000 225 1054 titatis
245 1001 473 1056 centenariorum
488 1001 606 1071 triginta
622 1009 752 1073 quatuor.
774 1002 840 1055 Plus
862 1002 936 1055 enim
978 1008 1081 1068 toroni,
1095 1008 1126 1056 ut
1134 1009 1246 1057 mutuas
1255 1002 1308 1057 sibi
1318 1004 1398 1057 daret
1408 1004 1614 1076 quinquaginta
1627 1007 1712 1062 libras
1722 1024 1773 1063 au-

130 1094 217 1144 erant
235 1107 321 1160 quam
330 1091 466 1145 tredecim
476 1107 570 1154 nares,
582 1090 724 1162 capientes
746 1108 797 1162 per
812 1091 937 1160 singulas
978 1091 1002 1144 ri
1015 1109 1021 1156 ;
1037 1099 1065 1145 ct
1080 1090 1191 1145 dicebat
1203 1109 1233 1145 sa
1248 1091 1315 1146 dare
1328 1092 1457 1162 pignora,
1472 1092 1495 1146 si
1505 1094 1597 1160 vellet,
1614 1095 1773 1167 dupla.Re-

127 1178 232 1233 docem
253 1179 343 1233 millia
358 1180 529 1234 modiorum.
550 1174 732 1234 Venientibus
748 1180 938 1233 vercAlcxan·
977 1180 1108 1252 promisit
1122 1197 1188 1250 ergo
1203 1181 1258 1235 dux
1268 1180 1335 1235 dare
1349 1181 1383 1245 oi,
1400 1182 1436 1235 ad
1450 1185 1772 1253 prmseasxerodistulit.

128 1267 227 1321 driam
234 1267 459 1338 etpergentibuS,
468 1269 564 1322 statim
574 1268 675 1338 reliqui
685 1268 836 1322 creditores
845 1268 936 1339 etpri·
978 1268 1158 1323 Exactoribus
1174 1286 1241 1339 ergo
1252 1271 1510 1340 constringentibus
1525 1288 1599 1338 eum,
1615 1273 1692 1327 vadit
1703 1273 1774 1345 ipsa,

128 1356 171 1410 mi
180 1362 279 1411 nautae
288 1357 317 1410 in
328 1357 476 1410 ecclesiam
484 1358 801 1427 confugeruntSanctus
809 1374 874 1411 vero
884 1358 936 1411 boc
978 1364 1009 1412 ut
1024 1358 1115 1411 on'mis
1128 1359 1164 1412 ad
1176 1365 1376 1430 portumaquo
1389 1360 1482 1414 cuncti
1497 1360 1680 1432 recipiuntur,
1697 1362 1774 1417 vide-

128 1445 265 1509 audlena
278 1452 426 1500 etrausam
440 1452 649 1517 propterquam
660 1445 936 1516 fugerant,mittiteis
978 1447 1043 1501 lieet
1055 1447 1089 1500 ad
1099 1447 1278 1502 mitissimum
1291 1449 1440 1518 etdignum
1454 1449 1643 1505 admiratione
1653 1451 1774 1520 patriar-

128 1532 389 1587 verbummanibus
399 1533 458 1588 suis
468 1532 777 1604 conscriptum,habens
787 1533 844 1586 ita:
859 1533 936 1586 «Do
977 1535 1067 1589 eham.
1086 1537 1120 1589 Et
1134 1536 1259 1589 nondum
1282 1553 1353 1606 pene
1372 1536 1515 1607 propriam
1538 1539 1734 1594 necessitatem
1749 1541 1775 1596 ei

131 1622 231 1677 minus
246 1621 334 1686 dedit,
349 1621 469 1689 tratres;
484 1621 630 1696 Dominus,
646 1627 679 1676 ut
694 1620 789 1685 voluit,
800 1618 934 1688 abstulit;
977 1631 1150 1688 narraverat,
1158 1625 1228 1678 dixit
1234 1632 1347 1679 sanctus
1355 1625 1391 1679 ad
1397 1642 1475 1679 eum:
1488 1626 1541 1694 Do,
1553 1621 1601 1691 nli,
1610 1626 1634 1680 si
1642 1628 1774 1694 volueris,

131 1711 209 1765 sicut
219 1710 340 1764 Domino
351 1711 465 1782 placuit,
478 1711 517 1765 ita
529 1710 631 1764 factum
648 1715 690 1763 est
702 1728 707 1761 :
720 1709 756 1762 sit
767 1725 870 1763 nomon
884 1692 967 1762 Deli
976 1718 1006 1767 et
1020 1730 1074 1784 quo
1090 1714 1201 1780 vestior,
1217 1714 1423 1768 vestimentum.
1441 1715 1552 1768 Etenim
1567 1732 1630 1769 cum
1650 1716 1775 1771 admira·

133 1800 207 1854 mini
214 1799 655 1866 benedictum(lobilllxiteffllii,
666 1798 832 1853 nihilexhoc
840 1797 933 1852 veriti:
976 1801 1142 1856 bilibussuis
1151 1802 1267 1856 boniset
1277 1802 1329 1856 hoc
1340 1802 1511 1873 possidebat,
1528 1804 1666 1874 quodnon
1680 1809 1775 1876 posset

134 1888 275 1943 Dominus
287 1889 363 1943 anim
373 1888 509 1943 sollicitus
518 1889 573 1942 crit
590 1888 767 1942 decrestino.
781 1883 938 1941 »Ascendit
976 1891 1070 1945 videro
1090 1891 1213 1961 aliquem
1238 1891 1272 1944 do
1287 1891 1502 1946 necessitatibus
1516 1892 1730 1964 lacrymantem,
1746 1899 1775 1951 et

135 1977 234 2048 itaquo
247 1992 317 2048 pone
330 1978 478 2033 dimidium
493 1977 613 2032 civitatis
622 1977 651 2030 in
662 1982 814 2031 secretum:
825 1976 869 2030 die
884 1991 935 2030 au·
977 1982 1034 2034 non
1044 1980 1140 2033 statim
1151 1996 1180 2033 se
1186 1979 1306 2050 propriis
1318 1979 1424 2050 rigaret
1434 1980 1578 2052 lacrymis:
1591 1971 1700 2036 undeet
1710 1999 1775 2037 nrox
1859 1966 1861 1973 ’

136 2071 195 2120 tem
216 2067 306 2121 altero
320 2067 444 2121 volentes
460 2065 513 2138 (7‘3l
531 2066 669 2121 consolari
693 2064 815 2120 nobilem
831 2064 935 2131 istum,
979 2068 1144 2140 petitionem
1158 2067 1276 2122 volentis
1290 2067 1325 2121 ab
1341 2085 1373 2122 eo
1388 2076 1519 2123 mutuum
1543 2069 1668 2141 accipere
1683 2056 1774 2125 adim·

137 2157 197 2226 ipse
209 2172 277 2210 uero
286 2172 494 2227 praeoccupans,
505 2156 589 2227 coepit
604 2155 733 2210 omnibus
758 2155 867 2208 dicere:
884 2155 938 2207 Ne·
980 2156 1112 2228 plexitEt
1122 2156 1250 2227 sequenti
1262 2157 1427 2211 noctevidet
1443 2156 1498 2210 dux
1508 2158 1582 2228 quod
1592 2163 1680 2213 staret
1689 2176 1775 2230 super

137 2257 315 2313 quaquam,o
325 2245 375 2298 ulii
385 2244 530 2310 etfratres,
542 2261 626 2299 causa
637 2243 750 2299 nervium
765 2242 937 2297 difficultatis
979 2247 1068 2300 altare
1082 2245 1207 2316 quidam,
1224 2246 1269 2299 cui
1284 2245 1438 2299 ollerebant
1454 2246 1536 2300 multi
1550 2246 1725 2316 oblationes,
1746 2255 1776 2303 et

137 2331 310 2397 tristemini3
327 2350 395 2389 nam
409 2334 525 2388 humilis
534 2335 666 2399 loannes,
681 2333 796 2399 credite,
808 2333 937 2386 inventus
980 2351 1029 2406 per
1043 2351 1129 2388 unam
1143 2351 1227 2405 quarn
1247 2333 1397 2405 ponebant,
1411 2334 1584 2405 accipiebant
1598 2341 1710 2391 centum
1723 2354 1774 2409 pro

139 2425 181 2475 eat
203 2420 373 2492 culpabilis,
390 2424 493 2494 quippe
507 2423 562 2477 nisi
582 2423 773 2476 extollentiam
793 2421 936 2487 haberem,
978 2423 1083 2495 ipsade
1094 2424 1185 2477 altori.
1203 2425 1270 2477 Erat
1279 2428 1410 2478 autemst
1419 2423 1576 2493 patriarcha
1585 2430 1649 2497 post
1662 2431 1774 2496 tergum

139 2510 216 2564 nullo
234 2510 318 2565 modo
342 2512 393 2565 boc
413 2512 526 2567 ferrem.
538 2512 592 2566 Sed
609 2511 675 2582 quia
687 2509 840 2565 extollebar
854 2510 883 2563 in
894 2509 937 2563 his
979 2513 1048 2583 ejus.
1062 2512 1177 2569 lacebat
1187 2529 1253 2582 ergo
1263 2528 1321 2566 una
1335 2511 1439 2566 oblatio
1457 2518 1523 2566 ante
1537 2530 1584 2567 eos
1603 2514 1633 2569 in
1647 2530 1703 2569 uno
1713 2531 1774 2569 soa-
1819 2519 1828 2530 '

139 2614 201 2670 quae
210 2599 361 2666 Baiarum,
374 2605 402 2654 et
412 2600 585 2655 aestimabam
597 2600 671 2670 quod
683 2617 785 2669 magna
801 2615 886 2669 opera
900 2598 938 2651 fa·
978 2618 1055 2668 mno,
1068 2607 1096 2655 et
1110 2601 1178 2655 dicit
1193 2600 1307 2671 quidam
1320 2601 1383 2655 duci
1402 2597 1507 2666 :liade¹
1524 2601 1636 2656 domine
1650 2601 1712 2670 duc,
1729 2620 1775 2658 ac·

139 2703 242 2755 ceoem,
253 2688 394 2760 dansquae
409 2689 554 2744 hominum
565 2695 655 2754 erant,
668 2689 719 2742 boc
737 2688 806 2740 mibi
827 2688 937 2755 avenit3
979 2690 1040 2760 cipe
1060 2689 1229 2744 oblationem
1246 2690 1333 2755 illam,
1359 2695 1388 2743 et
1406 2690 1476 2744 oller
1499 2690 1534 2744 ad
1555 2690 1652 2757 altere,
1667 2697 1696 2745 et
1708 2692 1776 2747 tolle

140 2777 392 2848 volensergolleus
407 2777 505 2833 ut'hoc
513 2779 711 2848 intelligerem,
727 2776 782 2830 ista
792 2777 932 2846 permisit.
979 2794 1029 2849 pro
1044 2795 1077 2833 ea
1092 2784 1205 2833 centum
1219 2777 1382 2832 oblationes.
1400 2777 1452 2833 Illo
1467 2795 1531 2833 vero
1545 2780 1706 2851 pigritante,
1727 2798 1777 2836 ou·

139 2864 845 2938 Eleemosynaenimnonvigilantemplerumquein
854 2865 939 2918 extol·
979 2867 1245 2938 curritpstriarclxa,
1258 2867 1324 2921 licet
1334 2873 1398 2938 post
1407 2884 1471 2922 aum
1481 2872 1580 2937 staret,
1589 2856 1691 2924 attulit
1704 2870 1779 2924 hane

139 2954 646 3011 lentiamelevatzinvitusverocasus
658 2953 937 3008 bumiliatsustinen-
979 2961 1134 3021 antaeum,
1152 2961 1180 3010 et
1191 2953 1301 3020 obtulit,
1319 2961 1348 3009 et
1365 2956 1482 3027 accepit,
1499 2956 1572 3010 sicut
1592 2973 1699 3025 omnes,
1715 2975 1780 3013 cen·

138 3050 203 3099 tam.
217 3046 268 3100 Ait
282 3046 357 3100 enim
383 3046 478 3099 divina
501 3046 665 3116 Scriptura:
680 3043 835 3115 Paupertas
848 3043 938 3097 virum
948 3043 969 3104 C
978 3048 1040 3099 tum
1050 3044 1085 3098 de
1095 3044 1188 3098 altari.
1199 3044 1339 3114 Evigilans
1358 3045 1464 3116 itaque,
1480 3061 1536 3099 non
1552 3051 1663 3117 poterat
1676 3047 1779 3102 discen

139 3133 280 3188 humiliat.
294 3135 329 3189 Et
343 3135 445 3189 iterum
461 3134 545 3188 David
559 3135 610 3187 boc
621 3133 720 3198 sciens,
732 3132 840 3186 dicebat
856 3150 862 3184 ε
884 3133 940 3186 Βο·
979 3149 1047 3186 nere
1058 3132 1208 3186 somnium.
1226 3132 1303 3186 Misit
1310 3138 1406 3186 autem
1414 3137 1442 3187 et
1451 3134 1567 3188 adduxit
1577 3151 1641 3189 eum
1647 3134 1696 3205 qui
1706 3135 1779 3189 volc-

138 3222 630 3293 nummihiquodtuhumiliastime,
648 3221 793 3276 utdiscam
800 3221 938 3290 justifica·
980 3220 1029 3275 bat
1044 3228 1174 3275 mutuum
1197 3220 1333 3292 accipere,
1347 3226 1380 3275 ut
1396 3226 1544 3292 praestaret
1557 3221 1592 3277 ei.
1609 3221 1644 3276 Et
1657 3238 1721 3275 cum
1731 3236 1779 3276 ve·

138 3310 228 3365 dones
237 3317 301 3365 tuas
309 3314 392 3379 (Ptol.
407 3318 512 3382 exuuii.
522 3312 596 3366 Dum
605 3311 681 3366 enim
690 3311 772 3364 malis
781 3310 939 3364 factussum
981 3310 1078 3376 nisset,
1095 3309 1164 3362 dicit
1176 3309 1201 3362 ei
1217 3309 1289 3363 dux:
1306 3309 1407 3380 Accipe
1422 3309 1496 3380 quod
1514 3308 1610 3380 petisti
1629 3314 1774 3370 mutuum.

138 3398 284 3467 obnoxius,
298 3400 365 3471 quia
374 3401 516 3455 dationem
535 3416 697 3472 perronam
708 3399 827 3469 gloriam
843 3399 940 3469 perde⁴
981 3398 1162 3468 Respondeas
1172 3398 1229 3463 ille,
1241 3397 1311 3451 dixit
1321 3398 1347 3451 ei
1357 3417 1364 3452 :
1373 3399 1446 3452 Ante
1454 3397 1520 3452 tulit
1534 3398 1692 3472 mercedem
1699 3403 1780 3454 tuam

138 3486 213 3553 bom,
228 3495 257 3543 et
272 3490 405 3559 quoniam
432 3507 482 3561 per
506 3490 604 3544 uitium
625 3506 719 3543 meum
739 3488 855 3559 perdita
875 3492 941 3542 sunt
981 3486 1778 3558 dominuspatriarcha.Etenimtedominodiiiereateme,

136 3583 225 3632 ante
237 3578 468 3649 pecuniae,habeo
477 3596 552 3633 nunc
561 3579 700 3649 J'udicium
710 3576 938 3647 animarumque
980 3578 1140 3648 compulsus
1155 3594 1217 3631 sum
1233 3577 1268 3630 ad
1283 3577 1362 3630 illum
1377 3581 1512 3646 tanquam
1523 3577 1676 3648 adportum
1685 3576 1779 3632 confu-

138 3664 166 3720 in
181 3671 261 3720 arcto
271 3673 346 3723 sunt.
358 3667 472 3734 Verum,
485 3667 671 3727 dilectissimi,
680 3667 728 3737 qui
738 3672 939 3737 tunctempore
980 3683 1056 3737 gere,
1070 3665 1242 3720 multacnim
1254 3671 1315 3719 erat
1334 3665 1375 3718 uis
1387 3663 1591 3735 inquietudinis
1607 3671 1777 3721 exactorum.

135 3755 207 3825 justi
221 3755 357 3810 illiuslob
368 3756 421 3810 luit
437 3757 521 3822 Deus,
534 3763 562 3809 ct
574 3771 649 3809 nunc
658 3755 732 3809 idem
749 3755 808 3825 ipse
823 3759 875 3817 est,
891 3753 939 3824 qui
982 3756 1052 3809 Cum
1059 3772 1125 3824 ergo
1132 3754 1260 3808 audisset
1269 3754 1433 3818 boc,statim
1445 3754 1656 3808 recordatusest
1665 3753 1777 3820 somnii,

138 3859 196 3898 non
210 3849 328 3916 proptor
337 3850 490 3915 egestatem
505 3861 608 3908 nicam,
625 3844 674 3898 sed
696 3843 730 3897 ob
752 3842 940 3912 indigentium
982 3850 1010 3898 et
1023 3844 1109 3897 dixit:
1125 3844 1197 3896 Vere
1209 3842 1279 3896 bene
1295 3842 1388 3897 dixisti
1405 3861 1410 3895 ε
1429 3843 1500 3906 Quia
1512 3848 1577 3896 anto
1592 3843 1659 3896 tulit
1670 3859 1779 3897 merco-

137 3933 349 3999 nacassitatem,
360 3949 416 3986 non
426 3932 745 4002 derelinquetnos.lpse
759 3930 835 3983 enim
850 3929 938 3983 dixit:
982 3932 1046 3986 dem
1059 3938 1148 3986 tuam.
1164 3933 1238 3985 Ante
1254 3931 1319 3986 tulit
1330 3932 1416 3997 enim,
1434 3938 1463 3984 et
1478 3948 1517 3985 vat
1531 3924 1573 3985 illi
1588 3931 1636 4002 qui
1659 3931 1719 3986 vult
1739 3931 1779 3987 ia·

137 4020 941 4092 Nontedescram,nequederelinquamtllebrxrn).105
982 4036 1045 4075 cere
1059 4019 1173 4084 bonum,
1191 4024 1219 4073 et
1233 4019 1335 4073 dillert.
1353 4020 1387 4073 Et
1401 4019 1543 4073 enarravit
1556 4019 1582 4074 ei
1601 4024 1629 4074 et
1649 4012 1780 4076 omnibus

139 4109 180 4164 Et
197 4125 310 4163 rursus:
329 4109 452 4173 Quaerite
467 4110 589 4180 primum
604 4124 722 4179 regnum
732 4107 792 4172 Dei,
809 4112 837 4161 et
853 4106 939 4177 justi·
981 4109 1207 4179 somniumquod
1222 4109 1338 4163 uiderat.

139 4196 213 4252 tiam
227 4199 298 4268 ejus,
312 4203 342 4252 st
361 4198 421 4252 haeo
435 4198 530 4252 omnia
557 4195 726 4268 adjicientur
744 4192 938 4262 vobistliettb.
1018 4198 1086 4251 Osa.
1102 4196 1367 4265 XXX-Pergama
1381 4195 1533 4266 aliquando
1548 4203 1644 4251 sancto
1655 4197 1691 4251 ad
1706 4204 1778 4252 tcm—
1840 4248 1844 4257 .

140 4284 336 4355 vil.Volentcs
350 4303 417 4357 ergo
430 4285 567 4340 consoleri
582 4301 647 4339 cum
664 4283 782 4337 civitatis
805 4282 942 4336 habitato
982 4284 1059 4356 plum
1074 4288 1235 4338 sanctorum
1256 4283 1468 4337 victoriosorum
1496 4286 1655 4354 martyrum
1671 4285 1736 4354 Gyri
1751 4291 1780 4339 et

141 4389 200 4440 res,
217 4380 250 4428 ut
262 4374 368 4430 dictum
382 4381 435 4440 est,
451 4374 505 4446 ipsi
518 4373 608 4444 magis
624 4372 730 4426 inventi
748 4376 814 4425 sunt
827 4373 1099 4457 econtraDloannis
1111 4373 1150 4438 ,in
1159 4370 1778 4443 gloriosaeorummemoriaorationisgratia,

140 4462 365 4518 consolationem
380 4464 416 4518 ab
431 4464 492 4533 eiua
504 4461 676 4517 beatitudine
691 4460 838 4531 recepisse.
851 4460 942 4515 Nimis
984 4463 1102 4513 exeunte
1116 4464 1225 4528 portam
1240 4456 1368 4523 civitatis,
1385 4457 1508 4528 suscepit
1521 4473 1585 4511 eum
1601 4456 1703 4511 mulier
1712 4474 1779 4528 pro·

141 4566 213 4622 ergo
224 4549 308 4606 breve
320 4557 431 4623 tempus
445 4551 591 4624 praeteriit,
600 4556 628 4604 ct
638 4551 668 4603 in
680 4549 796 4620 duplum
819 4549 944 4603 restituit
984 4548 1088 4612 cidens,
1100 4546 1228 4600 etdicens
1237 4565 1242 4600 :
1252 4546 1368 4600 Vindice
1376 4563 1430 4612 me,
1440 4544 1574 4616 quoniam
1583 4544 1716 4617 injuriam
1728 4562 1780 4618 pa·

140 4640 222 4695 Deua
235 4656 306 4695 noro
320 4639 477 4696 nostrolob
487 4640 632 4695 facultates
645 4680 651 4705 ,
667 4645 695 4692 ct
707 4640 809 4691 iterum
820 4638 943 4709 cratipsc
984 4637 1171 4706 tioragenero
1182 4652 1254 4689 meo.
1262 4634 1435 4699 Quibusdam
1446 4650 1512 4704 ergo
1520 4635 1554 4688 de
1563 4633 1696 4706 obsequio
1706 4636 1778 4706 ejus,

141 4729 345 4800 magnanimus
353 4730 426 4785 circa
437 4728 667 4793 misericordiam,
679 4727 797 4781 tortasse
810 4732 905 4780 autem
916 4733 945 4779 et
985 4725 1033 4797 qui
1049 4724 1190 4779 habebant
1207 4723 1407 4778 confidentiam
1421 4722 1495 4793 apud
1511 4739 1586 4789 eum,
1602 4718 1777 4779 dicentibus:

140 4818 305 4890 religiosior
317 4836 402 4890 quam
416 4823 501 4874 antea
512 4818 613 4873 iuerat.
985 4814 1125 4878 Quiacum
1131 4831 1259 4868 reversus
1265 4812 1478 4876 inmisceamur
1487 4812 1548 4881 eius
1555 4810 1779 4883 saciesmespon-

183 4908 249 4962 Car.
256 4906 637 4963 mlta-Ammonem
648 4911 842 4977 paupertatem
850 4920 944 4975 perve—
985 4903 1027 4958 dit
1053 4901 1297 4975 sapientissimus:
1315 4898 1502 4971 utquomodo
1522 4900 1597 4954 Deus
1622 4900 1780 4957 orationem

144 4996 238 5052 menti
249 4997 361 5052 cuidam
370 4997 569 5052 dedomesticis
578 4995 724 5059 ministris,
738 4993 851 5065 propria
859 5009 945 5046 manu
986 4997 1111 5046 nostram
1123 4991 1265 5061 suscipiet,
1282 4989 1371 5059 siege
1386 4987 1469 5041 istam
1487 4988 1693 5060 postposuero?
1712 4990 1780 5054 Quis

145 5085 202 5141 istc
216 5092 340 5154 sanctum,
350 5099 383 5142 ut
396 5087 490 5142 nullus
500 5086 593 5153 sciret,
606 5082 767 5138 duaslibras
782 5082 844 5135 auri
855 5081 941 5149 dedit3
986 5081 1055 5135 mihi
1064 5079 1214 5151 spopondit
1227 5078 1355 5131 utvivam
1366 5092 1417 5146 ego
1426 5075 1456 5131 in
1467 5076 1676 5133 crastinumlot
1687 5078 1733 5133 ibo
1745 5081 1781 5135 ad

145 5182 178 5231 at
191 5175 310 5231 audieus
324 5175 359 5231 ab
378 5176 530 5247 accipiente
545 5194 552 5228 ι
570 5173 708 5238 Quoniam
723 5172 781 5226 haec
795 5170 941 5242 accipiens,
986 5170 1192 5240 Christum,p1·o
1200 5166 1376 5220 carationem
1382 5165 1556 5221 redditurus?
1563 5167 1658 5222 Etnoa
1666 5166 1782 5223 recessit

145 5259 460 5332 domiue,ulto1iusaon
469 5263 558 5318 habeo
567 5262 672 5316 vultum
682 5259 882 5314 intendendiin
897 5259 943 5312 ho·
987 5259 1087 5313 deloco
1096 5257 1152 5323 illo,
1165 5255 1408 5326 usquedumquod
1417 5254 1486 5309 satis
1493 5256 1519 5309 ei
1528 5256 1657 5310 aratfieri
1665 5256 1779 5311 facerat.

146 5351 305 5408 notabilem
316 5359 345 5408 ct
357 5353 515 5425 angelicam
534 5352 633 5406 faciem
648 5356 736 5415 tuam,
751 5365 815 5402 roro
830 5347 946 5417 dignum
1023 5347 1087 5401 Cau.
1100 5344 1287 5400 xxxa-Ad
1302 5344 1474 5398 voluntatem
1488 5344 1577 5415 igitur
1592 5332 1782 5399 memorabilis

147 5442 413 5515 laudautaapiens,
422 5443 532 5498 locutus
547 5447 589 5496 est
603 5438 718 5492 verbum
732 5454 737 5491 :
755 5437 897 5504 Nondum,
906 5436 947 5490 in·
987 5436 1081 5506 hujus,
1094 5451 1155 5505 quae
1170 5438 1229 5487 tota
1242 5432 1271 5486 in
1286 5432 1343 5487 Deo
1354 5439 1425 5500 crat,
1437 5433 1514 5488 misit
1523 5433 1548 5487 ei
1563 5433 1637 5487 Deus
1651 5433 1725 5487 viros
1736 5449 1782 5485 sa-

146 5532 436 5604 qaieus,saaguinem
443 5548 537 5588 meum
547 5547 597 5603 pro
607 5536 645 5597 tc,
656 5526 753 5595 frater,
769 5525 863 5589 alludi,
875 5526 948 5582 sicut
988 5524 1096 5595 pientes
1104 5529 1134 5577 et
1142 5538 1253 5593 semper
1264 5521 1470 5589 memorandos,
1478 5522 1492 5577 J
1495 5536 1614 5576 oannem
1626 5519 1784 5592 etSophro-
