3818 6120
130 392 188 457 sar
605 393 690 450 ura
710 390 862 450 smera
880 386 1110 463 smumsra,
1131 392 1304 452 vmerms.
1722 399 1774 460 aas

128 528 238 581 etcum
252 540 287 579 ea
299 529 328 578 te
343 522 404 577 sine
417 519 611 576 misericordia
625 520 782 593 flagellabo.
798 519 850 575 Illa
863 516 1025 577 veroAnus
1035 519 1115 575 Jesus
1126 521 1263 576 christus.
1277 523 1391 579 Daemon
1400 525 1483 580 dixit:
1495 526 1559 581 Non
1569 542 1683 599 possum
1699 528 1774 584 exire

128 615 243 677 sedens,
254 617 369 685 repente
384 610 513 666 cessavit.
973 607 1008 662 ab
1025 625 1067 676 ea,
1084 611 1151 681 quid
1166 629 1211 666 me
1226 614 1423 684 persequeris?
1437 614 1484 669 ubi
1504 615 1593 671 habeo
1608 617 1770 688 proficisci?

167 704 233 758 Gar.
247 699 346 756 xxm.
360 701 484 754 -lllane
495 704 589 753 autem
604 699 686 766 facto,
699 700 837 770 complete
852 714 932 753 sacro
974 697 1134 769 Euphraxia
1147 701 1217 754 dixit
1233 719 1238 753 :
1256 702 1289 757 ln
1310 702 1441 757 tenebras
1456 705 1616 771 exteriores,
1632 706 1661 761 in
1676 706 1773 777 ignem

129 791 234 854 officio,
246 796 275 845 et
284 789 493 861 egredientibus
504 789 545 843 eis
559 788 593 842 ab
608 789 742 855 oratorio,
754 788 872 842 visitans
880 787 933 841 Eu·
973 792 1119 856 aeternum,
1136 790 1164 844 in
1178 790 1288 845 infinita
1303 797 1453 856 tormenta,
1470 801 1568 865 parata
1586 795 1637 850 tibi
1651 802 1679 851 et
1699 797 1772 868 patri

128 881 250 954 phraxis
271 879 435 951 patientem,
451 877 557 932 invenit
570 894 633 931 eam
647 877 804 947 disruptam
825 882 931 929 vestem
972 883 1022 931 tuo
1035 878 1154 946 Satanm,
1168 884 1197 933 et
1211 880 1376 936 facientibus
1391 882 1563 939 voluntatem
1578 884 1651 956 ejus
1668 887 1772 942 Omnes

129 969 259 1042 suumin
272 974 379 1022 terram
395 966 554 1038 projecisse,
569 972 597 1021 et
607 966 751 1021 sedentem
762 982 847 1036 super
857 980 929 1030 eam,
973 965 1068 1037 itaque
1083 985 1192 1023 sorores
1207 969 1320 1025 stabant
1344 972 1523 1041 respicientes
1543 973 1571 1027 in
1585 992 1657 1041 eam,
1672 982 1701 1031 et
1714 993 1771 1032 nou

129 1064 161 1114 et
171 1058 348 1128 colligentem
359 1061 475 1122 stercus,
485 1052 933 1124 excomedentemarsuphraxia
973 1057 1180 1126 praesumebant
1204 1059 1317 1131 propius
1346 1061 1581 1131 appropinquare.
1610 1065 1771 1136 Euphraxia

128 1152 166 1203 ut
179 1147 258 1206 uidit,
270 1146 355 1208 flevit,
368 1151 396 1199 et
409 1162 471 1216 quae
487 1144 560 1199 facta
578 1144 691 1199 fuerant
704 1142 850 1197 abbatissae
864 1158 934 1196 nun·
973 1161 1039 1200 vero
1050 1146 1118 1200 dure
1128 1147 1254 1202 certabat
1262 1165 1326 1203 cum
1337 1151 1462 1204 damone
1472 1151 1630 1206 resistente.
1642 1155 1677 1208 Et
1685 1156 1772 1228 respi-

129 1235 224 1292 tiavit.
241 1234 443 1290 Convenientes
460 1250 526 1288 vero
550 1248 669 1298 sorores,
689 1232 857 1287 invenerunt
871 1245 933 1284 eam
974 1234 1050 1288 ciens
1062 1235 1091 1288 in
1101 1237 1211 1302 calum,
1223 1237 1293 1292 dixit
1305 1254 1311 1293 :
1323 1239 1441 1293 Domine
1450 1240 1515 1294 lesu
1527 1240 1645 1307 Christe,
1659 1244 1716 1297 noli
1727 1262 1771 1299 me

129 1326 252 1391 nudam,
274 1330 301 1379 et
324 1324 501 1395 colligentem
521 1323 661 1394 phlegma,
680 1327 708 1376 et
729 1322 932 1378 comedentem.
974 1324 1005 1378 in
1019 1324 1072 1378 hac
1085 1325 1155 1379 hora
1168 1326 1310 1391 confundi,
1322 1334 1354 1382 ut
1368 1345 1425 1383 non
1440 1329 1532 1383 vincat
1544 1348 1589 1384 me
1604 1331 1648 1385 hie
1663 1333 1772 1389 daemon

130 1415 211 1471 Dixit
224 1421 320 1469 autem
337 1413 478 1468 abbatissa
492 1417 525 1467 ut
538 1411 655 1467 daretur
668 1412 694 1466 ei
709 1411 765 1466 alia
779 1412 885 1478 tunica,
902 1417 935 1466 ut
975 1412 1146 1469 immundus.
1155 1416 1190 1469 Et
1200 1417 1332 1471 continuo
1343 1418 1451 1472 daemon
1463 1436 1607 1491 spumans,
1616 1426 1644 1476 et
1656 1422 1775 1477 stridore

129 1506 294 1560 vestiretur.
316 1504 435 1558 Sumeus
458 1502 553 1573 itaque
573 1499 732 1572 Euphraxia
750 1501 886 1569 tunicam,
907 1507 936 1555 et
976 1502 1057 1570 facto,
1075 1504 1199 1558 clamans
1215 1522 1279 1561 voce
1293 1523 1406 1577 magna,
1421 1524 1549 1579 egressus
1561 1516 1632 1564 esta
1646 1511 1772 1580 muliere,

131 1593 314 1667 parapsidem
322 1609 385 1647 eum
395 1592 546 1663 legumine,
556 1598 584 1645 et
593 1591 721 1663 fragmen
732 1590 823 1662 panis,
834 1590 936 1645 obtulit
976 1598 1005 1646 et
1011 1590 1046 1646 ab
1052 1608 1085 1647 ea
1095 1594 1164 1647 hora
1173 1600 1272 1649 sanata
1282 1596 1633 1653 est.Oucurreruntautem
1649 1617 1769 1668 sorores,

132 1683 171 1750 ei,
180 1687 210 1738 et
217 1683 288 1738 dixit
300 1700 306 1734 :
319 1683 428 1753 Accipe,
440 1697 528 1748 soror,
538 1684 566 1734 et
574 1681 644 1735 vesti
650 1685 746 1747 359
752 1686 788 1746 te,
804 1685 933 1752 etgusta,
975 1681 1164 1752 glorificantes
1173 1683 1202 1737 in
1217 1683 1269 1738 hoc
1279 1684 1378 1750 Deum,
1389 1702 1508 1756 maguus
1518 1688 1594 1741 enim
1608 1688 1695 1743 timor
1704 1689 1774 1745 obti-

133 1771 808 1846 quaresictedeturpas?Quaesumens,comedit
820 1770 931 1825 etbibit.
976 1777 1076 1826 nuemt
1098 1788 1205 1826 omnes.
1226 1774 1387 1844 Euphraxia
1400 1792 1465 1829 vero
1486 1776 1552 1831 tulit
1571 1778 1727 1846 mulierem,
1745 1786 1773 1835 et

132 1863 170 1918 at
182 1861 303 1916 induens
317 1877 389 1926 eam,
413 1860 583 1915 ministrarit
597 1860 631 1913 ei.
655 1860 815 1930 Euphraxia
834 1877 899 1914 vero
916 1835 1063 1914 aBabluit
1077 1877 1138 1914 eam
1149 1878 1230 1932 aqua,
1244 1869 1273 1916 et
1285 1863 1379 1917 induit
1399 1880 1462 1918 eam
1471 1865 1648 1929 vestimenta
1657 1873 1685 1922 et
1694 1868 1774 1924 duxit

129 1951 264 2023 lacrymis
277 1967 334 2005 non
348 1949 476 2016 cessavit,
491 1966 581 2020 usque
597 1949 633 2002 ad
657 1964 804 2020 vesperam
827 1966 878 2020 pro
900 1966 934 2003 ea
974 1949 1009 2003 ab
1016 1949 1270 2021 abbatissam:quae
1277 1954 1773 2014 unacumsororibusintroduxeruut

127 2058 257 2114 gemens.
268 2041 329 2106 Quo
344 2058 408 2095 cum
420 2040 602 2112 pervenisset,
615 2057 679 2094 mox
692 2039 867 2111 supplicabat
881 2040 933 2094 Do-
974 2055 1036 2093 eam
1053 2040 1081 2094 in
1097 2041 1310 2109 monasterium,
1327 2047 1355 2096 et
1364 2043 1483 2112 gloriam
1501 2043 1640 2101 dederunt
1649 2045 1707 2101 Deo
1721 2065 1771 2119 pro

129 2131 278 2187 minorum
288 2130 464 2202 lacrymis,ut
473 2129 932 2200 illapatienssanareturDilueule
973 2127 1046 2183 facto
1065 2130 1210 2184 mimculo.

128 2236 195 2276 vero
215 2219 357 2274 abbatissa
380 2235 481 2273 vocans
506 2219 703 2290 Euphemiam,
725 2218 794 2272 dixit
808 2220 834 2273 ei
853 2237 859 2273 :
876 2221 934 2273 Gur
1009 2219 1211 2274 CxP.XXX.-
1223 2219 1265 2275 Ab
1278 2219 1328 2275 illa
1343 2222 1656 2279 verohorahumiliarit
1670 2242 1700 2280 se
1715 2243 1773 2281 am-

129 2327 176 2365 me
186 2309 294 2374 celasti,
307 2326 403 2381 preces
414 2309 534 2362 offerens
547 2309 605 2362 Deo
618 2325 668 2378 pro
684 2308 736 2363 hac
744 2308 891 2380 patiente?
903 2309 932 2363 Si
974 2307 1047 2378 plius
1062 2308 1230 2379 Euphraxia,
1242 2315 1270 2365 et
1280 2310 1341 2365 sine
1355 2327 1454 2365 somno
1473 2317 1534 2367 tota
1546 2318 1628 2368 nocte
1638 2314 1771 2386 persiste-

129 2398 341 2455 manifestasses
354 2397 433 2463 mihi,
450 2403 478 2452 et
493 2414 545 2468 ego
560 2398 620 2452 sine
634 2398 719 2453 dubio
733 2398 867 2454 venirem.
880 2400 932 2453 Cui
973 2395 1023 2450 bat
1037 2416 1042 2450 :
1060 2414 1173 2453 omnem
1187 2416 1252 2454 xero
1267 2400 1474 2456 hebdomadam
1486 2401 1644 2472 jejunabat,
1655 2408 1688 2458 ut
1701 2390 1768 2459 eon·

129 2488 506 2561 Euphraxiadixittlgnosce
518 2488 728 2552 mihi,domina,
736 2487 791 2541 vidi
804 2504 866 2542 eam
875 2494 934 2543 tur·
974 2493 1111 2553 sueverat,
1138 2488 1198 2542 sine
1226 2489 1334 2544 defectu
1359 2489 1463 2545 faciens
1491 2491 1599 2546 cunctis
1626 2492 1769 2549 sororibus

129 2579 208 2653 piler
217 2579 337 2650 positam
348 2578 572 2644 etinhrmam,et
582 2577 659 2631 dolui
671 2594 756 2647 super
766 2577 933 2632 eamllbba·
974 2576 1173 2644 ministerium,
1193 2583 1299 2633 etcum
1314 2580 1391 2634 omni
1416 2580 1509 2634 studio
1527 2584 1612 2652 atque
1630 2582 1728 2637 laetitia
1742 2582 1772 2638 in

129 2668 277 2724 tissaxero
287 2667 358 2721 dixit
369 2685 375 2719 :
388 2667 483 2721 Habeo
497 2666 548 2721 tibi
559 2666 665 2737 aliquid
677 2667 813 2733 confiteri,
829 2672 857 2721 et
870 2667 932 2722 ride
974 2668 1190 2722 mansuetudine
1211 2673 1295 2740 atque
1312 2668 1471 2724 humilitate
1485 2669 1614 2741 degebat.
1632 2671 1696 2726 Una
1708 2687 1772 2726 vero

129 2774 167 2813 ne
182 2758 303 2812 Satanas
316 2761 407 2811 tentet
421 2760 459 2822 te,
476 2760 505 2811 ct
519 2756 603 2810 elatio
617 2756 668 2811 tibi
686 2763 847 2827 generetur.
865 2757 933 2811 Ecce
974 2756 1242 2820 dierumabbatissa
1259 2757 1330 2812 vidit
1343 2757 1489 2826 visionem,
1505 2766 1534 2814 et
1549 2759 1717 2815 conturbata
1730 2765 1774 2815 est

129 2846 183 2901 tibi
199 2846 329 2901 Christus
343 2849 510 2918 potestatem
530 2846 604 2899 circa
619 2862 666 2900 eos
680 2846 767 2912 dedit,
790 2852 822 2901 ut
837 2847 932 2917 ejicias
973 2847 1162 2901 vehementer.
1179 2848 1289 2918 Rogare
1310 2853 1405 2903 autem
1425 2854 1571 2920 coeperunt
1588 2866 1651 2904 eam
1675 2866 1773 2905 omnes

131 2953 192 2992 eos.
213 2936 338 2991 Audiens
353 2936 411 2990 haec
425 2935 592 3006 Euphraxia,
610 2935 687 2989 misit
705 2936 828 2990 cinerem
849 2953 933 3008 super
974 2952 1092 3003 soreres,
1110 2938 1300 3008 supplicantes
1314 2943 1343 2992 et
1358 2938 1483 2993 dicentes
1501 2956 1507 2991 :
1525 2940 1665 2995 Confitere
1679 2939 1770 3007 nobis,

131 3032 218 3099 caput
232 3042 314 3080 suum
326 3045 331 3089 ;
344 3030 372 3080 et
385 3031 566 3096 prosternens
581 3027 763 3097 semetipsam
774 3026 803 3080 in
814 3031 930 3092 terram,
974 3027 1089 3082 domina
1103 3028 1254 3095 abbatissa,
1264 3044 1313 3082 cur
1323 3027 1362 3081 sic
1371 3027 1541 3098 ingemiscis,
1550 3033 1579 3083 et
1590 3034 1701 3083 nostras
1714 3030 1774 3084 ani·

131 3115 266 3172 damasit
279 3115 373 3169 dicens
389 3133 395 3167 τ
413 3115 481 3179 Quae
492 3132 553 3169 suni
566 3131 617 3185 ego
626 3114 721 3169 infelix
734 3121 763 3169 et
776 3116 932 3184 immunda,
944 3135 1035 3218 Cmas
1049 3118 1134 3172 simul
1147 3117 1258 3187 affligis.
1274 3118 1309 3171 Et
1320 3117 1390 3171 dixit
1405 3135 1410 3170 :
1428 3118 1491 3171 Non
1507 3133 1552 3172 mc
1566 3117 1673 3188 cogatis
1683 3134 1773 3190 usque

130 3210 165 3260 ut
177 3205 335 3259 daemonem
351 3209 460 3259 tantum
475 3205 621 3276 expellam,
639 3221 724 3276 quem
747 3211 860 3261 orantes
884 3223 934 3278 per
974 3208 1180 3262 incrastinum.
1196 3207 1332 3261 Dixcrunt
1350 3206 1376 3261 ei
1390 3207 1514 3262 seniores
1527 3223 1656 3262 sorores:
1672 3208 1771 3274 Crede,

130 3299 246 3350 tantum
269 3299 380 3365 tempus
398 3310 453 3348 non
478 3295 609 3365 potuistis
630 3294 784 3366 expellere?
808 3295 881 3351 Dicit
908 3298 934 3351 ei
975 3298 1098 3364 domina,
1107 3296 1212 3368 quodsi
1225 3313 1281 3351 non
1292 3296 1503 3351 anrruntiaveris
1515 3296 1605 3363 nobis,
1617 3296 1774 3353 tribulatio·

131 3383 277 3439 abbatissa
293 3384 382 3438 :lilia
397 3401 468 3449 mea,
480 3390 508 3438 te
525 3383 681 3438 sustinebat
693 3384 745 3439 hoc
755 3388 878 3457 tempuS,
892 3402 935 3440 co·
975 3404 1040 3441 nem
1054 3403 1185 3457 magnam
1210 3384 1358 3440 animabus
1376 3385 1479 3439 nostris
1494 3385 1609 3456 ingeris.
1626 3384 1775 3441 abbatissa

132 3474 214 3547 piosa
228 3477 271 3527 est
285 3479 335 3528 tua
351 3489 459 3527 merces
474 3473 502 3527 in
525 3475 603 3528 culo.
621 3474 752 3543 Ingressa
766 3479 861 3529 autem
878 3476 934 3530 Eu·
976 3476 1063 3530 dixit:
1081 3478 1137 3547 ligo
1147 3476 1259 3547 quidem
1275 3476 1349 3548 quod
1359 3476 1485 3531 futurum
1498 3482 1549 3541 est,
1561 3475 1687 3547 usquein
1698 3476 1774 3530 diem

131 3563 469 3637 phraxiamenastcrinm,
477 3563 782 3636 pmJecilsemetipsam
791 3567 935 3620 antealta·
975 3567 1129 3621 crastinum
1138 3565 1230 3620 dicere
1242 3565 1447 3632 nonvolebam3
1463 3565 1511 3619 sed
1522 3565 1589 3636 quia
1603 3564 1702 3636 cogitis
1718 3582 1773 3631 me,

131 3670 174 3723 rc,
186 3653 348 3725 supplicans
357 3653 425 3720 Deo,
436 3653 603 3726 utprecibus
616 3655 678 3725 ejus
688 3660 846 3721 sanaretur,
861 3656 934 3711 etde
975 3674 1050 3713 nunc
1063 3656 1158 3710 audite
1175 3673 1182 3708 :
1199 3655 1357 3728 Euphraxia
1371 3672 1423 3710 nos
1435 3654 1548 3719 deserit,
1557 3670 1619 3709 cras
1633 3654 1708 3709 enim
1722 3655 1775 3709 hae

133 3743 245 3800 excelso
264 3743 381 3797 daretur
394 3744 538 3797 auxilium.
558 3745 592 3797 Et
610 3761 728 3816 surgens
742 3762 760 3799 a
774 3746 935 3817 pavimento
976 3747 1034 3801 rita
1059 3747 1235 3818 privabitur,
1265 3746 1343 3800 nulla
1361 3760 1426 3799 vero
1448 3743 1554 3798 indicet
1572 3744 1597 3797 ei
1616 3760 1652 3798 ne
1674 3743 1776 3799 contri·

133 3848 231 3897 orans,
239 3831 417 3887 rursumibat
428 3833 462 3886 ad
472 3833 636 3904 patientem,
641 3835 768 3905 jussione
777 3835 934 3903 abbatissae,
976 3841 1076 3892 stetur.
1093 3837 1144 3890 llis
1158 3836 1254 3908 itaque
1265 3834 1357 3902 dictis,
1373 3849 1492 3904 magnus
1505 3833 1627 3904 ejulatus
1640 3850 1691 3905 per
1705 3833 1776 3887 mul·

133 3928 165 3980 et
177 3939 276 3978 omnes
297 3939 407 3977 sorores
422 3922 612 3994 sequebantur
626 3940 699 3992 eam,
716 3929 748 3979 ut
762 3926 937 3980 mirarentur
976 3931 1021 3981 tas
1035 3927 1120 3981 horas
1133 3926 1223 3980 factus
1245 3931 1297 3980 est.
1313 3926 1375 3980 Una
1388 3928 1484 3978 autem
1503 3939 1632 3978 sororum
1649 3939 1713 3992 cum
1728 3939 1777 3976 co·

134 4029 199 4086 quae
214 4012 340 4067 facienda
355 4017 444 4066 emnt.
457 4013 500 4066 Ad
511 4030 595 4084 quam
611 4014 755 4082 accedens,
769 4015 809 4069 ait
825 4035 831 4069 ε
850 4016 937 4071 Sanet
976 4016 1127 4088 gnorisset,
1144 4032 1259 4070 currens
1270 4015 1306 4069 ad
1320 4015 1445 4081 furnum,
1462 4013 1568 4069 invenit
1587 4011 1776 4084 Euphraxiam

130 4107 164 4158 te
173 4101 312 4158 Dominus
326 4117 405 4156 meus
419 4103 500 4157 lesus
515 4102 653 4169 Christus,
671 4103 761 4176 quite
776 4105 890 4159 crearit.
903 4106 937 4160 Et
977 4123 1064 4178 panes
1079 4110 1256 4177 coquentem,
1271 4105 1315 4159 cui
1333 4105 1404 4160 Iulia
1429 4103 1527 4158 aderat
1545 4103 1700 4157 secundum
1713 4118 1777 4156 con·

132 4209 200 4248 mox
214 4191 329 4263 signum
344 4191 432 4246 crucis
446 4191 512 4245 fecit
525 4192 555 4247 in
569 4194 660 4247 fronte
680 4195 751 4264 eJus.
765 4194 828 4249 Mox
842 4198 937 4250 autem
978 4195 1165 4250 suetudinem.
1182 4194 1258 4248 Dixit
1278 4210 1345 4264 ergo
1372 4194 1422 4265 illa
1451 4207 1530 4246 soror
1554 4208 1615 4262 qum
1638 4196 1773 4245 uenerat:

133 4281 269 4337 clamarit
282 4298 375 4336 coram
386 4281 517 4336 omnibus
530 4300 536 4335 :
549 4283 606 4337 Oh!
623 4283 764 4354 quomodo
774 4283 809 4338 ab
819 4284 872 4339 ista
886 4285 938 4339 im·
979 4287 1132 4356 Cognosce,
1150 4283 1263 4338 domina
1278 4281 1447 4353 Euphraxia,
1465 4281 1533 4351 quia
1554 4280 1631 4334 intus
1655 4296 1776 4351 magnus

133 4371 258 4445 postriee
273 4374 302 4425 et
325 4370 422 4425 fallace
445 4388 523 4438 exce,
541 4371 672 4427 habitans
690 4373 720 4427 in
742 4390 776 4427 ea
800 4374 937 4446 plurimos
977 4375 1069 4430 luctus
1084 4374 1210 4444 estapud
1222 4371 1390 4426 abbatissam
1402 4374 1564 4443 propterte,
1578 4369 1690 4440 etapud
1701 4385 1777 4423 soro·
1828 4396 1837 4417 e

135 4477 239 4527 anuos,
251 4466 279 4516 et
288 4460 381 4515 nullus
391 4478 436 4515 me
448 4461 586 4531 expellere
595 4462 697 4533 potuit,
706 4470 735 4518 et
743 4463 802 4518 haec
817 4464 937 4519 immun·
977 4482 1032 4520 res.
1040 4464 1193 4519 audientes
1204 4467 1299 4517 autem
1308 4462 1367 4516 haec
1376 4459 1453 4520 dulia
1461 4463 1489 4514 et
1500 4459 1668 4530 Euphraxia,
1683 4462 1777 4529 stupe-

133 4550 173 4606 da
191 4555 277 4620 atque
291 4550 433 4605 luxuriosa
447 4554 565 4604 conatur
582 4552 713 4622 persequi
732 4569 777 4606 me
790 4554 802 4606 l
814 4552 865 4607 Oui
880 4554 936 4609 Eu·
977 4554 1055 4609 factae
1067 4556 1142 4620 sunt,
1151 4559 1179 4607 et
1190 4552 1296 4608 diutius
1307 4554 1459 4608 steterunt.
1474 4549 1609 4604 Posthac
1623 4552 1719 4603 autem
1729 4549 1743 4603 J
1747 4565 1776 4602 u·

134 4639 257 4714 phraxia
271 4638 338 4693 dicit
354 4641 436 4694 :Non
452 4655 503 4711 ego
519 4644 548 4693 te
563 4657 726 4712 persequor,
742 4643 791 4697 sed
809 4644 937 4698 Christus
977 4645 1016 4699 lia
1029 4644 1115 4698 dixit:
1128 4644 1251 4698 Putasne
1265 4641 1363 4697 auditu
1378 4639 1485 4695 audirit
1499 4638 1651 4708 abbatissa,
1665 4637 1731 4708 quia
1742 4654 1776 4692 ex

135 4729 265 4785 omnium
273 4727 438 4784 DeusDixit
448 4730 589 4784 eidaemen
600 4747 605 4782 :
616 4731 678 4785 Non
690 4749 765 4798 exeo,
778 4733 935 4799 immunda,
977 4735 1110 4789 missione
1124 4733 1200 4787 illius
1215 4732 1263 4804 qui
1281 4731 1432 4803 aliquando
1452 4745 1571 4800 sponsus
1590 4727 1684 4783 fuerat
1696 4732 1773 4796 tuus,

133 4835 196 4876 non
218 4818 293 4873 enim
317 4819 448 4890 accepisti
471 4823 640 4891 potestatem
655 4822 784 4892 ejiciendi
808 4842 863 4878 me.
880 4826 938 4879 Eu·
976 4824 1252 4896 jussitimpemtorte
1263 4821 1363 4876 adduci
1378 4837 1411 4875 ex
1425 4816 1776 4891 monasterio,etpr0pter·

134 4908 257 4984 phraxis
266 4909 353 4962 dixit:
368 4910 426 4980 Ego
436 4910 584 4963 immunda
596 4927 667 4977 sum,
680 4917 708 4966 et
719 4913 794 4967 omni
810 4915 938 4985 maligni·
980 4931 1014 4969 ea
1034 4914 1244 4968 lamentantur?
1265 4912 1317 4967 Cui
1336 4908 1495 4981 Euphraxia
1512 4908 1680 4978 respondit:
1700 4908 1777 4964 vivit

134 5003 198 5056 tate
225 4998 317 5070 plena,
338 5003 370 5054 ut
390 5006 421 5053 tu
443 5015 554 5071 quoque
576 5001 708 5069 testaris3
733 5009 937 5072 verumtamen,
981 5005 1117 5060 Dominus
1132 5021 1211 5058 meus
1223 4998 1557 5072 afflJesussshristus,
1568 4998 1668 5069 quiesi
1683 4999 1778 5053 omnia

133 5087 257 5162 jubente
270 5088 399 5154 Domine,
411 5090 544 5160 egredere
555 5090 589 5143 ab
598 5107 640 5145 ea.
653 5092 726 5146 Nam
734 5093 757 5146 si
765 5109 845 5148 sumo
855 5094 939 5149 baeu·
979 5096 1161 5152 fundamenta
1174 5099 1257 5148 terrae
1273 5095 1512 5156 moveantur,n0n
1522 5088 1593 5143 mihi
1607 5089 1776 5162 persuadere

134 5178 199 5234 lum
218 5176 376 5244 abbatissa,
400 5179 547 5250 flagellabo
567 5186 604 5235 te.
626 5182 764 5237 Catemm
790 5183 937 5239 resistente
978 5184 1177 5258 praevalebunt,
1193 5186 1226 5236 ut
1235 5180 1377 5235 Christum
1385 5178 1537 5234 Dominum
1548 5195 1643 5234 meum
1658 5178 1777 5233 derelin-

133 5266 275 5334 daemone,
287 5272 316 5321 et
331 5267 406 5322 exire
416 5269 538 5336 nolente,
551 5287 664 5325 sumens
682 5272 841 5344 Euphraxia
855 5273 938 5330 abba·
980 5293 1073 5348 quam.
1082 5268 1641 5336 VerumtamendominameaJulia,dum
1652 5284 1777 5340 coquun-

133 5357 216 5413 tissa
230 5356 369 5424 baculum,
386 5358 456 5411 dixit
470 5357 494 5413 ei
513 5378 519 5413 :
533 5359 593 5426 Exi,
607 5367 657 5414 aut
676 5367 751 5417 certe
769 5368 886 5436 torqueo
900 5370 936 5419 to.
979 5372 1027 5422 tur
1040 5381 1136 5439 panes,
1152 5363 1231 5429 vade,
1246 5360 1309 5414 vide
1325 5360 1406 5415 fletus
1422 5360 1500 5427 istos,
1516 5358 1581 5414 ride
1602 5359 1670 5431 quid
1683 5358 1775 5413 eonti-

134 5446 327 5519 Responditei
341 5466 346 5501 :
360 5447 505 5512 Quomodo
515 5449 550 5503 ab
561 5467 595 5504 ea
604 5452 700 5522 egredi
711 5456 818 5524 potero,
831 5471 895 5510 cum
904 5455 938 5509 ab
979 5456 1062 5528 gerit,
1078 5470 1114 5509 ne
1129 5453 1222 5508 anima
1232 5467 1295 5506 mea
1309 5449 1499 5522 perturbetur.
1512 5450 1564 5505 llla
1578 5466 1644 5505 vero
1658 5463 1777 5520 pergens

135 5536 315 5595 earecedere
326 5552 382 5592 non
391 5539 582 5609 possimllllox
591 5541 846 5614 igiturEuphraxia
855 5545 940 5618 coepit
982 5551 1011 5600 et
1024 5551 1101 5600 stans
1115 5542 1181 5597 foris
1196 5541 1381 5612 antejanuas,
1391 5539 1498 5595 audiuit
1506 5538 1647 5594 somnium
1657 5534 1777 5590 abbatis-

134 5625 257 5682 mdere.
269 5625 305 5682 nt
317 5640 382 5682 cum
395 5629 480 5684 tertio
490 5631 685 5701 percussisset,
700 5632 786 5689 dixit:
801 5634 940 5707 Egredere
981 5651 1042 5691 sam
1058 5634 1110 5691 hoc
1124 5631 1208 5688 modo
1221 5631 1403 5689 referentem:
1416 5628 1491 5697 Vidi,
1502 5627 1603 5701 inquit,
1615 5623 1695 5698 quasi
1707 5622 1778 5679 duos
1826 5626 1829 5630 ’

138 5715 940 5799 afigmentoDei,spiritnsimmunde.IncrepetteDomi·
981 5725 1128 5802 cujusdam
1137 5722 1289 5782 schematis
1298 5722 1372 5781 rima
1383 5722 1439 5780 hue
1450 5712 1696 5789 secedentesque
1705 5727 1778 5788 que
