3818 6120
24 307 56 365 11
480 299 521 356 IN
538 298 644 356 vlnus
661 297 811 355 PATRUM
827 297 1102 356 PROLEGOMENA
1119 298 1219 355 XXVI.
1633 296 1667 355 12

24 436 122 487 liorem
137 431 265 500 feceram,
279 427 485 497 perplexitatem
497 426 603 480 collatis
618 426 727 479 intense
740 424 879 479 historicis
893 427 1050 493 evolverem,
1061 427 1191 480 omnibus
1206 425 1322 492 denique
1332 424 1396 478 locis
1407 422 1562 488 tenebrosis,
1577 437 1667 490 quan·

24 526 85 576 lum
95 521 166 575 mihi
179 519 323 574 darreeslica
337 514 496 582 suqqerebat
510 515 614 582 secula,
631 516 719 568 lucem
729 515 877 582 inferrem.

59 611 131 678 Quia
144 622 206 663 aero
221 607 404 660 memineram
415 605 568 658 baronium
580 603 651 657 hisce
666 605 783 658 Petrum
802 605 867 660 Vitis
885 606 947 672 jam
959 607 1026 658 olim
1043 606 1106 658 bene
1130 606 1245 659 uoluisse
1270 603 1382 670 (Boron.
1394 601 1491 657 Nomi.
1503 600 1532 654 in
1547 600 1665 671 Martyr.

22 695 141 753 Roman.
157 693 188 746 le
204 692 289 758 laub,
302 688 438 758 quidquid
451 702 484 740 eo
496 690 555 756 equs
572 690 682 757 scriptis
705 690 742 742 ed
761 689 810 742 has
826 690 897 746 Viles
913 693 1100 748 illustrandas
1113 695 1339 762 calliqerepotui,
1355 692 1413 745 suis
1435 693 1499 745 locis
1512 692 1570 759 ejus
1580 690 1667 743 verbis

22 786 95 853 decli,
107 788 131 838 et
142 784 182 836 ael
197 798 225 836 co
239 781 352 835 neruine
362 778 446 832 libuit
457 792 557 844 rreaqno
572 779 632 832 uiro
642 782 806 847 parentare.

58 875 152 938 ilabes,
171 870 320 925 artnentum
341 866 564 921 reverendissime
579 867 690 923 dominc
714 871 835 937 prelata,
848 871 974 926 instituti
989 874 1043 926 insci
1058 873 1205 938 rationem,
1217 869 1297 924 leobes
1312 869 1383 924 Viles
1398 870 1515 923 Petrum
1527 871 1667 937 tantopere

22 964 199 1019 desideratas.
221 959 293 1025 Oreas
308 956 359 1010 libi
373 960 471 1026 tuoque
489 959 569 1014 colui
583 958 731 1027 imputabit
745 960 900 1027 posteritas,
929 959 1000 1028 quod
1018 959 1113 1026 serore
1133 962 1299 1028 sumptuque
1322 962 1419 1024 aestro,
1435 961 1502 1011 oesle
1517 972 1593 1010 nerra
1603 971 1670 1025 pro·

22 1053 107 1106 deant
122 1052 246 1104 cultiore.

56 1137 108 1195 Sed
132 1141 261 1194 nullasne
274 1141 391 1196 solemni
410 1137 594 1210 presalarum
618 1149 702 1199 more,
721 1136 838 1190 laudum
855 1137 906 1191 libi
918 1143 1016 1206 tuoque
1031 1140 1110 1192 cetui
1125 1137 1216 1192 licebit
1230 1138 1275 1191 hic
1289 1139 1400 1192 laureas
1415 1140 1519 1190 tacere?
1529 1135 1590 1190 Nou
1602 1150 1669 1204 par·

21 1230 110 1282 mittis
126 1228 177 1281 lleo
188 1228 383 1298 domeslicoque
396 1234 439 1282 sat
453 1228 589 1295 qloriosus
604 1229 675 1278 teste.
691 1222 833 1278 Sustinere
847 1227 938 1294 iqitur
952 1244 994 1280 ene
1004 1230 1145 1282 calonnam
1158 1243 1175 1280 a
1187 1229 1242 1280 luis
1258 1230 1423 1295 lucrumque
1438 1226 1567 1279 laudibus
1576 1227 1665 1293 jubas,

22 1334 81 1371 ane
96 1320 216 1384 effectus,
230 1319 333 1386 inquis,
349 1323 414 1372 luas
424 1332 489 1384 arqe
503 1331 552 1370 nos
567 1315 719 1383 transferat
734 1320 757 1368 le
768 1329 855 1383 supra
869 1319 913 1371 rei
927 1319 1070 1371 ceritatem
1087 1316 1185 1387 (Epist.
1200 1314 1317 1370 Abbolis
1328 1314 1455 1385 Winghii
1469 1314 1505 1368 ad
1518 1313 1636 1383 Herio).
1655 1333 1666 1364 ι

20 1392 75 1475 Epo
94 1421 165 1469 aero,
186 1408 237 1460 ctsi
249 1407 492 1474 mellentensium
503 1407 616 1474 possim,
632 1403 705 1457 nihil
721 1408 958 1458 rneeelraocrum
974 1406 1006 1459 da
1026 1411 1049 1459 le
1066 1408 1173 1476 tuisque
1196 1408 1307 1471 sentire,
1336 1421 1369 1458 ue
1385 1409 1477 1458 lemen
1499 1406 1530 1457 in
1559 1405 1666 1469 limine,

21 1496 93 1565 quad
105 1497 198 1561 aiunl,
209 1497 245 1549 ad
264 1496 452 1550 inobedienlin
466 1496 607 1549 lubricum
618 1494 856 1561 ollandorn,jussis
869 1509 961 1563 pareo.

57 1584 135 1639 Nihil
150 1584 242 1636 ilicem
254 1585 285 1637 de
300 1587 443 1652 reliqionis
454 1599 507 1652 quo
519 1586 623 1653 lleqres
633 1582 733 1648 studio,
750 1582 822 1636 nibil
832 1583 864 1636 da
884 1587 1059 1654 paupertatis
1074 1585 1235 1654 quoqaudes
1244 1599 1346 1649 emere,
1364 1584 1437 1638 nihil
1447 1584 1479 1636 ele
1489 1584 1600 1652 pietalis
1615 1597 1668 1650 qao

18 1674 52 1729 in
62 1674 149 1728 Darem
164 1678 294 1727 eenstuas
312 1675 426 1739 ardore,
442 1673 515 1728 nihil
528 1673 560 1726 de
579 1675 714 1741 preclaro
738 1676 853 1726 luorum
867 1675 1013 1740 reqimine,
1040 1675 1139 1742 quibus
1154 1689 1210 1728 non
1224 1674 1312 1727 verbis
1327 1675 1415 1741 neaqis
1437 1688 1521 1741 quern
1546 1674 1666 1739 eacrnplo

18 1766 120 1834 prais;
138 1763 211 1816 nih-il
224 1764 340 1832 densique
352 1765 393 1832 (de
409 1779 461 1833 quo
473 1767 566 1817 leueen
580 1777 625 1830 eqo
637 1763 817 1830 copiosissime
833 1762 919 1829 loqui,
934 1767 964 1815 tu
980 1763 1159 1817 libentissime
1168 1764 1269 1817 audire
1280 1764 1378 1832 posses)
1387 1763 1419 1815 de
1428 1763 1571 1829 sinquleri
1583 1765 1630 1813 lue
1639 1762 1670 1812 in

20 1853 174 1906 minimam
188 1853 339 1906 sacietatem
355 1853 593 1917 nostramaffectn
604 1866 684 1919 quern
698 1852 812 1905 animus
819 1852 968 1920 tunicaque
979 1868 1034 1905 non
1049 1855 1145 1906 minus
1159 1855 1414 1920 naslralem,quarn
1425 1853 1553 1918 reliqiose
1567 1851 1669 1916 reqalu

21 1940 336 2008 discretionepracipun
350 1940 522 1994 obseruantia
551 1937 644 2008 (Greg.
660 1938 680 1991 1.
703 1953 723 1992 u
740 1938 823 2004 niul,
840 1954 864 1992 c.
882 1936 942 2008 36),
959 1945 983 1992 cl
999 1942 1116 2009 ersasorle
1127 1942 1335 1995 benedictinum
1349 1941 1426 2008 facit.
1440 1939 1518 1995 Nihil
1533 1940 1623 2005 iqilur
1637 1938 1669 1990 ele

23 2032 79 2084 luis
93 2029 223 2084 laudibus
237 2030 336 2093 dicens,
355 2029 490 2097 quodhec
502 2028 620 2082 laudum
633 2027 744 2096 flabelle
758 2043 862 2096 semper
875 2029 986 2097 tlaqclla
998 2031 1171 2083 enislimasli.

57 2119 109 2175 Sed
123 2134 171 2173 nec
186 2122 209 2171 te
222 2119 384 2187 promerito
398 2118 543 2171 convenire
557 2116 656 2182 licebit,
673 2118 796 2184 reliqiosc
817 2120 898 2172 ealles
922 2118 1069 2185 heliensis,
1086 2120 1136 2187 qui
1146 2119 1296 2188 disciplina
1308 2121 1397 2173 oestro
1417 2119 1583 2187 reprastalis
1594 2116 1669 2168 nobis

25 2208 183 2264 Tebcnnane
198 2205 501 2273 Pachomii,Ammonis
514 2205 648 2271 Nilriem‚
663 2205 783 2259 blacerii
795 2205 908 2260 Scateu?
924 2205 994 2272 Oreos
1004 2209 1080 2259 enirn
1096 2223 1151 2260 non
1166 2223 1224 2261 una
1236 2209 1340 2262 Latitie
1354 2209 1493 2260 virtulum
1508 2207 1666 2273 resanipulqs

23 2296 202 2350 celtibuitsub
212 2296 299 2349 lllosio
308 2299 320 2348 t
329 2294 492 2363 quibusnam
502 2293 771 2361 charitatiquropis
781 2295 1146 2362 cesplenduilsublloullalio
1159 2302 1232 2364 lquo
1243 2312 1299 2351 non
1312 2298 1414 2363 effulsit
1423 2297 1567 2363 rcliqeonis
1577 2295 1669 2347 decore

22 2386 73 2439 sub
84 2385 117 2438 Le
132 2384 306 2451 Frenaquio?
320 2383 449 2450 Quisquis
471 2381 590 2449 prosecta
612 2380 683 2433 Viles
706 2383 825 2435 Patrem
840 2385 916 2450 lcqel,
933 2384 1001 2436 elam
1016 2386 1128 2452 AEqupll
1136 2385 1338 2453 perambulans
1363 2385 1537 2449 solitudines,
1558 2385 1670 2451 Paulos,

20 2472 165 2540 Antonios,
180 2472 349 2540 Paphnutios
365 2473 489 2534 lustrat,·
504 2469 572 2523 dam
590 2469 742 2523 reeeselnn
756 2470 861 2524 deserte
872 2474 1034 2540 pervadens,
1053 2474 1218 2539 hilariones,
1246 2475 1392 2542 llesyahas,
1408 2474 1577 2542 Epiphanios
1593 2474 1669 2526 insi-

21 2565 77 2629 sil;
104 2563 173 2615 dum
196 2559 286 2628 Syria
306 2575 388 2628 rupes
401 2564 540 2627 anlreqee
558 2562 730 2626 perreptens,
747 2559 911 2628 Ephramos,
928 2563 1088 2632 elphraolcs
1117 2566 1245 2619 lulianos
1265 2566 1374 2627 oisilel,·
1392 2565 1416 2617 is
1443 2564 1554 2617 Latiam
1570 2564 1665 2626 oeulis,

20 2649 133 2706 Latiam
162 2649 268 2714 anirno,
296 2649 409 2702 Latiam
428 2647 522 2701 adorel
544 2649 675 2714 aestiqiis.
692 2649 735 2702 lbi
747 2664 915 2717 maqnorum
935 2653 1051 2706 illorum
1069 2655 1197 2707 viroreem
1220 2655 1384 2717 inutelores,
1407 2667 1528 2720 quorum
1542 2667 1622 2705 sacre
1638 2653 1670 2704 in

22 2728 216 2806 reliqiasorum
228 2739 337 2790 'animis
351 2739 421 2805 uiqel
440 2737 584 2800 memoria,
599 2735 707 2789 abbates
728 2738 858 2790 inueniat.
876 2738 979 2805 Quibus
998 2756 1032 2794 ue
1053 2740 1214 2810 Winqhium
1229 2756 1286 2795 non
1309 2744 1405 2795 minus
1429 2743 1568 2794 virtutum
1584 2753 1670 2807 quesn

22 2828 169 2897 diqnilalis
195 2843 373 2883 successorem
388 2842 553 2893 accenseam,
573 2828 632 2895 ejus
652 2841 708 2880 non
731 2829 844 2896 petitur
859 2829 1000 2882 modestia.
1016 2831 1106 2898 Quare
1125 2846 1188 2884 eum
1213 2832 1338 2899 posteris,
1357 2846 1413 2884 nare
1442 2830 1571 2898 suspectis
1597 2842 1672 2881 rnor-

24 2919 137 2972 luorum
156 2919 321 2983 censoribus,
339 2916 514 2971 laudandum
529 2916 667 2982 relinquo.

57 3006 160 3061 Fruere
175 3008 291 3073 interea,
307 3006 457 3060 admodum
479 3004 703 3059 reverendissime
724 3004 835 3061 dorneine
850 3009 973 3076 praelate,
994 3023 1057 3061 curn
1076 3009 1203 3076 reliqioso
1223 3012 1270 3062 tuo
1287 3013 1354 3063 catu
1373 3008 1422 3062 hoo
1441 3008 1596 3077 sumptibus
1612 3008 1670 3060 luis

21 3097 133 3152 alienato
146 3097 178 3150 ele
197 3095 263 3150 Vitis
276 3096 394 3149 Petrum
409 3098 490 3148 torno.
508 3093 560 3148 Cui
578 3095 603 3146 si
619 3095 691 3148 alter
710 3096 873 3165 quaudoque
889 3100 977 3150 lomus
992 3098 1111 3164 accedat,
1126 3100 1176 3165 qul
1190 3093 1286 3151 on'mia
1300 3099 1419 3152 Petrum
1433 3100 1548 3152 ascellae
1565 3099 1670 3165 scripte

19 3200 79 3264 seno
92 3188 165 3240 celiel
180 3186 251 3253 lasea
265 3184 484 3253 comprehendet,
497 3183 607 3236 haberes
618 3182 755 3251 quidquid
775 3185 813 3238 ad
835 3188 958 3240 celerum
974 3188 1087 3239 ascesine
1105 3188 1214 3255 requiri
1224 3189 1320 3255 pessit.
1338 3188 1395 3254 Qseo
1405 3189 1480 3241 enim
1492 3187 1537 3240 lu‘c
1548 3187 1618 3240 liber
1632 3186 1670 3239 ad

22 3290 111 3329 mores
121 3273 301 3343 effornnandos
318 3274 449 3342 cnemplis
470 3273 562 3341 praeit,
577 3274 649 3326 aller
663 3272 781 3326 dooendo
795 3275 1002 3329 manuduceret.
1018 3272 1070 3328 Sed
1085 3277 1152 3343 quia
1162 3277 1298 3344 scriptum
1314 3278 1432 3330 eruamini
1440 3295 1447 3330 ε
1464 3275 1558 3329 Coerss
1581 3274 1665 3328 lasus

20 3348 130 3421 ¹rsonae
143 3379 177 3418 er
187 3375 296 3418 nocens
306 3360 375 3430 (Act.
391 3363 423 3431 1),
435 3361 479 3415 hic
493 3376 568 3414 nunc
581 3361 720 3428 sectorum
736 3363 806 3417 liber
816 3369 983 3433 procurrat.

59 3455 170 3522 Quodsi
183 3455 262 3507 solito
276 3453 369 3520 severe
378 3452 472 3505 studia
482 3464 543 3504 ruca
553 3453 709 3519 perreueris
715 3454 855 3521 prosequi,
871 3459 897 3508 et
918 3468 1002 3508 sacre
1026 3453 1147 3508 historin
1170 3458 1319 3509 arnsanlcse
1333 3458 1390 3510 suis
1403 3457 1510 3524 sinquli
1517 3454 1671 3523 prom'nciie

23 3541 191 3602 Senatorum
210 3542 281 3596 l'itas
292 3545 412 3610 perqeul
424 3540 593 3604 submittere,
607 3538 675 3593 dabo
682 3555 793 3608 operam
807 3546 839 3596 ut
850 3544 907 3598 illa
919 3557 1024 3612 quoque
1037 3544 1128 3597 simili
1142 3544 1220 3597 ruodo
1230 3546 1368 3599 recensita
1381 3546 1595 3613 subsequentur.

638 3751 779 3857 ssuaa
817 3754 1060 3857 allocutis

19 4061 24 4071 .
59 4003 122 4075 ilaec
132 4017 193 4069 eote
208 4025 268 4066 eneae
280 4008 361 4064 erent
371 4022 447 4062 anno
461 4002 542 4073 lblb,
557 4003 667 4075 quando
684 4019 718 4059 aa
733 4004 834 4057 umbra
848 4003 886 4057 ad
898 4004 981 4056 solem
995 4003 1128 4072 auspiciis
1142 4004 1238 4058 oeslris
1255 3999 1316 4057 l'ila
1326 4001 1444 4056 Petram
1455 4002 1526 4069 lqpis
1539 4000 1670 4054 blerelia-

23 4106 72 4169 reis
92 4102 252 4172 prodibant.
270 4097 303 4152 llt
313 4099 377 4166 jam
396 4100 556 4150 sanctorum
578 4095 753 4161 reliquorum
771 4091 900 4146 llisloria
918 4107 961 4145 ene
981 4093 1167 4160 accinqebam,
1186 4108 1249 4147 curn
1269 4107 1324 4145 ecee
1344 4091 1395 4143 libi
1409 4090 1515 4158 prodiit
1536 4105 1671 4142 rsonreenm

1 4254 3 4258 ,
26 4193 151 4251 Ecclesia
164 4190 258 4255 hostis,
274 4188 322 4242 aui
336 4186 487 4240 necessario
502 4182 702 4238 occurrendum
716 4180 783 4249 suit.
799 4180 908 4235 llelictis
921 4182 1011 4248 iqitur
1023 4185 1185 4237 sanctorum
1196 4183 1333 4236 arenariis
1343 4180 1380 4233 ad
1391 4181 1561 4233 sancitorum
1574 4192 1670 4228 arena-

23 4282 171 4339 mcntaria
183 4294 228 4333 ma
242 4277 372 4332 conuerti.

23 4428 27 4440 ,
63 4370 98 4425 dl
109 4372 169 4438 pasl
184 4372 237 4421 tres
251 4365 395 4419 debellatas
405 4363 498 4428 hostes,
513 4364 572 4431 past
587 4360 740 4414 Historiam
750 4358 968 4413 Ecclesiasticam
983 4363 1008 4413 et
1024 4361 1164 4413 nonnulle
1175 4360 1234 4413 alia
1246 4357 1507 4426 patricidarum
1518 4357 1581 4424 jeus
1600 4354 1672 4407 l'itas

22 4459 196 4518 Sanctorum
212 4457 244 4509 in
256 4467 357 4507 essenus
367 4463 543 4517 resumerem,
556 4453 581 4502 at
594 4450 751 4503 lanuarias
761 4449 889 4517 pluteum
901 4453 1048 4516 presnerel,
1065 4452 1096 4502 ut
1110 4447 1147 4501 ad
1160 4449 1283 4516 prelum
1297 4447 1495 4511 adornaretur,
1512 4445 1674 4510 interpeller

29 4549 65 4602 ab
79 4545 290 4601 accuratissimo
311 4539 477 4610 ippoqrapho
496 4538 619 4608 mihique
637 4538 807 4593 amicissimo
826 4535 986 4591 balthasare
1005 4537 1118 4601 Moreto,
1141 4539 1191 4605 qui
1209 4535 1344 4590 asserebat
1364 4535 1436 4588 l'itas
1455 4534 1573 4587 Petrum
1590 4530 1673 4598 posci,

25 4638 233 4704 identidemque
247 4633 359 4704 reposci.
374 4631 447 4686 Huic
462 4630 552 4697 iqilur
566 4630 642 4698 operi
656 4644 756 4684 rursus
771 4642 813 4682 me
827 4626 961 4696 impendi,
976 4630 1001 4680 et
1024 4626 1071 4680 hos
1090 4628 1194 4680 estioos
1212 4640 1315 4680 menses
1334 4624 1498 4678 correctioni
1515 4625 1539 4675 el
1559 4618 1676 4674 editioni

24 4727 104 4794 dedi,
120 4724 235 4792 adiutus
250 4721 443 4790 sinquleribus
459 4721 514 4773 luis
525 4719 767 4785 observationibus,
785 4718 923 4771 bonorem
934 4718 1118 4785 sponqiarum
1129 4717 1230 4784 plenis.

68 4814 167 4870 Grates
183 4826 268 4879 porro
291 4826 376 4876 nurse,
398 4811 443 4863 uti
462 4810 539 4874 olim,
560 4806 609 4862 has
627 4812 751 4866 uelorum
770 4808 889 4861 Patrem
908 4807 1020 4861 rrsclotas
1039 4805 1129 4859 denuo
1142 4806 1338 4874 eapumicales,
1355 4803 1514 4871 inpiorum
1528 4802 1675 4853 auctorum

25 4903 212 4959 domesticum
228 4903 309 4953 tuum
324 4899 544 4954 cimiliarchium
558 4902 699 4963 canturos,
717 4912 790 4966 spem
807 4896 876 4963 facil
888 4898 991 4949 certam
1003 4896 1141 4964 praeclara
1156 4895 1207 4948 illa
1224 4897 1273 4946 lae
1287 4893 1429 4954 sedulitas,
1446 4904 1530 4959 quem
1544 4889 1575 4940 in
1590 4890 1677 4941 eleuci-

33 4992 124 5047 dando
139 4994 163 5044 el
176 4989 302 5043 ornando
315 4989 411 5053 blasio,
423 4991 539 5057 parente
554 4989 728 5042 ballensium
740 4987 851 5055 optima,
867 5000 925 5039 non
936 4985 1085 5050 laboribus,
1101 4998 1157 5037 non
1170 4983 1325 5052 sumptibus
1333 4995 1450 5050 parcens
1462 4978 1582 5042 adhibes,
1595 4979 1678 5031 donec

23 5081 146 5149 ‚larrdem
167 5093 237 5132 neore
256 5078 374 5130 amiclas
395 5076 518 5143 synthesi
533 5080 593 5146 post
613 5076 690 5130 hasce
711 5076 791 5142 Vitas,
809 5076 853 5129 his
870 5074 937 5143 ipsis
956 5073 990 5127 a.
1005 5072 1103 5127 hiereli
1125 5073 1211 5126 arreici
1230 5073 1273 5125 tui
1288 5071 1369 5138 lupis,
1384 5068 1494 5136 publico
1511 5067 1678 5120 animarum

35 5170 111 5236 bono,
128 5171 160 5222 in
175 5169 263 5220 liccem
280 5166 382 5219 vareiel.
399 5165 475 5232 Quod
488 5168 520 5218 ut
533 5168 586 5219 cilo
599 5167 658 5232 fiet,
674 5179 766 5218 orienes
781 5179 916 5218 coe-emus.

69 5258 188 5322 Interea,
203 5254 353 5308 adrrrodum
369 5252 595 5308 reverendissima
609 5255 727 5318 domine,
745 5254 816 5307 redit
830 5254 868 5308 ed
881 5256 905 5307 te
923 5256 1054 5321 tuamque
1071 5253 1247 5306 ballensium
1266 5263 1406 5311 aaronem,
1426 5262 1481 5313 qua
1502 5245 1600 5299 ruerito
1618 5243 1677 5308 qlo-

34 5349 110 5401 riari
121 5349 204 5413 prutes,
223 5344 293 5397 liber
305 5342 351 5395 hia
365 5342 494 5410 laborque
506 5343 595 5397 denuo
609 5343 775 5407 desudatus;
797 5342 847 5410 qui
861 5343 981 5410 priscus,
999 5344 1049 5410 qui
1068 5356 1154 5396 nouus
1170 5344 1233 5394 tuus
1249 5342 1286 5391 ast
1301 5340 1381 5400 lotus,
1398 5333 1677 5397 conscientiaeque,

34 5435 184 5502 mancupio
197 5436 272 5486 tuus.
290 5431 410 5485 Tantum
424 5446 472 5485 oro
486 5436 567 5500 atq-ue
579 5433 702 5499 obtestor,
717 5435 748 5485 ut
759 5431 887 5501 praeibas
899 5432 977 5500 apud
987 5431 1076 5485 besem
1085 5432 1222 5500 optimam
1234 5427 1391 5480 mocianum
1403 5425 1503 5493 quibus
1516 5424 1599 5488 cales,
1614 5421 1680 5472 celis

26 5526 165 5589 -obtincrc,
181 5527 212 5576 ut
226 5522 281 5576 hae
293 5523 465 5592 nocendique
481 5523 574 5588 editio,
591 5523 629 5577 ed
640 5522 831 5578 ernulandem
844 5524 1007 5577 sanctorum
1021 5521 1141 5575 Patrem
1156 5519 1288 5572 virtutem
1306 5516 1338 5568 in
1356 5515 1435 5568 orani
1454 5513 1582 5579 reliqioso
1600 5511 1678 5572 calu,

23 5617 88 5683 ¹toto
104 5611 166 5668 orbe
182 5614 324 5668 terrerem
337 5612 483 5681 secundior
497 5625 631 5684 apparere
640 5614 737 5682 possit.
