3818 6120
126 317 178 377 ⁶263
631 300 681 356 DE
698 297 793 355 vius
812 292 961 351 PATRUM
979 294 1086 351 LIBER
1104 293 1249 351 PRIMUS.
1711 288 1765 350 tol

126 463 157 499 re
170 441 330 504 novissimo,
344 434 501 508 quicunque
511 420 921 498 fratribuspraeeruntperrersi
931 420 957 481 Α
967 421 1097 475 monachi
1108 421 1190 491 juxta
1203 418 1435 475 consuetudinem
1457 434 1552 474 coram
1571 434 1638 473 sene
1662 416 1699 473 ad
1714 432 1763 473 uu·

127 532 213 588 futuri
227 534 302 593 sunt,
315 517 604 598 qualeseruntilliqui
615 514 667 570 sub
677 530 774 569 eorum
786 509 921 581 regimine
962 509 1096 564 diendum
1105 509 1222 563 verbum
1236 509 1287 563 Dei
1303 508 1499 563 constiterunt.
1517 508 1571 573 Qui
1587 508 1718 579 aperiens
1731 523 1763 561 os

127 616 324 676 versabuntur?
340 616 435 668 t'aeeus
450 607 561 664 enimsi
576 621 647 660 caeco
657 604 790 657 ducatum
805 598 920 671 prebet,
963 614 1054 664 suurn,
1071 598 1189 653 docebat
1201 615 1258 665 eos,
1274 597 1369 652 dicens
1383 614 1390 651 ε
1405 597 1496 651 Filioli
1509 597 1575 661 mei,
1590 601 1764 668 quantocun-

126 716 244 778 uterque
258 706 286 759 in
297 705 404 758 foueam
419 699 494 754 cadit
511 696 617 763 tllutlb.
634 697 690 759 rr).
707 692 768 745 lleu
784 689 843 743 me!
856 687 923 759 quio
964 704 1017 758 que
1032 687 1109 742 vobis
1124 692 1167 741 est
1180 687 1268 741 uirtus
1283 691 1368 758 atque
1392 685 1572 757 possibilitas,
1596 702 1647 757 pro
1672 685 1764 740 seluto

126 799 229 851 frustra
243 800 271 848 et
285 806 456 864 supervacue
471 784 603 841 laboravi.
618 783 769 843 Memento,
791 776 920 843 Domino,
963 783 1055 830 restra
1070 781 1175 830 certate
1190 775 1309 841 fortiter,
1319 775 1486 830 etadversus
1501 779 1642 829 armatum
1653 775 1765 829 hostem

125 885 283 940 studiorum
295 880 556 949 meorumquaetuo
576 866 851 940 muneroporfecisti3
865 880 923 919 me·
963 865 1081 919 viriliter
1095 866 1227 919 dimicate
1243 883 1249 917 :
1266 865 1343 936 prius
1359 881 1444 936 quam
1458 864 1553 919 veniat
1570 869 1692 935 tempus,
1709 880 1764 935 quo

125 977 221 1026 mente
235 970 405 1024 famulorum
417 972 540 1027 tuorurn,
549 959 596 1032 qui
607 955 924 1013 tibitotamontedeser·
964 954 1160 1024 nosmetipsos,
1177 953 1200 1008 si
1214 960 1310 1008 temon
1327 953 1432 1007 inertes
1449 953 1584 1008 fuerimus
1598 970 1631 1007 ec
1641 951 1763 1017 desides,

126 1062 221 1128 uiunt;
238 1062 378 1113 memento
387 1051 548 1109 testamenti
563 1048 614 1114 tui,
626 1047 699 1119 quod
715 1061 804 1116 usque
814 1042 923 1097 adcon·
965 1043 1326 1098 miserabililamentatione
1336 1043 1576 1114 plangamusNon
1588 1040 1766 1113 negligamus

126 1148 344 1204 summationem
351 1139 526 1199 sroculiutuis
535 1135 687 1210 promisisti
695 1132 828 1188 custodiri
836 1131 924 1185 culto·
965 1132 1025 1186 dios
1037 1142 1156 1197 nostros,
1173 1149 1242 1204 quos
1257 1132 1375 1202 largitus
1391 1136 1434 1186 est
1447 1131 1528 1186 nobis
1542 1131 1700 1197 Dorninus;
1716 1129 1766 1185 sed

127 1238 213 1292 ribus.
228 1237 270 1290 Tu
290 1232 373 1297 nosti,
392 1229 520 1287 Domine,
530 1226 596 1298 quia
610 1241 643 1279 ex
653 1239 708 1294 quo
723 1220 832 1291 suscepi
849 1220 924 1273 hunc
965 1238 1115 1292 operemur
1125 1221 1154 1275 in
1170 1221 1209 1276 eis
1222 1238 1287 1275 cum
1299 1220 1375 1275 omni
1387 1221 1533 1275 alacritate
1542 1220 1686 1275 uirtutem.
1698 1219 1765 1274 Dico

127 1326 253 1382 habiturn
261 1318 486 1387 monuclri,nimis
493 1314 726 1370 hurniliatussum
736 1311 765 1364 in
774 1312 924 1379 conspectu
965 1310 1040 1364 enim
1054 1309 1140 1377 vobis,
1158 1310 1290 1381 quoniam
1307 1310 1331 1364 si
1355 1309 1464 1364 sciretis
1487 1315 1593 1381 quanta
1610 1308 1715 1363 sanctis
1735 1307 1766 1363 in

128 1422 187 1479 tuo,
199 1428 343 1483 nunquam
358 1408 475 1463 sitiatus
488 1421 550 1459 sum
559 1406 676 1474 pane,et
685 1415 768 1470 aqua,
782 1397 823 1451 vel
833 1395 924 1467 quali·
965 1399 1124 1453 coelestibus
1138 1398 1212 1453 bone
1225 1404 1325 1470 parata
1339 1403 1414 1463 sunt,
1427 1404 1457 1453 et
1471 1415 1533 1469 quae
1547 1404 1690 1453 tormenta
1704 1413 1766 1452 ma.

129 1505 175 1559 bet
187 1507 316 1558 creatura
331 1499 386 1552 alia
401 1512 484 1567 qutun
500 1491 599 1546 fecisti·
965 1493 1052 1542 noant
1063 1505 1120 1552 eos,
1139 1487 1187 1559 qui
1200 1505 1217 1541 a
1231 1487 1343 1542 virtutis
1358 1487 1656 1551 itinerederiarerunt,
1669 1485 1765 1557 cogni·

164 1594 229 1647 Herc
244 1607 277 1645 oo
292 1589 411 1650 dicente,
428 1601 479 1638 vox
493 1583 527 1636 nd
541 1578 689 1635 eumfacit
702 1581 754 1637 est,
766 1575 870 1629 dicens:
882 1573 925 1627 Ne
965 1582 1050 1648 taque
1065 1577 1192 1644 veritate,
1206 1577 1299 1631 nonin
1312 1593 1344 1631 eu
1353 1576 1436 1646 digne
1446 1576 1549 1631 versati
1558 1582 1635 1637 sunt,
1647 1575 1765 1630 summis

128 1674 422 1752 glorier·is,l³achon1i,
439 1689 503 1726 cum
514 1670 551 1724 sis
558 1670 651 1730 horam
667 1662 926 1734 etindigeasmise-
968 1665 1066 1737 utique
1083 1666 1187 1720 viribus
1200 1671 1306 1720 aeterna
1320 1666 1457 1737 supplicia
1468 1665 1599 1733 vitantes,
1616 1664 1766 1719 haeredita.

129 1767 260 1823 ricordia.
272 1764 338 1836 quia
351 1768 453 1817 cuncta
464 1776 524 1830 quae
534 1755 657 1820 condidi,
673 1770 736 1808 mea
746 1751 926 1806 miseratione
936 1735 959 1794 B
969 1761 1025 1809 tem
1040 1755 1115 1808 illam
1143 1755 1263 1817 beatam,
1279 1772 1340 1826 quae
1355 1754 1404 1809 Dei
1427 1754 1540 1808 famulis
1554 1755 1694 1825 promissa
1713 1760 1764 1820 est,

130 1856 296 1912 subsistunt.
305 1851 358 1916 Qui
366 1848 511 1904 confestim
522 1848 680 1917 prostratus
691 1842 719 1896 in
727 1837 927 1905 terramiseri·
968 1843 1137 1898 festinaretis
1158 1844 1273 1915 adipisci
1292 1862 1298 1897 :
1318 1860 1402 1915 qum„
1431 1860 1521 1907 nemo,
1545 1843 1599 1897 nisi
1619 1844 1712 1897 malus
1734 1858 1766 1897 ,w

130 1945 252 2001 cordiam
277 1939 388 1996 Domini
410 1934 579 2009 postulabat,
602 1932 698 1986 dicens
715 1948 720 1983 :
742 1928 926 1999 Omnipotens
968 1933 1103 2004 perditus,
1115 1933 1186 2003 fugit
1200 1950 1232 1986 ae
1245 1932 1363 2004 negligit
1374 1952 1380 1998 3
1393 1932 1458 2004 quia
1473 1932 1539 2004 quid
1549 1932 1675 1999 amittat,
1691 1931 1766 2003 peni·

132 2036 229 2098 Deus,
246 2030 360 2085 ueniant
382 2025 452 2080 milri
475 2022 670 2077 miserationes
684 2026 763 2083 tuae,
789 2022 818 2071 et
836 2016 925 2069 rivam
966 2027 1012 2076 tus
1026 2022 1128 2088 nescim
1146 2038 1231 2092 quem
1243 2023 1303 2092 jam
1316 2023 1433 2092 jamque
1457 2021 1621 2093 resipiscere
1645 2026 1764 2093 oportet,

127 2126 217 2195 (wa
232 2127 338 2185 cxl'fflli
350 2114 542 2171 OissssssUfssl'ssS
553 2108 923 2170 m3501'100rdissstuassssmet
967 2116 996 2165 et
1009 2111 1130 2165 terrenis
1140 2110 1244 2165 absolvi
1263 2109 1472 2182 cupiditatibus,
1489 2115 1522 2164 ut
1534 2110 1610 2163 rnalo
1624 2109 1767 2181 praeterite

130 2212 196 2283 quia
210 2205 400 2263 misericordia
411 2208 439 2258 et
452 2202 554 2257 veritas
564 2207 732 2269 tuasemper
744 2199 927 2266 susceperunt
966 2200 1095 2253 deflendo
1106 2200 1222 2270 jugiter,
1231 2199 1434 2270 indulgentiam
1443 2199 1555 2253 pomini
1565 2205 1764 2269 consequatur,

132 2318 177 2355 ¹¹¹0
189 2302 271 2367 (laet.
287 2297 383 2363 mlli-
395 2284 815 2360 S⁰i⁰⁰¹¹im⁰l30=D⁰¹¹¹iss0dl¹¹ifl
837 2290 855 2348 Ι
863 2287 927 2349 ³8
968 2294 996 2342 ot
1009 2287 1049 2342 sic
1062 2288 1097 2342 ad
1111 2288 1226 2342 meliora
1242 2304 1400 2351 conversus,
1416 2286 1471 2341 iter
1479 2304 1561 2341 suum
1573 2287 1690 2357 dirigat,
1701 2303 1768 2359 quo·

135 2394 238 2445 nutant
247 2392 276 2441 et
289 2384 448 2440 claudicant
461 2395 593 2434 umrersa
607 2377 668 2432 sine
681 2371 862 2447 protectionis
873 2377 927 2426 tuae
967 2383 1049 2431 tenus
1064 2377 1092 2431 in
1108 2376 1182 2432 exitu
1195 2376 1257 2431 vitm
1268 2377 1348 2431 letus
1361 2375 1492 2442 existens,
1504 2377 1539 2430 ad
1555 2376 1699 2430 caelestem
1715 2376 1767 2431 Re-

131 2477 245 2531 auxilio.
255 2475 319 2528 lltec
329 2467 527 2532 cumdinisset,
535 2465 686 2519 astiterunt
699 2477 783 2532 super
797 2476 861 2513 oum
881 2475 929 2513 an·
967 2483 1031 2535 gem
1041 2482 1105 2520 cum
1120 2482 1224 2535 magns,
1234 2465 1315 2520 laudi,
1330 2465 1492 2536 peffenjap3
1507 2464 1619 2535 quando
1633 2469 1767 2520 terrem

129 2566 184 2637 ssssfi
200 2563 279 2630 lueis,
294 2566 322 2615 et
335 2557 445 2630 iul'fflliss
459 2556 487 2610 in
500 2555 592 2609 ¹¹¹⁰di0
603 2569 710 2618 eorum,
723 2548 855 2603 ineffabili
867 2548 928 2620 pul·
967 2556 1021 2609 hort
1040 2554 1232 2609 habitaculum
1250 2555 1381 2609 deserens
1400 2553 1504 2617 anima,
1522 2554 1557 2608 ad
1577 2553 1766 2625 cognitionem

130 2651 289 2709 chritudine
299 2655 383 2719 atque
393 2645 520 2701 claritate
531 2641 721 2713 resplendens,
732 2638 875 2710 quiinstar
884 2654 928 2691 so·
967 2660 1025 2698 gum
1038 2643 1202 2698 substantii,
1211 2649 1357 2715 properat,
1370 2643 1481 2714 quando
1496 2642 1769 2699 coepespbussoeim

131 2744 165 2797 lis
180 2760 213 2796 ex
238 2757 267 2794 St*
282 2736 397 2808 sultlffl'ls
419 2733 511 2788 ludim
535 2729 701 2793 Omiiilbfli,
718 2727 823 2781 habens
843 2743 928 2797 super
969 2732 1128 2796 virtutibus
1143 2733 1178 2786 ad
1193 2734 1305 2787 Patrem
1321 2732 1459 2787 luminum
1478 2732 1624 2803 pervenire
1642 2731 1766 2788 festinat

130 2836 215 2902 caput
229 2844 360 2884 coronam
376 2825 513 2895 spineam.
530 2822 566 2875 Et
574 2821 697 2874 levantes
707 2835 723 2872 a
734 2822 811 2871 terro
824 2815 928 2870 Pacho-
968 2821 1041 2886 Quid
1053 2822 1196 2875 extollitur
1205 2822 1289 2875 honio
1297 2838 1347 2892 pet
1356 2838 1456 2875 ranam
1471 2821 1498 2891 gt
1513 2821 1610 2874 iiam?
1623 2821 1698 2885 Quid
1712 2820 1768 2875 eii.

132 2921 219 2975 urium
231 2916 334 2988 angeli,
347 2914 443 2968 dicunt
457 2911 502 2964 ei:
519 2909 657 2974 Quoniam
667 2906 762 2978 petisti
777 2922 793 2959 a
807 2903 926 2959 Domino
966 2910 1043 2980 gitur
1052 2911 1163 2981 pulrisl
1177 2910 1248 2975 Quid
1259 2909 1385 2981 superbit
1395 2917 1469 2964 terra
1481 2915 1510 2963 et
1525 2909 1597 2964 cinis
1609 2910 1707 2982 (Eruli.
1717 2908 1768 2979 xl?

132 3006 363 3070 nrisericordium,
374 3018 436 3057 ecce
447 2995 776 3054 renitlibimisericordia
785 3000 842 3052 tua.
852 2994 927 3047 neus
967 2999 1138 3069 plangamus
1153 2999 1289 3071 nosipsos
1304 2999 1397 3071 potius
1412 2999 1479 3052 dum
1493 3003 1606 3070 tempus
1620 2997 1766 3066 babemus,

129 3099 224 3171 gloriae
238 3098 319 3151 lesus
330 3091 458 3148 Christus
473 3089 561 3143 Filius
579 3087 629 3141 Dei
645 3084 736 3141 Patris
751 3082 922 3153 unigenitus,
935 3091 1002 3152 Gne
1029 3105 1092 3142 curn
1114 3087 1198 3142 fuerit
1223 3089 1333 3159 expleta
1352 3088 1470 3158 singulis
1492 3087 1647 3142 terminata
1659 3086 1766 3156 dilatio,

130 3186 335 3260 quimissusest
345 3177 610 3243 inlruncmundum,
621 3181 649 3230 et
658 3191 707 3246 pro
717 3174 807 3228 solute
816 3170 927 3241 generis
968 3182 1035 3230 lunc
1060 3176 1238 3231 inveniamur
1261 3182 1372 3248 tempus
1397 3177 1567 3248 penitentiae
1594 3192 1766 3248 exposcere,

129 3276 246 3332 hnmani
261 3271 408 3328 crucifixus
416 3273 468 3334 est,
477 3267 604 3339 spineam
613 3267 705 3318 terens
715 3261 841 3333 incapite
851 3277 928 3315 coro-
968 3266 1079 3336 quando
1091 3266 1150 3335 jem
1178 3265 1303 3337 accipere
1322 3282 1378 3320 nen
1397 3281 1548 3320 meremur.
1564 3266 1596 3320 In
1618 3266 1673 3320 litte
1692 3264 1768 3321 enim

130 3385 204 3422 nuut-
222 3367 256 3419 Et
268 3359 433 3417 Pacirolnius
448 3357 501 3411 ait:
518 3356 574 3410 01¹0
589 3353 718 3419 Domine,
734 3350 861 3422 nunquid
875 3366 927 3419 ego
951 3352 1025 3408 'rita
1038 3354 1118 3409 nobis
1128 3356 1353 3426 poccatadellore
1362 3355 1529 3426 perarissum
1543 3359 1587 3408 est
1599 3373 1605 3421 ;
1617 3354 1647 3408 ἰη
1659 3354 1768 3410 inferno

129 3441 841 3517 tecrueifrxi?lltDmninusplacidioraitadeum:
864 3440 927 3493 Non
968 3444 1162 3509 autem,sicut
1183 3449 1308 3498 usancto
1336 3443 1422 3497 David
1451 3444 1589 3514 propheta
1606 3442 1767 3509 didicimus,

130 3552 161 3600 tu
175 3544 288 3615 ‹puidem
302 3535 463 3594 crucifixisti
474 3551 528 3597 me,
538 3532 586 3586 sed
597 3535 730 3603 parentes
740 3529 791 3582 tui.
807 3528 927 3582 Verum-
969 3532 1031 3601 quis
1044 3531 1221 3586 confitebitur
1237 3532 1294 3586 Deo
1311 3534 1392 3601 (Psul.
1410 3531 1467 3600 rit?
1483 3531 1574 3585 Nimis
1597 3531 1695 3586 aalma
1720 3531 1768 3586 illa

130 3641 226 3689 larrren
240 3626 423 3697 animaequior
439 3629 517 3688 esto,
535 3627 563 3675 et
577 3620 750 3674 confortetur
764 3613 811 3671 dor
825 3623 924 3682 tuum,
968 3619 1102 3691 probatur
1116 3619 1221 3686 infelix,
1237 3625 1265 3674 et
1290 3619 1365 3674 omni
1389 3620 1578 3692 lacrymarum
1597 3620 1675 3675 fonte
1689 3621 1767 3693 pilan-

131 3722 197 3792 quia
212 3717 360 3790 posteritas
375 3720 425 3768 tua
438 3710 563 3765 manebit
577 3709 606 3763 in
617 3708 757 3773 sarculum,
774 3723 825 3759 nec
839 3721 927 3775 usque
966 3709 1067 3777 gentle,
1079 3725 1140 3779 quie
1153 3709 1253 3763 saeculo
1269 3706 1443 3775 renuntiem,
1461 3710 1563 3763 iteruin
1583 3709 1678 3764 saecuti
1696 3708 1768 3765 acti.

80 3845 91 3865 .
130 3827 160 3864 m
175 3811 259 3862 linem
275 3803 372 3859 mumli
390 3800 513 3865 deficiet,
532 3797 640 3870 ipsiquo
656 3796 703 3868 qui
720 3801 823 3867 postte
838 3793 927 3848 futuri
968 3796 1020 3853 bus
1045 3797 1213 3868 implicatur,
1231 3804 1259 3851 et
1278 3797 1425 3851 inutilibus
1451 3797 1557 3852 dudum
1581 3798 1658 3853 curis
1672 3804 1765 3865 exuta,

131 3902 206 3962 sunt,
218 3895 252 3949 de
266 3890 404 3965 profunda
423 3889 471 3942 illa
484 3886 602 3957 ealigine
626 3884 829 3950 liberabuntur,
845 3886 927 3953 quot·
969 3903 1081 3940 rursum
1091 3886 1165 3940 redit
1176 3887 1210 3940 ed
1224 3887 1300 3941 dune
1319 3886 1461 3940 servitutis
1482 3886 1626 3957 obsequia.
1645 3888 1681 3942 Et
1693 3887 1766 3954 ideo,

130 3989 200 4056 ‹puot
211 3982 331 4037 vixerint
343 3977 525 4037 abstinenter,
548 3980 577 4029 ot
592 3991 687 4028 curam
701 3971 928 4043 salutispropriae
969 3974 1125 4029 charissimi
1139 3975 1250 4041 fratres,
1266 3975 1363 4030 abhoc
1382 3974 1505 4029 instabili
1525 3976 1642 4037 mundo,
1661 3981 1769 4049 etpost

130 4072 279 4147 gesserint.
295 4069 378 4125 Modo
393 4065 569 4136 namquequi
581 4063 731 4137 praesentia
742 4069 828 4116 tunso
837 4059 927 4115 conti·
968 4064 1115 4134 paululum
1129 4067 1294 4131 transituro,
1307 4070 1473 4135 perpetuam
1498 4063 1667 4136 beatamque
1680 4066 1766 4120 ritem

132 4168 209 4230 nent,
218 4168 332 4216 tuorum
343 4163 492 4228 soquentes
508 4153 635 4224 exempla
647 4152 793 4218 uirtutum,
806 4150 929 4204 maximo
970 4151 1049 4206 nobis
1065 4169 1120 4206 non
1133 4153 1275 4224 patiamur
1287 4153 1401 4207 auferri.
1415 4154 1519 4208 Vereor
1533 4159 1640 4219 nutem,
1649 4160 1678 4209 et
1693 4160 1769 4210 totus

130 4251 228 4326 gratiae
242 4251 304 4304 luce
323 4245 521 4318 resplendent;
539 4248 602 4314 post
615 4246 728 4306 terero,
745 4240 792 4312 qui
806 4239 928 4310 inhujus
970 4241 1082 4313 penitus
1095 4242 1267 4309 intremissa,
1291 4242 1433 4297 necareris
1455 4249 1556 4297 nostrae
1578 4248 1714 4315 parentes
1727 4242 1769 4299 uei

130 4342 223 4399 saeculi
235 4334 466 4411 caliginofuorint
477 4330 629 4398 immorati,
642 4328 870 4401 quiapnrdonter
883 4326 928 4381 in·
969 4329 1062 4385 saeculi
1085 4330 1179 4391 rebus,
1198 4337 1227 4385 et
1250 4331 1313 4385 rite
1332 4332 1477 4403 paesentis
1489 4331 1619 4404 occupati
1637 4332 1766 4404 negotiis,

131 4432 325 4504 telligentquae
336 4424 456 4497 petenda
466 4426 541 4488 sunt,
554 4436 648 4491 quoere
657 4418 800 4489 fugienda,
812 4422 928 4488 etspon·
936 4409 960 4468 D
969 4419 1017 4491 qui
1032 4419 1169 4490 putabant
1181 4437 1233 4475 nos
1244 4420 1403 4475 deseruisse
1415 4421 1602 4489 mundimulu‚
1612 4427 1643 4477 et
1656 4421 1692 4477 ab
1705 4421 1769 4477 hine

130 4528 215 4577 tanea
223 4520 366 4573 voluntate
376 4511 452 4567 nullo
464 4509 626 4564 humanitus
632 4513 743 4562 utentes
754 4506 928 4577 exemplo,de
966 4510 1026 4579 jam
1039 4509 1097 4563 rita
1108 4508 1163 4563 frui
1172 4515 1317 4581 perpetua,
1330 4526 1381 4564 suo
1390 4527 1441 4564 nos
1449 4510 1554 4580 judicio
1568 4511 1766 4577 condemnent,

132 4608 218 4662 tantis
230 4601 385 4660 exsilierint
399 4596 708 4665 tenebris,omnernquo
716 4592 856 4663 justitiam
868 4609 927 4648 scr·
968 4598 1093 4652 dicentes
1109 4597 1189 4652 nobis
1204 4618 1210 4653 :
1228 4599 1373 4664 Quomodo
1395 4599 1492 4654 lassati
1515 4599 1583 4654 estis
1607 4600 1638 4655 in
1662 4600 1768 4655 semin,

130 4703 238 4761 rantes,
254 4699 389 4749 aeternam
404 4687 559 4741 vitamtoto
574 4683 656 4738 corde
671 4682 832 4749 dilexerint3
845 4699 928 4737 amen
970 4687 1068 4741 vestris
1082 4687 1156 4756 (Sap.
1170 4690 1207 4756 r),
1223 4687 1311 4741 tantis
1326 4687 1431 4742 obsessi
1451 4688 1589 4743 miseriis?
1618 4690 1658 4744 Ex
1677 4695 1768 4745 restra

131 4771 839 4854 dicotibiquiaeumistiseruntquinunctecumin
854 4788 928 4826 sum·
969 4793 1091 4847 namque
1113 4781 1171 4830 tum
1187 4793 1290 4847 aragne
1311 4776 1436 4844 tristitia,
1466 4777 1547 4832 nobis
1565 4778 1653 4833 etlam
1667 4795 1768 4835 moemi

132 4888 180 4925 nra
191 4870 397 4926 continentiaet
406 4866 555 4921 sanctitate
565 4860 690 4934 preclari
700 4866 776 4925 sunt,
788 4860 929 4915 eamdem·
969 4865 1094 4932 seccessit,
1111 4870 1140 4920 et
1154 4865 1243 4936 poenis
1262 4866 1366 4920 nostris
1382 4872 1473 4920 vester
1487 4866 1560 4937 ignis
1573 4867 1705 4938 adjectus
1717 4874 1766 4923 est.

134 4960 314 5032 quesulutem
325 4974 357 5011 ae
364 4955 489 5027 requiem
509 4952 672 5007 sortientur.
689 4950 753 5004 llaec
763 4948 857 5003 dicens
871 4950 928 5003 Do·
970 4953 1051 5008 llami
1066 4955 1168 5025 quippe
1183 4955 1272 5009 nostri
1286 4954 1352 5008 sacti
1367 4961 1434 5011 sunt
1456 4955 1580 5023 inutiles,
1597 4972 1649 5011 nec
1662 4956 1768 5012 frustm

134 5049 237 5114 nrinus,
254 5044 413 5101 ascenditin
426 5044 536 5098 eoelum.
547 5042 592 5096 Sic
601 5047 696 5095 autern
709 5038 865 5093 illustratus
880 5054 929 5092 aer
970 5043 1082 5113 quasin
1098 5044 1167 5097 flore
1182 5049 1409 5098 monstraverunt
1419 5044 1568 5099 ediderunt
1589 5045 1645 5099 Sed
1660 5052 1691 5100 et
1702 5044 1771 5101 Μ

134 5142 185 5201 est,
203 5142 234 5190 ut
245 5134 375 5207 splendor
389 5132 458 5186 lucis
473 5131 549 5186 illius
559 5147 615 5184 non
630 5128 719 5201 possit
731 5127 928 5183 lrunrnnissor-
970 5131 1164 5203 propheticum
1180 5149 1214 5186 ne
1229 5132 1310 5187 nobis
1322 5133 1461 5204 ingerant,
1478 5149 1644 5204 expavesco:
1661 5134 1730 5189 Ideo
1743 5134 1771 5189 itt

134 5224 264 5280 ”mnibus
277 5220 416 5293 filiiflii·
970 5220 1206 5292 depraedationem
1221 5227 1357 5276 venerunt
1369 5222 1473 5289 dilecti,
1486 5222 1552 5276 facti
1573 5230 1642 5277 suut
1662 5223 1771 5278 abomi-

169 5316 234 5369 Cu’·
247 5311 343 5367 XLVI·
360 5309 469 5363 -Tunc
481 5315 593 5362 sanctus
608 5307 776 5361 Pochomius
786 5322 872 5377 super
885 5303 928 5360 his
970 5308 1086 5375 nabiles,
1101 5315 1129 5363 et
1139 5327 1242 5364 corona
1255 5310 1355 5381 cepitis
1367 5327 1464 5365 eorum
1476 5310 1587 5366 sublate
1599 5317 1652 5366 est.
1671 5313 1773 5369 Cirite·

134 5421 195 5474 quse
211 5401 264 5456 sibi
279 5405 390 5454 ostensa
412 5403 488 5461 sunt,
516 5396 694 5449 relrernenter
716 5395 869 5457 admirans
892 5395 928 5448 ad
969 5403 1011 5451 tes
1027 5398 1061 5451 ad
1075 5399 1209 5453 Austrum
1224 5400 1293 5463 situ,
1310 5400 1410 5454 clausae
1423 5410 1497 5466 sunt,
1515 5417 1566 5454 nec
1581 5403 1690 5473 estqui
1711 5418 1774 5474 epe-

134 5497 300 5547 nocturnam
315 5486 442 5560 synaxim
457 5501 520 5538 cura
531 5483 662 5538 universa
675 5483 851 5538 fraternitate
865 5500 929 5538 eon·
969 5485 1024 5539 rint
1038 5503 1084 5540 eas
1101 5489 1207 5553 (ferrae.
1224 5492 1298 5556 xm).
1312 5488 1438 5543 Tollatur
1450 5489 1527 5543 enlm
1542 5489 1659 5561 impiuS,
1681 5508 1718 5545 ne
1732 5491 1774 5547 vi-

135 5581 219 5637 reuit.
234 5580 269 5636 Et
283 5572 647 5633 olllciosanctosolemniter
659 5573 821 5644 adimpleto,
835 5573 928 5630 cuncti
970 5574 1036 5630 deut
1048 5575 1167 5646 gloriam
1191 5577 1241 5632 Dei
1262 5577 1326 5649 (lea.
1349 5593 1423 5648 nan,
1443 5580 1595 5634 secundum
1616 5579 1774 5653 Septuuod,
