3818 6120
883 381 959 430 sum
980 381 1048 428 vul.

550 526 779 650 vrrs
807 524 1379 651 samaraeum

299 759 839 911 ΕΡΙΟΤΕΤΙ
889 759 1629 913 PRESBYTERI

940 997 999 1076 ET

466 1187 891 1383 ASTIONIS
937 1188 1362 1323 MONACHI
1416 1260 1471 1338 ur,

694 1423 962 1522 AUCTORE
990 1423 1250 1520 INOERTO.

176 1731 273 1787 Carus
282 1747 432 1789 intuma·-
438 1734 623 1805 Temporibus
634 1735 801 1795 Diocletiani
809 1739 944 1809 profanis·
951 1738 1047 1797 Aoum
1056 1737 1213 1808 pignusper
1223 1742 1300 1792 tuam
1308 1738 1430 1809 gratiam
1436 1754 1602 1811 recuperare
1611 1738 1639 1793 in
1655 1739 1778 1810 priorem

129 1820 208 1875 nimi
221 1821 400 1895 imperatoris
417 1822 466 1893 (ἲ),
477 1830 539 1878 erat
545 1825 659 1896 quidam
666 1825 813 1899 presbyter
822 1828 942 1899 inparti·
982 1825 1110 1880 habitum
1116 1825 1628 1899 ‹lignare,utagnoscatheecgeneratio
1635 1827 1779 1884 incredula

127 1907 193 1965 hus
223 1911 358 1978 Orientis,
375 1912 490 1967 nomine
513 1913 667 1984 Epictetus,
679 1915 840 1986 religiosam
856 1917 941 1972 vitam
982 1919 1157 1986 etperversa,
1168 1916 1662 1971 sanctumetterribilenomentuum
1674 1917 1776 1986 colere,

129 2015 238 2070 agens,
256 2005 285 2055 et
300 2001 431 2055 castusin
442 2001 576 2058 omni-sua
588 2004 797 2060 conversatione
809 2006 940 2062 existens.
983 2007 1011 2058 et
1025 2020 1157 2059 enarrare
1170 2003 1365 2059 mirabiliatua
1377 2005 1407 2060 in
1422 2006 1498 2060 omni
1512 1990 1648 2077 tempore.
1660 2006 1780 2062 Etsmita

132 2087 193 2143 llic
208 2105 332 2161 namque
343 2106 360 2144 a
370 2107 458 2162 parva
472 2092 590 2146 aetatein
599 2093 711 2148 servitio
717 2094 828 2148 Domini
834 2094 941 2149 enutri·
982 2093 1507 2166 oratione,dcsanctillcatooleopuellae
1513 2094 1638 2150 membra
1647 2095 1780 2151 universa

134 2180 198 2243 tus,
217 2177 401 2234 exercebatur
423 2180 453 2234 in
472 2179 601 2235 omnibus
613 2181 862 2252 justificationibus
875 2183 942 2237 lesu
981 2182 1122 2252 perunxit.
1130 2182 1197 2246 Qum
1205 2182 1776 2250 hanesanitntemacruedelamconsecuta,

138 2264 248 2323 Christi
274 2269 357 2335 (Psoi.
389 2268 493 2330 curru).
524 2269 595 2324 Cum
622 2275 717 2324 autem
740 2271 776 2324 ad
801 2278 942 2326 maturam
982 2286 1108 2324 unacum
1114 2270 1779 2342 parentibussuisDominumbcnedicebat.'l'unc

140 2355 320 2427 pervenisset
338 2361 460 2425 atatem,
486 2363 519 2412 ut
545 2358 658 2412 Samuel
680 2360 822 2429 quondam
851 2360 941 2432 ephod
982 2364 1095 2413 sanctus
1114 2359 1256 2430 Epictetus
1266 2361 1398 2431 praeccpit
1407 2360 1481 2431 patri
1497 2361 1597 2432 puellae
1618 2360 1732 2416 dicens:
1748 2362 1778 2416 si

141 2445 318 2500 sacerdotale
330 2446 485 2517 promeruit
498 2452 611 2517 portare
637 2450 663 2516 (I
674 2450 736 2517 lieu.
748 2458 788 2514 ul,
819 2465 852 2503 co
868 2448 941 2520 quod
982 2448 1070 2518 cupis,
1086 2447 1329 2515 ocharissimemi,
1337 2450 1452 2503 utnulla
1464 2449 1613 2521 dereliquo
1630 2449 1779 2505 infirmitas

142 2533 236 2588 multa
263 2534 345 2604 signa
369 2551 402 2588 ac
424 2534 553 2607 prodigia
575 2552 625 2606 per
647 2552 712 2591 eum
731 2536 825 2590 divina
850 2537 948 2608 gratia·
983 2552 1033 2590 seu
1047 2535 1154 2590 vexatio
1167 2537 1447 2608 aliquaindonrotua
1456 2539 1613 2608 praevaleat,
1630 2538 1779 2610 persingu-

143 2620 174 2676 in
201 2621 335 2677 omnibus
369 2622 549 2694 operabatur.
568 2623 694 2694 Denique
712 2641 850 2681 caecorum
868 2642 942 2697 saepe
983 2625 1026 2678 las
1035 2625 1275 2695 septimanascum
1286 2625 1362 2680 omni
1371 2625 1779 2683 tuasamiliadominicasacra-

145 2711 241 2765 oculos
256 2711 431 2766 orationibus
444 2712 631 2778 illuminabat,
648 2713 697 2767 sed
715 2719 743 2768 et
760 2714 885 2786 leprosos
907 2715 941 2769 ad
984 2719 1081 2768 menta
1091 2730 1156 2768 cum
1171 2714 1317 2768 devotione
1325 2715 1426 2769 intima
1439 2719 1469 2769 ct
1482 2715 1586 2770 mundo
1598 2716 1681 2770 corde
1688 2717 1780 2788 perci·

144 2815 175 2853 se
184 2799 332 2855 venientes
346 2800 528 2868 emundabat,
541 2802 710 2873 paralyticos
724 2803 852 2871 sanabat,
867 2803 943 2858 aede
984 2802 1171 2873 peretcstina.
1184 2803 1320 2857 Haeccum
1337 2803 1461 2871 dixisset,
1473 2804 1570 2859 lmtum
1590 2821 1654 2859 eum
1667 2810 1697 2859 et
1706 2804 1780 2861 bono

146 2886 269 2943 obsessis
281 2890 445 2962 corporibus
457 2890 595 2945 daemonia
609 2891 759 2962 effugabat.
984 2889 1079 2944 animo
1094 2906 1157 2945 cum
1172 2891 1302 2946 omnibus
1321 2892 1357 2945 ad
1372 2893 1486 2964 propria
1500 2892 1577 2947 abire
1590 2893 1721 2965 imperat.

178 2977 247 3034 Cer.
259 2978 423 3049 Il.-Igitur
435 2995 493 3034 una
512 2978 648 3045 ediebus,
665 2980 732 3034 dum
753 2979 830 3034 solus
844 2996 896 3035 sua
913 2980 943 3035 in
1020 2978 1086 3034 Cir.
1104 2979 1276 3034 ill-item
1287 2980 1488 3051 aliotempore,
1509 2981 1697 3037 demoniacus
1722 2982 1782 3054 qui-

145 3065 216 3121 cella
228 3066 664 3133 resideret,acsolitesorationes
672 3068 783 3123 Christo
791 3068 942 3134 exhiberet,
985 3067 1092 3121 damad
1103 3084 1168 3122 cum
1183 3068 1329 3122 deductus.
1341 3069 1500 3133 Quemcum
1509 3086 1605 3124 secum
1619 3071 1720 3142 degere
1730 3071 1782 3127 Dei

144 3155 374 3227 quedampuelle
380 3155 490 3211 comitis
496 3157 644 3227 cujusdam
650 3157 851 3223 filia,omnibus
859 3174 945 3212 mem·
984 3155 1069 3210 homo
1084 3156 1204 3222 fecisset,
1217 3157 1429 3228 coepittriduurn
1439 3159 1534 3212 taliter
1540 3158 1667 3214 diabolus
1675 3160 1710 3214 ad
1716 3176 1782 3217 eum

144 3240 200 3298 bris
209 3248 319 3316 praeter
330 3245 456 3316 linguam
462 3250 644 3300 totemortua
658 3246 693 3300 ad
700 3263 763 3301 cum
770 3246 942 3318 perducitur.
984 3243 1130 3299 vociferari
1140 3251 1169 3299 et
1182 3244 1275 3299 dicere
1291 3263 1298 3298 :
1315 3246 1338 3300 0
1350 3263 1426 3312 crux,
1443 3263 1459 3300 o
1473 3251 1625 3314 tormenta,
1645 3265 1706 3319 quae
1720 3248 1783 3303 sine

145 3332 274 3404 Cumque
284 3333 452 3404 proforibus
466 3335 527 3405 ejus
539 3339 619 3405 pater
632 3335 718 3389 liliam
732 3336 882 3407 posuisset,
898 3318 958 3390 inl
986 3349 1069 3389 causa
1084 3333 1185 3403 patior.
1202 3333 1292 3397 Quam
1309 3334 1379 3389 benc
1394 3335 1463 3389 mihi
1483 3351 1594 3407 semper
1607 3336 1637 3389 in
1652 3337 1782 3408 Phrygiae

143 3436 259 3491 gressvm
272 3423 333 3494 ipse
345 3423 380 3477 ad
395 3423 945 3494 sanctum,genibusejussubitoadvolu-
984 3421 1110 3494 partibus
1124 3427 1194 3488 erat,
1209 3424 1348 3493 quomodo
1370 3423 1493 3494 quotidie
1506 3423 1666 3479 hominibus
1688 3431 1783 3493 ,η

145 3513 199 3577 tus,
215 3510 577 3567 taliterclamansetdiccns
588 3531 594 3566 :
606 3513 741 3569 Miserere
755 3514 821 3581 niel,
833 3530 849 3568 o
860 3513 943 3568 homo
984 3527 1078 3565 mcum
1095 3511 1264 3565 sacrificium
1279 3512 1421 3583 ritumque
1443 3512 1615 3567 suadebam?
1626 3513 1656 3567 in
1669 3514 1783 3585 quentis

144 3598 195 3655 Dei
208 3600 322 3668 excelsi,
338 3618 371 3656 eo
382 3601 456 3673 quod
463 3602 538 3657 Deus
558 3606 633 3668 tuus,
652 3607 728 3656 totus
747 3602 906 3657 misericors
915 3607 945 3656 et
987 3599 1082 3671 itaque
1091 3599 1245 3654 honoribus
1258 3615 1310 3671 ego
1324 3600 1410 3654 miser
1418 3600 1475 3655 illic
1485 3601 1632 3672 degebam,
1647 3603 1696 3657 sed
1709 3620 1784 3658 nunc

146 3689 328 3744 miseratore
343 3690 430 3745 servis
444 3691 503 3745 suis
517 3690 728 3761 pronuntiatur.
752 3691 795 3746 Ne
809 3691 878 3745 velis
890 3707 944 3757 me,
986 3703 1075 3758 usque
1085 3703 1141 3743 non
1155 3688 1288 3752 intellexi,
1308 3705 1340 3743 eo
1363 3689 1439 3760 quod
1452 3688 1565 3744 levitate
1581 3691 1704 3760 quadam
1717 3691 1783 3746 inde

146 3794 249 3850 queso,
261 3779 562 3851 projicereafacietua,
575 3796 639 3834 cum
649 3779 945 3850 illegratantersusci-
986 3776 1088 3832 recessi
1103 3777 1192 3832 ethuc
1204 3777 1326 3848 perveni.
1343 3777 1571 3850 Eg013tnamque
1584 3796 1647 3835 sum
1661 3779 1717 3848 ille,
1735 3779 1784 3852 qui

145 3866 202 3939 piat
216 3885 318 3922 omnes
332 3869 367 3922 ad
383 3885 413 3922 se
422 3868 624 3938 confugientes.
651 3869 709 3939 Ego
736 3868 810 3923 enim
833 3869 944 3924 unicam
984 3881 1035 3936 per
1047 3866 1213 3920 Montanum
1231 3866 1354 3938 plurima
1365 3867 1459 3934 rerba,
1476 3874 1505 3923 et
1515 3868 1690 3940 blasphemia
1700 3869 1784 3941 plena

145 3955 233 4013 habeo
245 3957 334 4012 filiam
349 3973 438 4012 annos
450 3958 507 4012 lere
517 3974 551 4012 xv
564 3957 656 4012 etatis
670 3962 810 4028 agentem,
825 3958 873 4012 sed
886 3957 945 4011 haec
984 3954 1098 4025 protuli.
1108 3955 1166 4024 Ego
1176 3972 1226 4025 per
1233 3955 1415 4011 Maximillam
1427 3956 1538 4012 diversa
1550 3959 1709 4030 perpetravi
1723 3974 1784 4013 see·

144 4046 357 4117 perhiennium
364 4045 942 4118 temporisanimiaparalysirlissolutaest.
985 4040 1053 4096 iera.
1067 4043 1125 4113 ligo
1135 4048 1223 4097 totam
1238 4043 1316 4098 illam
1330 4045 1475 4115 regionem
1489 4047 1525 4101 ad
1535 4063 1628 4102 meam
1643 4048 1784 4103 culturam

145 4135 244 4208 Itaque
262 4134 507 4207 nondubitoquod
528 4136 575 4190 ille
583 4135 632 4207 qui
640 4149 679 4190 x11
694 4135 945 4189 annorumflurum
987 4131 1141 4202 sordesque
1154 4132 1271 4186 detraxi.
1283 4134 1341 4204 ligo
1349 4151 1399 4205 per
1406 4134 1505 4189 Arium
1514 4136 1783 4192 Alexandrinamur-

144 4223 293 4295 sanguinis
313 4223 459 4279 restrinxit
467 4225 574 4291 (illailla.
587 4222 636 4292 rx),
654 4223 766 4295 poterit,
781 4223 805 4277 si
815 4222 944 4289 voluerit,
987 4218 1051 4274 bem
1069 4219 1169 4285 invasi,
1184 4226 1268 4292 atque
1279 4227 1310 4275 ut
1320 4222 1422 4276 Filium
1434 4224 1485 4278 Dei
1499 4224 1552 4278 vivi
1566 4232 1723 4281 creaturam
1739 4227 1784 4281 di·

147 4312 246 4369 etliliae
254 4312 562 4385 meaeperteintcgram
570 4312 792 4367 incolumitatem
801 4317 943 4383 prestare,
987 4310 1461 4381 eeretpersuastngoperuanem
1469 4312 1687 4369 Manichaeorum
1697 4315 1785 4370 haere·

147 4418 177 4457 eo
190 4402 271 4475 quod
285 4401 352 4456 fidei
363 4401 450 4475 ipsius
460 4418 513 4457 nos
522 4403 656 4467 vovimus,
674 4407 703 4456 et
716 4401 766 4456 filii
781 4407 884 4456 sanctae
896 4397 977 4460 lic-(l
987 4397 1041 4452 sim
1066 4397 1186 4465 institui,
1201 4403 1285 4469 atquc
1298 4403 1331 4453 ut
1347 4399 1416 4454 mihi
1441 4401 1551 4471 jejunia
1576 4409 1781 4471 consecrarent,

146 4491 238 4546 clesiae
247 4490 403 4559 existimus,
419 4496 505 4563 atque
514 4491 544 4546 in
558 4491 672 4545 nomine
687 4490 780 4545 Patris
800 4496 829 4544 ct
841 4490 904 4545 Filii
918 4495 947 4545 et
986 4486 1107 4541 ostendi.
1117 4487 1176 4557 Ego
1189 4504 1240 4559 per
1249 4487 1393 4543 Donatum
1402 4490 1618 4546 totamAirieam
1631 4491 1783 4547 devastavi.

148 4578 272 4653 Spiritus
281 4580 372 4635 sancti
384 4597 483 4636 sumus
492 4579 636 4652 baptizati.
660 4581 719 4634 Hoc
727 4579 844 4634 audiens
857 4595 948 4634 sacer-
987 4575 1022 4630 Et
1034 4592 1106 4642 cccc,
1118 4586 1193 4631 nunc
1206 4576 1241 4630 ab
1249 4593 1305 4631 uno
1315 4576 1420 4633 famulo
1427 4584 1477 4635 tuo
1488 4586 1521 4635 ut
1528 4581 1701 4651 mancipium
1710 4581 1784 4652 sugi-

146 4667 195 4724 dos
204 4668 332 4735 Domini,
337 4669 550 4741 jussitpuellam
556 4669 630 4723 intro
639 4669 674 4723 ad
685 4684 715 4722 se
723 4668 848 4739 perduci.
856 4668 946 4732 Quam
986 4663 1074 4719 tivum
1087 4665 1190 4736 ligatus
1197 4670 1305 4729 teneor,
1318 4667 1460 4722 oChriste.
1471 4669 1536 4723 Haec
1545 4674 1573 4723 et
1588 4669 1669 4740 plura
1682 4671 1782 4725 horum

146 4774 209 4813 cum
223 4762 294 4813 ante
303 4757 391 4829 ipsius
401 4756 724 4830 pcdespaterposuissct,
740 4756 837 4811 taliter
848 4773 899 4827 pro
913 4773 947 4812 ea
987 4753 1113 4809 daemone
1125 4755 1302 4822 vociferante,
1318 4772 1335 4809 a
1355 4755 1436 4811 beato
1448 4757 1507 4811 viro
1522 4757 1691 4828 increpatus,
1700 4759 1784 4814 tertio

146 4844 232 4902 bomo
240 4845 294 4902 Dei
303 4845 831 4919 precesprofuditadDominumDeum
840 4846 945 4900 dicens:
988 4841 1033 4897 dic
1056 4860 1074 4897 a
1100 4860 1151 4898 suo
1173 4844 1313 4899 domicilio
1327 4846 1450 4910 recessit,
1475 4852 1649 4917 purgataque
1665 4863 1787 4920 persona

146 4933 222 4991 Deus
236 4941 352 5001 ceterae,
361 4933 643 5007 agitatorcherubim,
657 4934 705 5004 qui
714 4934 823 4989 decoelo
837 4935 949 4989 descen·
990 4932 1102 4987 Christo
1114 4933 1234 4988 Domino
1247 4933 1354 5004 gratias
1370 4932 1518 4989 referebat.

146 5022 223 5091 disti,
239 5030 274 5080 ut
287 5025 417 5096 paradiso
430 5025 573 5079 exulatum
596 5023 626 5077 in
646 5023 791 5094 antiquam
800 5022 949 5078 reduceres
1026 5022 1091 5076 Cir.
1104 5021 1151 5076 IV.
1170 5053 1202 5062 -
1216 5022 1279 5076 Alio
1289 5038 1386 5076 rursus
1398 5028 1526 5093 tempore
1544 5040 1616 5079 caeca
1630 5025 1733 5080 mulier
1750 5027 1787 5082 ad

145 5113 365 5186 possessionem,
375 5113 424 5186 qui
438 5130 488 5185 per
497 5111 683 5168 humanitatis
693 5117 749 5167 tuac
764 5112 949 5182 dispensatio·
992 5125 1055 5163 eum
1070 5108 1203 5181 perducto
1213 5116 1264 5177 est,
1276 5116 1304 5164 ct
1313 5114 1392 5165 stans
1409 5128 1504 5166 coram
1518 5112 1588 5184 ipso,
1598 5113 1694 5168 taliter
1705 5116 1790 5170 delle-

145 5208 347 5259 nernnostram
354 5202 549 5258 infirmitatem
559 5200 716 5272 suscepisti,
724 5206 757 5255 ut
763 5205 791 5255 te
804 5218 856 5255 nos
866 5201 895 5255 in
903 5218 951 5256 no-
992 5197 1040 5253 bet
1052 5197 1147 5252 dicens
1159 5216 1165 5250 ε
1178 5199 1231 5261 Qui
1239 5197 1286 5264 sis,
1302 5215 1439 5269 agnosc03
1458 5202 1547 5255 sedet
1561 5208 1698 5273 quantum
1713 5204 1788 5275 apud

145 5291 303 5349 strisvmis
313 5291 594 5364 fictilibuspossidere
609 5305 831 5362 promereamur,
847 5305 948 5360 quaeso,
992 5286 1082 5342 Deum
1095 5288 1197 5351 valeas,
1210 5287 1302 5341 crcdo.
1323 5288 1365 5343 Ne
1373 5304 1440 5359 ergo
1449 5290 1517 5345 velis
1534 5291 1679 5363 despicere
1690 5293 1787 5346 lletum

144 5380 278 5446 Domine,
295 5397 398 5453 quaeso,
415 5381 532 5452 dignare
542 5380 680 5452 respicere
695 5378 725 5432 in
742 5378 824 5431 sulem
849 5377 980 5453 lamuliD
993 5394 1097 5442 meum,
1107 5393 1159 5430 nce
1175 5376 1204 5429 in
1222 5393 1323 5431 vanum
1338 5377 1439 5432 ducere
1450 5378 1670 5436 obsecrationem
1684 5398 1787 5436 meam.

144 5468 189 5527 eni
204 5488 213 5538 ;
228 5474 259 5524 et
270 5469 344 5525 sicut
358 5469 448 5525 tiliam
462 5467 677 5541 archisynagogi
691 5467 726 5522 de
743 5465 842 5521 mortis
852 5467 948 5538 januis
992 5466 1089 5521 Totius
1110 5481 1232 5536 namque
1245 5465 1393 5537 provinciae
1409 5467 1493 5537 hujus
1501 5470 1602 5523 medici
1616 5486 1696 5524 suam
1705 5469 1734 5523 in
1744 5486 1789 5523 mc

142 5557 287 5616 macuti
300 5558 336 5614 ad
350 5558 437 5614 vitam
448 5560 545 5629 (allero.
561 5558 597 5630 vl,
608 5556 650 5613 ite
668 5563 696 5613 et
706 5573 782 5611 nunc
794 5555 879 5628 huJus
889 5557 949 5612 uni·
990 5553 1169 5628 prudentiam
1181 5554 1404 5627 industriamque
1413 5561 1583 5626 exercentes,
1594 5556 1624 5612 in
1637 5558 1713 5613 nullo
1727 5573 1790 5628 pro-

274 5659 410 5725 Psmon.
432 5657 572 5722 Lxxlll.
1633 5657 1671 5716 l3
