3818 6120
136 307 191 366 705
561 312 646 370 VITA
665 312 815 372 SANGTAE
831 313 1034 372 MARCELLAE
1052 312 1183 372 VIDUAE.
1204 314 1372 373 ΝΟΤΑΤΙΟ.
1732 316 1784 377 706

134 431 238 515 domus
253 431 351 499 lsrael,
368 434 499 491 excitavit
513 437 649 493 Dominus
672 439 803 510 spiritum
818 439 936 513 feminae.
948 444 970 502 Α
981 439 1061 506 riori)
1072 440 1201 495 Rufinus
1209 455 1272 493 cum
1283 438 1403 493 Melania
1414 437 1537 494 inferens
1547 441 1615 496 seia
1630 442 1739 511 urbem,
1750 446 1781 502 iu

133 501 249 558 Etenim
257 521 409 576 exsurgens
417 513 484 562 tunc
495 508 606 576 mulier,
616 527 686 565 nora
696 511 815 577 Debora,
825 511 940 582 phalan·
981 527 1043 566 earn
1056 511 1159 565 invexit
1170 512 1289 564 haereses
1299 510 1437 581 Origenis.
1452 510 1527 565 edito
1537 528 1554 566 a
1564 529 1594 566 se
1606 513 1704 570 Latine
1715 517 1779 571 red-

131 590 185 644 ges
196 577 297 631 evertit
311 577 544 634 Chananaeorum.
981 582 1039 636 dito
1050 582 1174 652 ejusdem
1187 582 1309 636 auctoris
1322 582 1500 647 Periarchon,
1513 599 1585 637 noro
1599 601 1671 655 equo
1685 588 1781 659 Troja-

170 648 210 700 Ao
224 650 401 717 simplicitati
411 652 539 704 illuderet
548 653 685 723 episcopi]
695 653 842 712 Baronius.
852 653 918 708 ibid.
931 670 938 706 ε
981 669 1027 718 no,
1039 653 1166 707 hostibus
1178 653 1254 706 intus
1264 653 1432 713 1·elerto,sed
1442 654 1576 724 religione
1590 657 1680 711 velato
1690 658 1779 714 haere-

133 715 280 787 Suggillat
289 726 402 773 sanctus
414 721 603 793 Hieronymus
614 724 706 778 Siricii
716 725 796 795 Papae
805 724 939 795 simplici·
981 725 1225 795 sumquedicendo
1236 724 1326 787 theca,
1345 741 1377 777 ex
1391 740 1447 795 qua
1461 726 1591 795 expositae
1606 736 1672 782 sunt
1688 732 1717 783 in
1727 731 1781 784 Ro·

132 790 235 853 tatem,
246 790 418 844 nondolum.
436 792 593 848 Dumenim
608 810 663 848 non
673 795 773 850 adduci
791 803 896 878 posset,
910 800 941 849 ut
981 811 1066 848 mana
1080 795 1202 849 Ecclesia
1218 794 1320 848 dolosa
1336 811 1459 848 merces:
1476 812 1595 867 quarum
1611 807 1779 856 mercatores

131 859 273 923 crederet,
281 861 311 916 in
321 861 490 917 Christianis
498 864 648 919 adeofama
657 867 814 948 conspicuis
825 867 939 922 haeresis
980 867 1065 920 etiarn
1080 883 1112 920 eo
1123 867 1271 920 dementiae
1282 865 1404 937 prolapsi
1415 871 1489 930 sunt,
1504 869 1574 922 utin
1588 870 1778 940 Apostolicum

131 931 270 985 occultari
284 949 433 999 venenum,
449 949 482 987 ex
497 934 635 1006 probitate
650 938 737 991 animi
750 938 794 991 sui
813 939 938 992 nesciens
979 953 1069 1008 usque
1085 937 1217 991 thronum
1240 952 1287 990 eas
1302 936 1405 990 inferre
1419 938 1597 1005 tentaverint,
1619 958 1675 996 una
1690 943 1779 998 recla-

133 1001 180 1068 (ut
189 1002 239 1066 ait)
252 1004 326 1057 mala
336 1005 495 1060 existimare
509 1006 544 1059 de
558 1006 620 1061 aliis
634 1007 710 1062 haud
722 1009 866 1063 confestim
884 1010 939 1081 spi·
980 1015 1075 1062 mante
1093 1008 1231 1074 Marcella,
1252 1008 1456 1079 extollenteque
1471 1025 1565 1063 vocem
1580 1026 1644 1067 curn
1658 1015 1775 1070 muliere

131 1071 248 1127 ritualia
260 1074 354 1144 gladio
369 1077 515 1146 potestatis
528 1081 574 1135 lut
584 1095 634 1159 par
644 1084 713 1147 erat)
725 1079 848 1134 deforme
860 1097 936 1135 mon·
977 1079 1137 1150 evangelica
1153 1081 1240 1147 (tuce
1252 1092 1303 1139 xn.

131 1148 226 1225 strum
242 1146 383 1210 exstinxit,
399 1163 490 1218 neque
504 1147 638 1204 citissime
652 1150 795 1205 damnavit
803 1151 860 1220 igni
873 1167 934 1205 ver·
1001 1150 1062 1203 Tali
1071 1149 1453 1221 quidemstatulluctuantem
1462 1151 1617 1205 &manem
1625 1151 1776 1208 Ecclesiam

131 1229 245 1297 monem
260 1216 338 1270 illam
352 1233 459 1272 veneno
472 1217 604 1273 refertam
624 1222 678 1291 περὶ
693 1217 779 1292 ἀρχῶν
794 1222 932 1291 Origenis.
974 1219 1779 1294 Anastasiumreperisse,sanctusilieronymus,inepistola

131 1284 214 1341 Licet
228 1293 257 1341 et
271 1287 365 1359 aliqua
377 1289 476 1343 saltem
492 1306 524 1343 ex
539 1298 619 1361 parte
631 1292 838 1346 excusationem
855 1293 931 1346 illam
975 1292 1011 1345 ad
1022 1291 1195 1362 Principiam
1205 1299 1274 1362 lquae
1284 1297 1328 1346 est
1338 1292 1396 1346 haec
1409 1292 1469 1362 ipsa
1483 1293 1619 1348 Marcellae
1628 1294 1778 1357 Vitayindi·

130 1362 288 1439 praetexere
304 1360 368 1430 jure
383 1360 528 1430 potuisset,
545 1362 619 1432 quod
637 1362 765 1433 exemplo
780 1364 933 1434 evangelici
973 1363 1028 1416 cati
1039 1365 1172 1428 (Hieram,
1187 1366 1264 1431 epist.
1280 1362 1331 1431 16).
1344 1363 1435 1433 Hujus
1445 1369 1538 1418 autem
1549 1365 1708 1432 (Anastasii)
1718 1383 1779 1438 quae

131 1429 346 1498 patrisfamilias
357 1446 446 1501 usque
461 1431 495 1484 ad
507 1448 627 1486 messem
638 1434 733 1487 siverit
742 1434 847 1489 zizania
861 1451 933 1489 cres·
974 1440 1068 1504 partes
1077 1433 1190 1497 fuerint,
1208 1433 1281 1487 idem
1300 1440 1413 1487 sanctus
1431 1435 1619 1507 Hieronymus
1629 1436 1664 1489 ad
1679 1437 1779 1492 Deme·

130 1514 208 1566 cere,
225 1516 261 1555 ue
271 1517 333 1555 cum
348 1501 388 1556 sis
398 1501 672 1570 evellerettriticum;
682 1510 845 1574 exspectans
853 1505 934 1559 nimi·
974 1504 1093 1557 triadem
1104 1502 1339 1558 itascribitrldem
1349 1508 1424 1573 epist.
1435 1504 1472 1572 8):
1488 1525 1499 1556 r
1515 1506 1586 1561 Dum
1597 1515 1778 1579 essetparvu·

131 1586 209 1628 rum.
224 1572 317 1643 utqui
331 1589 394 1626 vere
408 1579 501 1628 essent
515 1574 646 1640 haeretici,
662 1576 808 1646 perspicue
823 1582 934 1631 matura
974 1575 1011 1639 la,
1022 1580 1201 1629 etsanctmac
1212 1574 1299 1629 beata
1306 1576 1447 1630 memoria
1457 1577 1623 1632 Anastasius
1630 1579 1722 1649 episco
1744 1597 1778 1635 us

130 1648 240 1713 segete,
255 1642 420 1698 certioribus
434 1644 520 1711 signis
535 1646 635 1700 fierent
656 1647 806 1701 manifesti.
824 1648 933 1702 Etenim
975 1646 1130 1700 Romanam
1147 1651 1258 1715 regeret
1271 1646 1431 1709 Ecclesiam,
1447 1646 1481 1700 de
1501 1647 1624 1703 Orientis
1649 1597 1777 1720 partibus

131 1728 198 1768 cum
214 1715 352 1785 ejusmodi
368 1714 512 1769 hominnm
522 1732 625 1786 genere
640 1718 784 1787 negotium
797 1726 867 1779 erat,
886 1719 933 1789 qui
975 1717 1776 1792 haereticorumsaevutempestas,simplicitatemfideique

130 1792 271 1839 venerant
285 1785 314 1839 in
328 1786 501 1840 vestimentis
515 1788 617 1848 ovium,
628 1805 691 1842 cum
707 1789 875 1843 intrinsecus
890 1806 934 1843 es·
943 1788 1102 1858 Bhpostoli
1115 1804 1179 1842 roce
1196 1788 1310 1842 laudata
1324 1793 1367 1841 est
1383 1791 1467 1855 (Rern.
1480 1795 1537 1854 ΧΗ),
1554 1790 1678 1861 polluere
1693 1798 1723 1845 et
1738 1793 1777 1846 la-

130 1861 198 1910 seut
209 1855 268 1926 lupi
277 1872 401 1939 rapaces,
411 1857 596 1929 allectataque
606 1860 764 1920 sanctitate.
778 1876 868 1915 necea
878 1861 937 1930 qui·
978 1857 1116 1912 befactare
1131 1865 1231 1912 conatu
1244 1864 1295 1912 est.
1312 1859 1367 1912 Sed
1384 1859 1425 1913 vir
1438 1859 1581 1916 ditissima
1592 1863 1775 1933 paupertatis,

131 1925 199 1982 dem
215 1927 331 1998 vulgari.
346 1928 393 1983 sed
410 1944 472 1998 que
487 1938 560 1983 esset
569 1935 628 1985 toto
639 1930 705 1984 orbe
719 1936 854 2002 spectata,
864 1931 936 2002 aspi·
977 1934 1006 1983 et
1017 1930 1174 2001 apostolica
1188 1929 1394 1994 sollicitudinis,
1408 1931 1503 1985 statim
1528 1932 1643 1986 noxium
1655 1935 1777 2004 percutit

132 1996 202 2052 dum
217 2015 269 2052 ova
282 1996 416 2055 foverent.
977 2006 1071 2071 capnt,
1087 2006 1115 2054 et
1128 1999 1270 2054 sibilantia
1284 2000 1380 2071 hydrae
1392 2017 1442 2055 ora
1452 2003 1631 2072 compescuit.
1650 2022 1663 2056 e

169 2070 386 2140 Getarumquod
401 2070 475 2125 haud
485 2071 617 2124 velociter
631 2071 747 2126 Siricius
762 2073 933 2143 periclitanti
1012 2074 1207 2125 Derrinationis
1231 2072 1422 2125 hereticorum
1445 2074 1499 2126 trac
1512 2075 1568 2140 fuit
1580 2076 1777 2146 principium]

131 2140 281 2195 occasione
291 2141 420 2212 origenis
431 2143 687 2196 errorumoccurrit
699 2143 836 2208 Ecclesiae,
849 2160 934 2215 quam
976 2140 1078 2196 Subdit
1088 2142 1225 2196 Beronius
1242 2160 1247 2194 :
1267 2142 1340 2206 Quid
1353 2149 1448 2197 autem
1461 2150 1554 2198 actum
1576 2145 1614 2199 sit
1624 2161 1689 2200 cum
1704 2147 1778 2201 hna-

131 2211 226 2274 citius,
243 2227 344 2283 nempe
359 2212 425 2266 anni
444 2213 587 2283 sequentis
611 2214 733 2278 exordio,
757 2231 791 2268 es
809 2214 861 2268 ha:
877 2214 935 2269 vita
976 2212 1079 2266 stasius
1092 2230 1167 2294 papa
1180 2213 1277 2267 sedere
1292 2213 1385 2283 carpit,
1400 2230 1459 2268 rem
1476 2212 1552 2269 brevi
1566 2232 1677 2270 summa
1686 2218 1726 2271 ita
1741 2218 1776 2273 ud

131 2280 320 2348 sublatusest,
329 2289 493 2355 erectusque
504 2301 590 2354 super
599 2284 761 2338 cathedram
773 2285 849 2338 Petri
860 2301 935 2339 acer·
975 2283 1146 2353 Principiam
1161 2283 1285 2337 scribens
1300 2292 1414 2338 sanctus
1430 2284 1616 2357 Hieronymus
1631 2288 1776 2359 amplexus

131 2352 408 2426 rimusoppugnator
415 2354 639 2436 origenistarum
647 2355 934 2421 haereticorumhna-
974 2359 1027 2414 est.
1042 2371 1105 2408 cum
1121 2354 1244 2409 ostendit
1257 2361 1384 2409 sanctam
1403 2357 1559 2410 MarceMam
1574 2357 1604 2411 in
1618 2359 1776 2414 causafuis·

130 2425 238 2479 stasius
248 2442 329 2497 papa.
339 2426 417 2508 Saepe
427 2425 541 2496 quidem
551 2431 616 2479 ante
625 2427 758 2508 pavendis
768 2426 933 2482 estdemon·
974 2442 1014 2489 se,
1030 2431 1063 2479 ut
1077 2425 1206 2495 Origeuis
1221 2425 1332 2480 haeresis
1348 2426 1443 2481 Roma
1455 2427 1648 2484 damnaretur.

130 2501 257 2551 matum
271 2495 416 2569 exemplis,
425 2503 458 2551 ut
469 2495 615 2566 pontifices
624 2497 728 2567 rlli,qui
743 2514 856 2552 causam
868 2497 933 2553 ndei
1011 2496 1043 2551 dt
1060 2498 1181 2550 absentes
1205 2494 1364 2569 dornnmi]
1392 2497 1538 2564 Baronius,
1552 2505 1629 2554 tomo
1644 2500 1677 2565 V,
1699 2516 1772 2556 anuo

131 2567 339 2639 paulosegnius
349 2568 743 2632 tractaverunt,scremissius
754 2575 931 2635 curaverunt,
974 2566 1079 2622 Christi
1104 2565 1165 2631 397,
1187 2565 1280 2621 Siricii
1315 2584 1375 2638 apae
1402 2567 1441 2630 13,
1465 2568 1577 2624 Arcadii
1596 2573 1625 2624 at
1644 2571 1770 2638 Honorii,

132 2653 152 2692 a
162 2638 276 2693 Christo
290 2638 423 2709 primario
433 2639 558 2692 omnium
568 2645 677 2708 pastore
685 2639 934 2709 fuerintqnamce·
973 2637 1059 2762 impp.
1075 2636 1100 2704 3,
1116 2638 1176 2691 ait:
1194 2584 1497 2709 Additrilieronymus)
1512 2656 1545 2694 eo
1565 2647 1688 2695 asancta
1702 2643 1775 2696 Mar·

132 2708 233 2764 leriter
242 2725 275 2762 ex
284 2709 336 2764 hac
348 2707 552 2770 vitasubducti,
568 2709 638 2763 adeo
653 2716 686 2763 ut
695 2710 840 2765 manifeste
849 2711 935 2765 fuerit
974 2708 1045 2763 cela
1076 2715 1216 2763 rovectum
1226 2725 1286 2762 esse
1300 2710 1535 2780 negotium,quod
1548 2728 1612 2765 cum
1622 2712 1776 2768 intellexis-

133 2780 318 2842 declaratum,
330 2780 675 2851 summojugiquestudio‚
689 2781 857 2852 specialique
873 2781 933 2835 dili·
974 2786 1038 2835 sent
1052 2726 1183 2843 haeretici,
1209 2796 1270 2833 sese
1290 2781 1351 2849 jam
1371 2780 1517 2835 manifeste
1540 2781 1634 2837 Roma
1650 2783 1774 2838 detectos

171 2851 349 2923 ntiasemper
357 2850 517 2933 invigilasse
526 2867 611 2921 super
620 2851 776 2906 Romanam
784 2852 933 2906 Ecclesiam
975 2866 1045 2914 esse,
1055 2849 1144 2904 vocati
1153 2849 1218 2903 licet
1226 2848 1261 2903 ab
1270 2851 1419 2905 Anastasio
1429 2868 1589 2907 successore
1599 2853 1700 2921 Siricii,
1712 2872 1776 2910 cum

166 2922 261 2977 vinam
271 2921 485 2993 providentiam,
496 2937 532 2975 ne
545 2937 601 2993 qua
612 2922 654 2976 rel
670 2922 722 2975 levi
734 2922 833 2978 saltem
844 2923 934 2994 auspi·
974 2921 1069 2975 uenire
1077 2921 1189 2991 penitus
1198 2930 1385 2986 recusassent,
1395 2921 1525 2979 absentes
1532 2923 1661 2979 damnari
1669 2941 1777 2981 merue-

133 2993 216 3049 cione
231 2993 368 3048 haereticae
382 2991 558 3061 contagionis
570 2999 776 3064 aspergeretur.
937 3015 939 3020 r
975 2991 1047 3046 rint:
1059 2999 1092 3046 ut
1103 2991 1299 3062 planecunctis
1310 2992 1454 3063 perspicue
1469 2996 1633 3118 apparuerit
1642 3012 1699 3050 uon
1709 2997 1776 3051 dor-

172 3064 316 3120 Ocrnentes
335 3064 476 3134 heretica]
496 3064 643 3130 Beronius,
663 3081 770 3135 supra:
789 3065 826 3119 Ex
841 3065 935 3136 paucis
976 3063 1057 3128 mire,
1075 3079 1109 3116 ne
1131 3079 1165 3116 ue
1177 3063 1338 3128 dormitare,
1356 3063 1403 3132 qui
1419 3070 1496 3119 custo
1519 3064 1540 3117 it
1555 3066 1650 3131 lsrael,
1660 3066 1725 3122 licet
1735 3069 1775 3122 in·

134 3133 181 3190 his
201 3152 350 3206 possumus
366 3134 533 3205 inteMigere,
553 3135 714 3189 Marcellam
734 3135 824 3190 valide
843 3136 934 3206 egisse
975 3134 1089 3188 tardum
1107 3080 1148 3186 ihi
1164 3133 1320 3188 doru'rirent
1336 3133 1438 3205 quibus
1457 3134 1590 3206 vigilandi
1611 3152 1713 3191 munus
1735 3139 1778 3191 iu-

135 3213 223 3277 atque
232 3206 389 3262 restituisse
396 3213 539 3261 certamen
552 3225 558 3271 ;
570 3207 685 3276 insuper
695 3212 723 3260 et
736 3207 830 3261 hostes
846 3207 874 3260 in
888 3187 962 3261 fu-ll
976 3204 1092 3259 cambit.

134 3278 385 3349 gamoonvertisse
413 3277 522 3332 Etenim
539 3277 592 3347 ipsi
605 3278 640 3331 ab
663 3293 696 3330 eu
714 3278 807 3349 palam
823 3277 933 3343 defecti,
993 3277 1778 3349 HujustonsploriosaoictoriaoripoMarcellocstlssa·

135 3355 313 3420 negaverunt
322 3348 491 3402 Periarchon
502 3348 640 3402 haeresum
651 3349 872 3420 promptuarium
884 3365 935 3402 sua
976 3346 1083 3410 ronius,
1097 3346 1154 3400 ibid
1183 3346 1297 3411 :Quam
1310 3344 1422 3416 egregie
1437 3344 1523 3400 divini
1536 3347 1636 3417 iudicii
1652 3349 1774 3420 pondere

134 3417 264 3492 ipsorum
274 3419 533 3491 operaiuLatinum
539 3419 935 3485 essecenversum,etinllciati
975 3424 1118 3473 certamen
1132 3416 1185 3471 fuit
1199 3436 1221 3472 ae
1242 3434 1279 3470 ua
1291 3416 1369 3470 lance
1383 3423 1543 3488 pensatum,
1557 3418 1624 3473 dum
1637 3437 1687 3490 per
1699 3421 1778 3475 femi·

135 3497 205 3546 sunt
214 3491 462 3562 pariterseeacum
473 3490 595 3561 Origene
604 3491 710 3545 sentire
722 3509 728 3557 ;
739 3498 769 3544 at
789 3506 823 3544 ue
834 3507 890 3561 prae
904 3507 935 3544 se
975 3504 1042 3543 nam
1055 3488 1122 3542 dissi
1144 3489 1186 3542 ari
1199 3435 1312 3558 delegit,
1329 3487 1404 3558 quod
1431 3487 1502 3542 duce
1523 3488 1629 3543 femina
1641 3507 1692 3562 per
1710 3507 1776 3546 suos

135 3562 260 3617 ferentes
272 3562 437 3616 catholicam
451 3561 639 3631 disciplinam,
650 3569 681 3616 ut
693 3509 834 3615 catholicae
846 3561 935 3615 Eccle-
976 3559 1104 3615 diabolus
1120 3505 1393 3613 firermmachinatus
1406 3558 1411 3610 l
1428 3558 1641 3630 Melanialquod
1655 3568 1684 3616 et
1695 3579 1777 3632 supe·

135 3633 186 3688 siae
201 3634 448 3695 communicantes,
463 3632 795 3703 quesieruntaliomano
805 3633 935 3704 pontifice
976 3631 1087 3685 riusest
1100 3629 1335 3685 demonstratum»
1347 3628 1478 3683 vexillum
1491 3630 1645 3700 impietatis
1664 3633 1776 3702 pietatis

135 3703 248 3759 litteras
266 3703 538 3763 communicatorias,
554 3719 609 3774 quo
629 3719 725 3758 earum
740 3703 935 3758 testificatione
975 3708 1071 3757 tamen
1081 3701 1242 3756 charactere
1251 3700 1494 3764 notatumerexit,
1503 3702 1777 3775 praegrandidispen·

135 3791 167 3830 se
182 3775 336 3857 probarent
348 3775 452 3845 ubique
467 3790 527 3828 esse
541 3774 701 3840 catholicos,
717 3791 750 3829 ac
762 3775 803 3829 ita
818 3774 861 3829 his
877 3791 937 3829 mu·
976 3772 1023 3827 dio
1037 3773 1181 3826 catholica
1191 3772 1325 3826 veritatis.
1334 3772 1405 3825 Nam
1417 3771 1468 3825 sub
1478 3789 1510 3826 eo
1521 3773 1606 3826 etiam
1619 3775 1702 3845 paulo
1713 3781 1776 3846 post

134 3846 191 3901 nita
214 3846 326 3912 litteris,
346 3845 381 3901 ab
404 3845 471 3900 urbe
495 3844 605 3916 probati
626 3844 753 3901 catholici
776 3845 936 3901 discessisse
978 3844 1107 3915 Pelagius
1122 3844 1307 3898 haeresiarcha
1322 3842 1435 3896 ordines
1446 3843 1534 3897 duxit.
1551 3843 1622 3897 Hinc
1638 3844 1687 3898 illa
1699 3846 1777 3927 justa

136 3917 313 3972 riderentur.
979 3916 1094 3987 querela
1103 3915 1192 3969 sancti
1207 3912 1455 3984 Hieronymi,dum
1471 3914 1558 3969 totius
1572 3914 1657 3986 hujus
1672 3917 1777 3972 militia

171 3991 328 4058 Impetront
338 3990 529 4042 eclesiasticos
541 3987 842 4059 epistolas.]Barouius,
850 3986 918 4041 ibid.
929 4005 935 4040 :
978 3992 1105 4040 recenset
1118 3984 1315 4056 antesignanos
1330 4003 1338 4038 .·
1356 4003 1368 4034 ι
1381 3983 1572 4055 Quid,inquit,
1584 3986 1684 4042 volunt
1694 3987 1778 4043 mise·

136 4059 220 4126 Quod
235 4059 269 4114 ad
285 4058 428 4114 Rntlinum
442 4063 559 4130 spectat,
579 4059 632 4112 etsi
653 4060 827 4130 prolecturus
850 4055 938 4128 Aqui·
979 4073 1017 4112 rae
1032 4056 1212 4123 muliercula,
1229 4055 1490 4125 onerataepeccatis,
1500 4073 1562 4127 quae
1576 4057 1778 4114 circumferun-

134 4130 332 4188 leiam.solum
339 4131 462 4201 patrium
473 4130 627 4201 petierit,et
636 4129 773 4201 acceperit
782 4127 886 4199 abipso
898 4129 939 4184 Si·
979 4133 1027 4181 tur
1041 4127 1117 4181 omni
1131 4133 1213 4181 vento
1224 4126 1367 4191 doctriuae,
1383 4143 1495 4196 semper
1508 4127 1647 4182 discentes
1663 4135 1691 4183 et
1704 4146 1778 4184 nun·

135 4201 342 4257 ricioRomano
353 4199 938 4272 pontificecommunicatoriaslitteras,Ca·
979 4214 1064 4268 quam
1074 4197 1109 4251 ad
1119 4197 1266 4252 scientiam
1281 4195 1475 4267 pervenientes
1487 4198 1525 4258 tif
1538 4199 1676 4266 Timar),
1691 4206 1778 4255 etcae-

135 4273 250 4328 tholicis
260 4279 371 4328 tautum
382 4270 667 4343 (utsaepiusdiximust
683 4270 820 4342 impertiri
830 4270 936 4334 solitas,
977 4268 1267 4323 terimuliercularum
1277 4266 1345 4321 socii
1352 4266 1509 4336 prurientes
1520 4268 1777 4340 auribusignoran-

137 4343 256 4399 minime
265 4343 446 4414 cessitculpae
458 4343 564 4398 Siricis
578 4343 650 4397 Nam
665 4359 728 4396 cum
739 4341 939 4411 ipsahaeretica
979 4345 1022 4394 tes
1037 4338 1103 4411 quid
1118 4339 1245 4400 audiant,
1257 4337 1323 4409 quid
1337 4337 1489 4407 loquantur
1501 4340 1779 4407 (Hieron.,cpist..cd

137 4414 337 4486 interpretatio
361 4415 530 4469 Periarchon
547 4413 685 4484 Origenis,
702 4413 815 4468 nomine
830 4419 938 4468 careret
979 4411 1103 4478 Otcsiph„
1120 4411 1183 4464 ado.
1199 4412 1318 4475 Pateat,
1333 4428 1343 4456 ι
1357 4415 1410 4462 etc.
1422 4406 1522 4463 Subdit
1532 4407 1607 4462 enim
1618 4411 1778 4479 pererudite

137 4487 350 4552 auctoris,neca
376 4484 793 4557 uopraefatioillaessetscripta
808 4483 936 4555 liqueret,
978 4481 1136 4562 catalogum
1147 4479 1351 4551 praecipuarum
1362 4477 1510 4544 haeresum,
1523 4494 1584 4549 quae
1609 4480 1777 4536 raeviasem-

137 4556 210 4611 nihil
225 4563 277 4621 est,
296 4503 372 4628 quoii
392 4556 535 4611 Bullinum
558 4555 682 4609 nondum
705 4555 855 4620 detectum,
881 4554 937 4609 imo
999 4569 1029 4606 er
1043 4552 1138 4623 aliqua
1152 4567 1216 4605 cum
1227 4548 1411 4631 heresiarcha
1421 4548 1547 4616 muliere,
1556 4496 1703 4605 infiliciter
1712 4569 1778 4623 pro·

137 4627 308 4683 catholicum
319 4629 536 4692 seclamantem,
546 4633 575 4681 et
586 4626 621 4680 ab
630 4625 707 4680 omni
717 4626 816 4680 haeresi
826 4642 856 4680 se
869 4625 938 4680 alie·
948 4569 1101 4679 Diierunt.
1118 4620 1172 4678 Sed
1187 4621 1319 4676 feminam
1330 4621 1449 4685 femmae,
1464 4627 1493 4675 et
1508 4621 1635 4676 Melania
1650 4622 1778 4679 Christus

138 4714 207 4754 uum
232 4700 403 4755 extrinsecus
417 4700 603 4770 profitentem,
626 4714 643 4751 a
661 4697 798 4752 catholica
812 4713 938 4751 commu·
979 4694 1139 4749 Marcellam
1150 4693 1289 4765 opposuit.
1303 4709 1364 4765 quae
1379 4692 1540 4747 etvictricia
1553 4693 1642 4746 erexit
1652 4692 1686 4748 de
1702 4694 1779 4749 dam·

137 4770 225 4825 aione
239 4776 379 4825 extorrem
395 4771 485 4824 facere
500 4769 623 4824 deberet.
642 4768 700 4823 Nec
718 4769 850 4823 Romane
864 4767 939 4822 sedis
979 4773 1047 4820 nata
1060 4766 1205 4837 impietate
1217 4765 1351 4836 trophaea.

136 4842 227 4896 moris
242 4848 285 4896 est
297 4859 354 4896 non
369 4842 524 4896 convictum
536 4839 697 4912 quempiam
704 4839 901 4894 condemnare.
1016 4838 1140 4892 obsideri
1155 4836 1291 4906 hornam]
1306 4836 1346 4891 Ile
1359 4841 1416 4890 tem
1438 4851 1485 4889 ore
1499 4835 1552 4889 hac
1568 4834 1630 4890 urbi
1645 4835 1778 4891 funestis-

175 4912 317 4968 Ceterum
327 4918 468 4967 ostentare
482 4911 596 4966 solitum
606 4910 691 4965 fuisse
706 4909 849 4965 Rutlinum
864 4925 939 4964 acce·
980 4907 1394 4975 simo,rideBaronium,tomo
1434 4905 1714 4974 ,annoChristi410,
1731 4909 1778 4962 Iu-

191 4999 219 5039 m
230 4983 322 5039 Siricii
332 4984 488 5055 epistolam,
499 4999 554 5055 quo
565 4998 595 5036 se
607 4981 774 5037 catholicum
780 4997 841 5036 esse
851 4980 940 5035 omni·
980 4978 1103 5034 nocentii
1114 4995 1192 5050 papa
1201 4978 1226 5042 9,
1238 4977 1354 5031 Honorii
1363 4975 1404 5042 lt,
1413 4976 1561 5030 Theodosii
1569 4976 1595 5044 3,
1604 4977 1704 5051 impp,
1713 4994 1778 5034 cum

157 5071 192 5110 us
203 5054 419 5120 demonstraret,
435 5060 556 5109 testatur
574 5059 688 5108 sanctus
708 5053 895 5124 Hieronymus
910 5052 939 5105 iu
981 5049 1016 5104 ab
1030 5050 1140 5104 Alarico
1156 5049 1312 5104 Gothorum
1326 5064 1393 5118 rege
1408 5047 1476 5102 urbs
1491 5053 1581 5117 capta.

136 5126 480 5198 apologiaadversuseum
490 5125 655 5195 conscripta,
667 5141 730 5178 cum
741 5123 782 5178 ait
796 5147 801 5177 ;
821 5141 833 5175 a
847 5122 939 5178 Siricii
1016 5123 1151 5176 Marcella
1162 5136 1267 5189 quoquc
1280 5117 1416 5187 domum]
1430 5119 1498 5172 Erat
1513 5118 1572 5173 haec
1585 5118 1614 5174 in
1626 5120 1774 5177 Aventino.

133 5197 198 5268 jam
213 5196 243 5250 in
259 5196 379 5252 Domino
394 5197 560 5251 dormientis
576 5195 682 5266 profers
697 5194 853 5265 epistolam,
864 5200 893 5248 et
901 5193 939 5247 vi·
980 5191 1179 5263 Hieronymus.
1192 5190 1273 5260 epist.
1291 5187 1337 5244 l5l
1348 5207 1354 5241 ε
1367 5208 1377 5239 s
1391 5188 1501 5252 Quodsi
1512 5191 1779 5261 exemplarialibue·

135 5267 230 5322 ventis
254 5268 394 5322 anastasii
414 5267 489 5322 dicta
510 5266 685 5321 contemnis?
704 5286 714 5315 ι
732 5266 797 5320 Haec
811 5264 880 5335 ipse.
897 5264 937 5319 Re
979 5263 1018 5317 rit
1027 5261 1329 5326 rnutuari,velasancta
1339 5259 1540 5331 Marcellaquae
1550 5268 1645 5316 manet
1655 5263 1780 5318 inhien-

136 5337 215 5394 euim
229 5344 327 5409 postea
349 5338 384 5393 ab
407 5339 555 5393 Anastasio
574 5337 644 5391 bene
663 5342 814 5407 comperta,
832 5335 939 5406 accepit
979 5333 1047 5397 tino,
1064 5333 1106 5387 vel
1120 5348 1137 5385 a
1151 5332 1203 5386 Lot
1213 5330 1347 5411 temporis
1361 5331 1460 5394 nostri,
1472 5331 1628 5388 Domnione
1643 5334 1700 5387 viro
1711 5351 1777 5389 sau-

137 5425 226 5482 quam
242 5409 345 5464 meruit
358 5410 487 5465 Ruffinus
501 5410 561 5481 ipse
575 5408 755 5463 sententiam.
978 5404 1103 5458 ctissime
1118 5403 1243 5474 accipere
1258 5406 1371 5472 potens.
1391 5421 1403 5451 ι

174 5480 300 5537 Succedit
316 5484 346 5535 in
355 5484 613 5550 pontifioetmnejus
624 5482 669 5532 eir
685 5480 803 5546 insignis
822 5480 939 5533 Anasta·
1016 5476 1082 5531 Oura
1105 5490 1136 5528 uc
1146 5479 1170 5527 et
1183 5477 1261 5527 ittam
1271 5478 1295 5526 ct
1306 5477 1329 5526 tc
1337 5473 1374 5526 cd
1381 5474 1453 5527 tecti
1458 5477 1573 5542 apostoli
1586 5476 1669 5529 Pauli
1683 5475 1779 5530 hesiti-

136 5547 940 5622 rtais.]Barouius,tomollannoChristi398,Anastasiipa·
980 5546 1070 5627 comi·
1080 5491 1226 5611 geronius,
1243 5547 1319 5599 tomo
1330 5548 1359 5598 et
1374 5559 1448 5598 anno
1458 5543 1587 5627 proxime
1601 5544 1686 5598 citato
1703 5565 1709 5597 2
1725 5545 1779 5610 Qui

137 5636 183 5695 psa
193 5621 220 5687 l,
235 5622 349 5678 Arcadii
360 5626 388 5678 et
400 5628 494 5689 428
504 5621 621 5678 Honorii
627 5621 714 5704 impp.
726 5617 752 5676 l.
765 5619 875 5675 Invenit
883 5618 937 5684 hic,
982 5632 1049 5688 ergo
1063 5619 1177 5690 tarenta
1191 5629 1257 5670 rasa
1265 5628 1345 5670 sacra
1354 5612 1475 5680 barban,
1485 5618 1517 5672 ut
1527 5614 1614 5670 illesa
1623 5622 1778 5684 servarent,

138 5691 191 5761 ait,
198 5692 380 5765 apostolicam
388 5691 494 5762 sedem,
500 5692 590 5765 ipsam
596 5692 674 5747 Petri
681 5688 851 5756 naviculam,
862 5690 942 5762 cujus
982 5685 1141 5745 attulerunt
1153 5702 1187 5742 ea
1200 5684 1382 5743 iubasilicsm
1396 5684 1485 5741 sancti
1495 5684 1572 5740 Petri
1581 5703 1590 5756 ;
1600 5683 1685 5739 iidem
1695 5683 1781 5743 Gothi

138 5762 263 5837 sumpsit
276 5764 431 5837 regendum
442 5762 561 5831 clarum,
573 5759 733 5818 turbinibus
742 5760 878 5834 agitem
887 5757 943 5817 ha·
982 5757 1110 5816 maiestas
1124 5755 1314 5814 unctissimas
1331 5753 1487 5812 femineas
1521 5770 1557 5837 ue
1570 5751 1705 5880 efflamus,
1721 5757 1783 5816 vira

137 5830 303 5904 mussare,
318 5847 383 5894 suus
397 5835 438 5907 lut
451 5832 558 5892 Motum
574 5834 617 5890 art
630 5829 758 5906 pluribus
771 5844 846 5889 anno
861 5843 942 5903 sups-
982 5824 1262 5903 prstloslorsobrlsti
1274 5823 1397 5896 rasam
1410 5827 1508 5897 aposto
1521 5844 1531 5881 ι
1546 5822 1586 5881 Pa
1636 5818 1718 5883 bsslll
