3818 6120
128 282 184 343 530
648 280 699 337 DE
714 282 808 337 Viris
829 283 976 338 un'ruuu
994 284 1102 339 muru
1119 283 1266 340 ruimus.
1714 274 1767 339 Ἦ

129 415 208 469 naris
223 429 273 485 per
285 426 361 465 mare
375 408 513 464 currentis
534 406 665 477 vestigiis,
682 423 767 478 quani
778 407 924 460 homiuum
935 411 1049 475 desset,
1067 416 1151 481 atque
1169 409 1260 463 iratus
1274 405 1445 469 secessisset,
1471 403 1549 459 lilius
1561 402 1593 461 ia
1607 398 1770 461 calumum

129 500 307 576 prosperitati
319 499 387 552 lldes
397 498 526 551 habenda
535 498 571 550 sit
581 516 587 562 ;
599 513 660 566 qiice
671 497 785 550 tandein
795 495 927 566 simplici·
968 497 1120 568 ingressus,
1131 498 1250 554 sublatis
1261 495 1348 551 adsui
1358 493 1521 550 certaminis
1532 491 1672 547 arbitrum
1682 487 1771 545 oculis

128 599 182 657 tes,
199 592 241 644 rel
257 589 399 642 utrectius
414 588 522 656 loquar,
538 587 657 640 stultitia
674 591 701 639 et
712 586 855 640 dementia
869 586 928 641 hmo
968 605 1001 640 er
1016 588 1115 641 intimo
1137 588 1219 641 corde
1235 584 1416 640 adamarit:
1441 581 1560 637 Domine
1583 579 1660 637 lleus
1679 594 1768 641 meus,

129 686 180 745 est,
193 694 295 749 eaquae
307 677 412 731 caduca
426 681 454 729 et
470 675 610 730 imbecilla
630 675 859 745 corruptionique
876 673 926 727 ob·
967 677 1057 730 duleis
1067 669 1645 749 spes,minimequemendexpromissimus
1657 668 1770 727 sumum

129 769 211 823 noxia
220 774 295 832 sunt,
310 767 366 819 imo
385 766 454 820 nihil
468 781 581 835 prorsus
591 769 667 823 sunt,
679 763 713 817 iis
724 780 813 834 quaa
828 780 926 817 corrn·
968 782 1066 821 eorum
1076 766 1124 837 qui
1137 783 1166 820 se
1177 766 1229 820 tibi
1243 770 1318 820 totos
1333 764 1504 819 devoverunt
1523 759 1695 831 perfugium,
1709 773 1772 829 pro·

129 858 224 927 ptione
235 857 328 910 aliene
338 855 548 925 acseinpiterna
562 860 637 917 sunt,
654 854 883 924 potioraducere,
894 869 929 907 ae
968 855 1037 925 pitin
1058 872 1090 909 ae
1112 855 1233 925 benigne
1259 854 1339 909 oculo
1362 850 1485 922 pectoris
1498 849 1553 905 mei
1568 847 1771 907 contritionem

128 952 244 1017 propter
264 944 433 1012 caducarum
457 960 551 997 rerum
568 943 700 1004 fructum,
716 942 854 995 bimarem
868 943 928 995 illo-
969 943 1374 1012 cerneneemederelinquas,
1388 955 1440 995 nec
1454 937 1582 995 discedas
1594 953 1615 991 a
1627 952 1673 989 me
1687 936 1769 1003 irrui.

129 1035 293 1088 rumlruetu
305 1034 342 1087 ah
351 1033 428 1087 omni
438 1033 614 1086 somessione
625 1039 733 1085 remoto
750 1031 870 1102 piireril
885 1033 929 1084 itn
970 1037 1072 1101 xxxvii)
1085 1051 1091 1099 ;
1104 1049 1211 1097 verum,
1223 1033 1305 1102 juxta
1314 1027 1640 1100 pollicitationemtuam,
1651 1022 1770 1079 aboum

128 1140 183 1177 non
199 1124 266 1186 haee,
282 1129 399 1192 opiter,
415 1122 578 1191 intelliges?
597 1123 641 1174 ltu
659 1136 715 1174 non
730 1121 931 1191 praetereuntia
955 1108 1115 1175 'mendacio
1130 1122 1262 1186 alienam,
1287 1135 1407 1184 meeum,
1434 1118 1486 1173 hoc
1511 1122 1563 1177 est,
1576 1131 1643 1169 cum
1655 1111 1769 1182 mugio

130 1211 295 1284 praeteribis,
308 1218 392 1281 atque
406 1212 441 1264 ad
461 1228 495 1264 ea
504 1227 566 1280 quae
576 1210 630 1263 lixa
640 1217 668 1263 et
684 1216 759 1263 certa
770 1214 850 1273 sunt,
866 1210 929 1263 ani·
970 1218 1054 1281 etque
1065 1210 1350 1280 abjectohomuneulo
1360 1205 1530 1262 sis.Teeniu1
1536 1219 1633 1259 rerum
1643 1200 1769 1257 omnium

130 1317 207 1355 mum
222 1300 376 1371 adjunges?
385 1301 428 1353 An
440 1316 495 1353 non
511 1299 632 1370 patriam
646 1298 866 1369 peregrinationi
882 1315 931 1351 an·
970 1299 1146 1354 conditarum
1155 1299 1315 1355 effectorem
1335 1302 1363 1352 et
1375 1295 1593 1365 gubernatorem
1606 1307 1731 1362 Quaero
1744 1296 1770 1347 ot

129 1392 256 1462 tepores,
283 1390 372 1443 lueein
392 1388 526 1449 tenebris,
542 1388 671 1459 spiritum
689 1387 776 1452 carni,
791 1387 877 1440 iiiam
892 1403 931 1440 ae-
971 1391 1115 1443 conliteor.
1131 1387 1268 1452 Quocirca
1281 1387 1311 1441 iii
1321 1387 1373 1441 hac
1387 1385 1523 1456 preclara
1534 1381 1712 1437 consessione
1726 1395 1769 1435 ra·

130 1485 240 1534 ternam
251 1478 357 1534 umbrie
363 1477 472 1541 mertis,
487 1493 520 1531 ea
531 1492 592 1547 quoe
602 1492 660 1530 non
671 1476 835 1529 dilabuntur
848 1476 932 1530 fluxis
971 1479 1019 1532 lim
1035 1495 1080 1533 me
1093 1480 1251 1545 confirmes,
1268 1484 1300 1532 ut
1312 1477 1348 1531 ad
1372 1481 1528 1530 extremum
1537 1488 1628 1543 usque
1641 1469 1772 1541 spiritum

132 1573 160 1622 et
166 1567 333 1638 fragilibus?
354 1570 395 1619 An
410 1583 466 1619 nen
479 1583 512 1620 ex
524 1566 612 1619 atroci
626 1565 679 1619 liae
692 1565 824 1619 horrendi
834 1564 932 1619 mundi
971 1569 1001 1622 in
1017 1585 1050 1622 ea
1064 1584 1255 1639 permaneam.
1273 1566 1390 1637 Respice
1404 1566 1435 1619 in
1451 1580 1506 1629 me,
1522 1570 1552 1617 et
1566 1560 1706 1616 miserere
1718 1557 1771 1615 mei

131 1658 274 1728 principis,
289 1658 341 1709 hec
352 1662 396 1710 est
407 1656 529 1726 perversi
543 1655 646 1709 diaboli
658 1655 804 1720 servitute,
820 1653 888 1724 suga
903 1659 932 1707 te
972 1660 1055 1724 (Prot.
1071 1661 1147 1724 xxii)
1165 1675 1171 1724 ;
1195 1657 1322 1727 mihique
1344 1660 1414 1718 asta,
1431 1654 1549 1707 illaesum
1564 1658 1652 1720 atque
1667 1648 1770 1704 ineolu-

133 1746 280 1811 subduces,
290 1751 373 1816 teque
381 1745 415 1798 ad
427 1744 531 1798 bonum
543 1748 571 1797 et
584 1744 620 1797 ad
635 1743 857 1797 mlsorieoidism
870 1729 964 1813 profi
974 1762 1048 1800 mein
1063 1747 1098 1800 ab
1112 1746 1188 1800 oinni
1206 1747 1317 1800 Satanae
1335 1742 1497 1815 operatione
1522 1757 1567 1795 me
1592 1755 1771 1795 conservans.

131 1835 329 1907 pensissimum
344 1835 495 1888 Dominum
511 1832 660 1887 conferes?
675 1834 720 1886 An
734 1848 819 1886 nona
834 1833 934 1886 niulto·
973 1836 1119 1905 Respiee,o
1134 1837 1201 1900 Rex,
1215 1835 1354 1906 siquidem
1369 1833 1538 1887 animamea
1551 1829 1715 1883 vehementi
1725 1827 1770 1883 tui

131 1920 930 1991 rumcominentitiorumdeorumcultuteipsumabduces,
973 1924 1113 1978 desiderio
1127 1925 1238 1994 flagrat,
1253 1922 1387 1994 etqueita
1397 1922 1511 1975 incensa
1521 1924 1573 1984 est,
1592 1924 1731 1989 tanquam
1745 1917 1773 1972 iii

134 2018 219 2083 atque
229 2013 277 2066 uni
297 2012 357 2066 rivo
367 2029 400 2065 ac
409 2028 475 2065 vero
486 2012 544 2065 Dee
558 2012 664 2065 cultum
678 2009 846 2063 adhibebis?
860 2011 931 2063 Nam
976 2013 1037 2067 sitis
1049 2014 1150 2067 ardore
1159 2014 1188 2067 in
1197 2019 1275 2066 terra
1283 2013 1429 2083 inaquosa,
1443 2007 1706 2065 teimmortalitatis
1713 2006 1773 2061 lon·

132 2103 184 2156 etsi
195 2103 225 2156 in
243 2103 331 2155 Deum
348 2101 554 2172 parcissimum
570 2100 712 2153 multasin
732 2116 795 2153 eum
807 2099 934 2170 blaspbe-
973 2108 1033 2156 tom
1049 2103 1248 2173 concupiscens
1267 2104 1349 2170 (Paul.
1361 2105 1442 2169 cxii).
1453 2098 1597 2154 Netradas
1606 2096 1706 2151 bestiis
1715 2099 1775 2150 aui·

132 2192 203 2245 inias
219 2190 349 2254 elludisti,
361 2196 446 2261 atque
458 2190 545 2260 ipsius
555 2206 649 2243 servos
658 2188 790 2259 gravibus
809 2195 933 2243 termim-
974 2208 1049 2245 mam
1064 2192 1245 2245 confitentem
1268 2189 1337 2244 tibi:
1358 2196 1388 2243 et
1409 2189 1510 2242 animae
1536 2186 1672 2257 pauperis
1685 2185 1777 2240 tuine

131 2281 168 2334 tis
178 2281 348 2334 excruciatos
358 2280 473 2343 necasti,
486 2296 541 2333 rien
553 2287 649 2333 tamen
662 2277 759 2333 dubito
770 2279 838 2348 quin
852 2282 880 2331 te
895 2277 932 2331 ad
973 2280 1143 2335 obliviscaris
1159 2281 1187 2334 in
1201 2281 1286 2333 finem
1303 2281 1384 2348 (Prot.
1400 2274 1508 2348 cxxiii).
1524 2276 1630 2330 Verum
1647 2274 1718 2328 mihi
1731 2273 1776 2327 bo-

131 2371 276 2424 meliorem
291 2376 413 2423 mentem
428 2369 591 2422 redeuntem
606 2375 787 2438 suscepturus
807 2367 853 2428 sit,
869 2383 930 2420 oni·
971 2370 1071 2423 nelieio
1087 2377 1135 2423 tuo
1160 2370 1305 2438 contingat
1332 2375 1365 2422 ut
1387 2384 1439 2439 per
1453 2382 1566 2421 omnem
1580 2364 1646 2419 vilse
1661 2378 1773 2419 mum

134 2460 236 2530 niaque
248 2459 407 2512 delictatua
424 2475 439 2512 e
459 2458 595 2511 meritoria
610 2458 750 2526 ejecturus
776 2457 838 2509 Non
855 2455 930 2509 enim
972 2475 1022 2529 pro
1033 2466 1082 2512 tuo
1092 2459 1320 2528 nominataeque
1330 2456 1504 2511 confessione
1516 2454 1610 2510 emnia
1620 2452 1774 2524 perpetiar.

132 2556 251 2602 mortem
263 2547 573 2617 peceatei·is,sedmagis
583 2551 833 2601 utcoiivertaturet
845 2544 928 2606 rival,
971 2564 1072 2618 meque
1085 2553 1177 2602 totum
1190 2547 1243 2602 tibi
1254 2547 1406 2600 immolem.
1418 2546 1457 2599 Te
1467 2544 1542 2598 enim
1556 2543 1645 2598 robur
1660 2542 1776 2596 affarea·

132 2637 179 2689 ille
193 2637 253 2688 vult
265 2636 373 2704 (Erech.
386 2638 475 2701 tulli),
491 2634 538 2704 qui
559 2639 590 2687 ut
604 2650 654 2687 nos
667 2651 685 2687 a
705 2638 781 2689 recta
794 2634 838 2687 vie
852 2633 931 2687 aber·
971 2642 1010 2703 te,
1027 2637 1179 2690 imbecilles
1193 2637 1278 2691 etiam
1294 2635 1400 2688 viribus
1414 2632 1673 2705 pollent,quoniam
1688 2637 1720 2685 tu
1733 2646 1774 2685 so-

132 2731 227 2777 rantes
236 2724 401 2794 requireret,
411 2721 665 2777 exeasublimitate
676 2722 829 2793 quaenullis
839 2721 929 2777 verbis
973 2726 1015 2781 lus
1030 2726 1149 2780 invictus
1173 2742 1203 2779 es
1228 2731 1431 2796 propugnator,
1458 2740 1490 2777 ac
1509 2722 1584 2779 Deus
1599 2720 1771 2787 misericors,

132 2813 233 2884 exponi
247 2817 339 2883 potest
351 2813 503 2878 deseendit,
520 2828 688 2881 crucemque
703 2818 732 2867 et
743 2817 862 2867 mortem
877 2828 929 2866 no·
972 2833 1055 2886 quem
1070 2815 1206 2886 quidquid
1221 2820 1347 2872 creatum
1372 2818 1423 2879 est,
1449 2811 1589 2866 benedicit
1603 2827 1638 2864 ac
1652 2808 1775 2865 celebrat

132 2909 192 2958 stra
203 2919 288 2956 causa
308 2901 432 2973 perimit,
447 2918 480 2954 ae
494 2918 545 2955 nos
561 2901 608 2972 qui
623 2900 676 2955 sub
691 2907 805 2971 peccato
824 2901 930 2956 venditi
972 2906 1002 2960 iii
1012 2905 1113 2963 secula
1124 2905 1300 2960 saeciilorum.
1316 2904 1415 2958 Amen.

133 3009 254 3058 eremus,
267 2992 390 3062 pretioso
401 3008 451 3045 suo
467 2991 603 3061 sanguine
616 2991 744 3047 redemit.
758 2991 814 3062 lpsi
825 2991 885 3046 laus
904 2995 933 3045 et

131 3083 222 3152 gloria
236 3082 266 3135 in
280 3081 382 3135 sucula
392 3081 567 3135 saeculorum.
583 3081 673 3135 Anien
682 3082 769 3150 (lloin.
782 3082 841 3149 rii).
1011 3083 1071 3136 llac
1084 3081 1211 3137 oratione
1223 3082 1346 3146 iunctus,
1365 3081 1493 3136 divinam
1509 3077 1735 3134 consolationem
1746 3077 1776 3131 in

167 3172 227 3225 Reii
239 3176 333 3225 autem
344 3177 459 3240 stupore
469 3169 553 3224 simul
568 3175 653 3240 atquo
662 3169 705 3227 ira
716 3175 862 3241 correptus
871 3175 931 3225 est:
946 3169 1163 3243 Cpectussuum
1172 3172 1250 3226 illabi
1260 3172 1358 3235 sensit3
1370 3171 1527 3239 fiduciaque
1541 3167 1776 3238 permansionis

130 3261 200 3314 illud
211 3276 321 3330 nempe,
334 3259 370 3312 ob
377 3259 427 3315 tilii
439 3259 715 3330 pi·udoiitiain,atque
723 3259 861 3329 ejusmodi
875 3275 933 3313 sor·
973 3266 1086 3315 nectem
1100 3261 1129 3314 in
1145 3261 1275 3332 precibus
1283 3260 1414 3315 traduxit.
1425 3260 1484 3313 Reii
1498 3262 1591 3312 autem
1602 3272 1669 3310 eum
1678 3255 1716 3309 de
1725 3253 1777 3310 lilii

130 3366 238 3415 mones,
255 3349 304 3418 qui
317 3349 395 3403 nullo
408 3355 489 3419 pacto
502 3349 592 3404 refelli
604 3353 717 3418 possent
734 3366 740 3414 3
758 3348 810 3401 hoc
825 3354 930 3413 aulem,
974 3355 1050 3405 statu
1066 3367 1130 3404 eum
1144 3351 1254 3404 Araelie
1263 3366 1407 3404 sermones
1420 3347 1594 3408 contulisset,
1606 3345 1720 3416 ipsique
1735 3344 1772 3399 ri-

133 3438 294 3508 quiaipsius
305 3438 372 3491 deos
391 3439 539 3491 traducere
551 3453 583 3490 ac
596 3436 737 3491 criminari
754 3453 810 3490 non
825 3437 933 3490 desine·
973 3440 1069 3508 gidom
1077 3440 1166 3510 ipsius
1172 3439 1332 3493 libertatem
1343 3438 1484 3508 animique
1491 3437 1520 3490 in
1533 3433 1776 3505 sententiaperii·

132 3526 343 3598 bat,totainque
361 3527 448 3597 ipsius
458 3526 542 3579 vitain
553 3524 723 3596 suggillabat
736 3542 768 3583 ac
776 3525 934 3596 proscinde·
975 3528 1079 3582 eeciain
1095 3529 1274 3590 declarasset,
1301 3529 1353 3582 hoc
1367 3527 1514 3581 consilinm
1539 3524 1625 3595 capit,
1642 3529 1776 3593 utquam

135 3615 190 3671 bat.
208 3617 300 3686 Atque
311 3614 470 3683 hujusmodi
478 3614 590 3684 quidem
601 3614 739 3668 sermonis
754 3615 931 3685 splendorem
974 3617 1035 3671 lieri
1045 3617 1404 3688 pessetamicissimeatque
1414 3614 1660 3686 obsequiosissime
1671 3627 1777 3666 eumen

133 3704 168 3758 ob
183 3706 325 3761 internam
339 3702 519 3761 tenebrarum
535 3703 690 3761 crassitiem
713 3703 931 3774 haudquaquam
974 3707 1190 3777 colloqueretur,
1220 3706 1362 3760 blanditiis
1389 3705 1519 3778 videlicet
1541 3704 1735 3774 perfecturum
1748 3715 1781 3755 aa

134 3793 257 3847 admisit.
273 3793 343 3847 Cum
360 3797 453 3846 autem
465 3791 499 3846 ob
509 3792 613 3847 timoris
627 3798 757 3847 enatura
768 3792 846 3849 insiti
859 3794 927 3849 allo·
975 3812 1093 3867 sperans
1106 3802 1138 3850 ut
1153 3812 1218 3850 eum
1233 3796 1267 3849 nd
1283 3813 1314 3850 se
1330 3795 1516 3866 pertraheret.
1534 3792 1666 3847 Crastino
1680 3791 1781 3861 itaque

133 3890 208 3936 ctum
220 3883 247 3935 in
260 3881 350 3952 ipsum
360 3880 593 3946 animadvertere,
608 3886 658 3936 aut
670 3898 735 3934 eum
750 3882 823 3935 nialo
836 3881 930 3951 aliquo
972 3886 1018 3939 die
1038 3886 1072 3938 ad
1090 3886 1179 3938 lilium
1195 3902 1225 3938 se
1239 3885 1356 3950 confert,
1377 3900 1409 3937 ac
1423 3883 1538 3954 propius
1553 3881 1665 3947 sedens,
1684 3881 1777 3951 ipsum

132 3972 251 4024 multare
262 3987 317 4024 non
327 3976 429 4041 posset,
435 3986 602 4039 rursumque
611 3969 747 4039 ipsumde
758 3976 853 4035 300
868 3986 929 4027 sen*
973 3974 1101 4035 accersit,
1113 3979 1199 4044 atque
1211 3973 1406 4044 complectitur
1421 3977 1450 4026 et
1463 3971 1652 4036 exosculatur,
1662 3969 1780 4024 leniter-

132 4061 221 4114 tentia
231 4060 372 4115 dimovere
381 4077 411 4114 se
420 4076 501 4130 pesse
514 4074 629 4128 prorsus
637 4059 808 4128 desperaret,
824 4060 929 4115 veritus
971 4080 1064 4134 queas
1073 4063 1313 4133 placideirrepens
1325 4058 1783 4117 :Ocharissimeetamantissim

132 4167 168 4203 ne
183 4151 206 4203 si
215 4149 342 4221 pluribus
355 4166 419 4203 euin
433 4147 607 4202 sermonibus
620 4148 778 4211 lacesseret,
794 4164 826 4202 ee
842 4148 929 4203 libere
970 4153 1021 4214 sili,
1040 4152 1141 4223 inquit,
1158 4151 1246 4222 patris
1260 4151 1392 4204 canitiem
1402 4151 1509 4204 honore
1522 4149 1616 4215 elice,
1631 4146 1782 4220 precibus·

132 4256 165 4294 ae
179 4240 300 4295 fidenter
314 4240 455 4310 loquente,
465 4237 588 4308 deosque
603 4237 773 4307 suggillante
786 4243 872 4308 atque
886 4255 931 4291 ca·
973 4257 1028 4310 que
1043 4240 1115 4293 meis
1123 4239 1228 4293 auditis
1242 4240 1394 4306 accedeus
1410 4238 1466 4292 diis
1478 4236 1648 4291 sacrificium
1661 4235 1779 4292 adhibe.

131 4329 488 4397 villisinsectante,majoi·e
504 4327 563 4397 ipse
574 4327 931 4393 liacundiainllaiumatus,
974 4328 1020 4384 Sic
1035 4329 1110 4383 enim
1125 4335 1154 4382 et
1168 4329 1230 4382 illos
1242 4328 1378 4398 benignos
1393 4327 1527 4381 etlueiles
1542 4324 1781 4392 habiturusesmt

131 4420 233 4474 hostile
244 4417 351 4486 aliquid
361 4417 389 4469 ili
403 4433 466 4469 euni
481 4415 653 4484 designaret,
670 4415 745 4471 irato
761 4416 855 4471 animo
870 4433 933 4471 sur·
973 4418 1084 4473 dicrum
1096 4417 1322 4481 diuturnitatem,
1340 4417 1515 4486 gloriamque
1529 4429 1655 4475 omnem,
1670 4412 1777 4473 etinot

129 4525 199 4577 gens
213 4505 336 4569 secessit,
354 4504 397 4557 his
416 4504 553 4560 duntaxat
571 4503 662 4557 serbis
679 4510 762 4560 utens
786 4524 792 4559 ε
816 4506 930 4561 Utinam
942 4493 964 4550 U
974 4507 1084 4562 tensum
1109 4523 1238 4577 regnum,
1254 4505 1401 4576 omnisque
1427 4503 1538 4575 generis
1552 4502 1629 4557 bona
1643 4502 1681 4557 ab
1709 4502 1776 4574 ipsis

132 4610 276 4664 nunquam
293 4600 376 4649 natus
389 4591 500 4655 luisses,
520 4608 570 4645 nec
583 4592 612 4645 in
625 4592 715 4647 lucem
730 4595 891 4663 prodiisses
908 4595 932 4650 si
973 4596 1120 4668 percipies,
1127 4602 1156 4649 et
1166 4596 1237 4649 inihi
1245 4595 1318 4666 patri
1328 4602 1378 4648 tuo
1391 4610 1442 4665 per
1451 4592 1659 4647 omnemiitam
1675 4592 1774 4646 cham

131 4682 445 4752 quideinfuturmnerat
454 4687 486 4734 ut
496 4680 525 4735 in
535 4681 601 4735 deos
611 4686 669 4735 tarn
679 4682 782 4752 impius
794 4690 823 4737 et
837 4689 932 4741 contu·
974 4686 1039 4750 eris3
1054 4701 1087 4738 ae
1101 4685 1222 4755 denique
1243 4685 1293 4738 hec
1309 4683 1468 4754 assequeris
1481 4687 1513 4735 ut
1531 4697 1632 4735 omues
1646 4681 1773 4735 hominia

132 4771 265 4826 meliosus
281 4788 365 4837 esses,
380 4777 465 4841 atque
480 4787 497 4825 a
511 4777 629 4840 paterna
644 4771 770 4827 amicitia
791 4778 820 4829 et
832 4773 932 4827 adino·
973 4782 1002 4830 te
1013 4775 1042 4828 iu
1058 4775 1163 4827 honore
1178 4773 1309 4839 habeant,
1330 4772 1519 4842 laudibusque
1531 4771 1663 4825 elleraut.
1681 4769 1770 4841 Siqui-

133 4859 238 4914 nitieue
253 4861 425 4916 abscederes.
441 4861 546 4916 Verum
563 4860 717 4915 adversarii
731 4861 798 4915 deos
813 4878 932 4931 quoium
974 4865 1038 4919 dein
1053 4863 1088 4917 ad
1103 4863 1216 4917 laudern
1229 4862 1438 4933 adipiscendam
1458 4860 1554 4930 magni
1564 4860 1692 4914 interest
1704 4859 1771 4932 patri

133 4949 268 5005 ini-ictum
290 4951 376 5004 robur
397 4956 450 5015 est,
475 4966 532 5005 non
554 4957 693 5021 perpetuo
709 4949 931 5016 subsannabunt,
975 4953 1097 5015 obedire,
1110 4969 1143 5006 ac
1156 4952 1312 5023 praesertim
1326 4953 1356 5006 in
1375 4951 1410 5006 iis
1432 4950 1524 5015 rebus,
1542 4966 1606 5020 quae
1620 4949 1657 5003 sd
1672 4949 1773 5004 boneio

133 5054 186 5093 nec
198 5038 246 5092 diu
260 5039 432 5108 gaudebunt,
447 5056 498 5093 nee
513 5056 610 5095 eorum
621 5038 770 5109 prestigiae
785 5039 839 5092 vim
854 5038 933 5093 habi·
975 5050 1003 5097 et
1015 5042 1050 5096 ad
1061 5042 1176 5096 deorum
1187 5040 1411 5096 benevolentiam
1422 5045 1559 5112 spectent.
1570 5038 1720 5103 Quidnam
1729 5054 1775 5094 au-

134 5133 205 5182 turie
219 5133 294 5187 sunt.
311 5128 382 5188 Nam
405 5129 459 5181 nisi
477 5128 545 5183 inihi
561 5129 635 5183 dicto
664 5129 827 5183 audientem
850 5134 934 5198 atque
974 5140 1042 5195 tem,
1054 5131 1104 5194 lili,
1119 5147 1225 5193 censes,
1250 5134 1383 5183 utrumne
1397 5130 1626 5184 meconsultoac
1639 5128 1678 5183 de
1692 5128 1775 5184 indu·

136 5232 203 5285 erga
222 5216 289 5269 deos
302 5223 450 5284 gratumte
466 5216 628 5287 praebueris,
647 5216 743 5271 multis
754 5216 831 5287 prius
846 5232 933 5271 acra·
975 5221 1068 5274 strias
1077 5219 1150 5274 bona
1164 5218 1372 5280 oiadellexisse,
1381 5224 1467 5287 atque
1478 5218 1652 5271 contrariam
1662 5219 1775 5289 ingredi

137 5304 186 5360 riis
198 5304 347 5359 tormentis
357 5305 487 5359 allectum
503 5305 684 5359 acerbissima
696 5305 862 5360 mortetede
878 5323 934 5359 ine
975 5310 1118 5376 maluisse,
1144 5325 1181 5363 an
1207 5324 1271 5361 vere
1298 5306 1362 5361 boni
1382 5305 1557 5376 ignoratione
1578 5311 1608 5359 et
1626 5305 1774 5377 imperitia

137 5394 183 5449 dio
197 5394 304 5459 tollam,
322 5409 375 5455 nee
385 5399 480 5447 tecum
494 5401 526 5447 ut
539 5410 602 5447 eum
614 5394 680 5459 filie,
698 5394 748 5447 sed
762 5402 794 5449 ut
808 5411 872 5449 eum
887 5395 934 5448 ho·
975 5399 1114 5469 meipsum
1128 5397 1269 5469 pestiferis
1280 5394 1458 5465 dogmatibus
1473 5393 1635 5448 dedidisset
1655 5395 1742 5449 Certe
1755 5397 1782 5453 ci

138 5490 181 5541 ste
197 5484 334 5554 aliquane
348 5482 445 5538 rebelli
459 5499 551 5552 again.
975 5505 1020 5544 me
1035 5495 1134 5559 sponte
1148 5505 1180 5542 ac
1208 5487 1244 5541 de
1258 5485 1408 5545 industria,
1422 5489 1521 5538 enema
1534 5499 1621 5554 quam
1641 5483 1718 5538 utile
1730 5485 1781 5555 sit,

175 5575 242 5639 Gir.
258 5573 344 5631 XXV.
362 5604 393 5615 -
412 5571 562 5633 litaminis
576 5573 679 5631 cumin
693 5589 758 5629 euin
773 5562 854 5645 pater
867 5590 934 5631 usos
976 5575 1052 5632 mala
1066 5573 1145 5631 bonis
1160 5572 1302 5644 praeieris,
1317 5575 1493 5640 mortemue
1506 5567 1720 5640 numitorem
1731 5568 1783 5627 bn-
