3818 6120
736 443 1197 573 MONI'HJM.

174 624 263 681 Serici
274 626 392 681 Petrum
405 641 495 695 quaa
512 625 684 681 Tertulliano
698 626 735 680 acl
751 626 913 694 Greporium
924 622 1056 695 Moenum-
1071 624 1229 678 extenditur
1244 625 1325 693 prensi
1338 624 1494 679 coronidem
1511 625 1682 693 imponimus
1702 621 1783 678 Vitae

135 715 255 770 Petrum
264 717 414 783 llossoeycli,
429 731 495 785 opus
509 716 634 770 uidelicet
648 718 776 769 omnium
786 718 854 769 rotis
866 718 1034 784 exoptatum,
1052 715 1181 768 laudibus
1191 715 1421 768 corrernemlotune.
1434 715 1486 770 Nec
1508 729 1526 768 a
1541 717 1634 768 nostro
1645 715 1783 782 proposito

137 808 216 861 nobis
231 807 363 860 oberrare
378 807 514 873 ridemur,
535 807 657 861 dumsee
668 808 799 874 priorum
812 808 976 860 soeculorum
991 805 1179 857 rreoruirncntis
1195 803 1267 857 lioree
1282 804 1407 857 litorum
1424 805 1606 858 collectionem
1620 802 1785 872 subjecimus

138 911 262 965 quarum
271 899 397 949 auctores
406 897 476 964 sorte
485 910 578 949 onmes
588 895 713 949 aetitiam
727 898 855 963 terrsporis
863 896 1018 963 periodum,
1032 894 1099 946 satis
1110 895 1195 946 mulli
1202 893 1238 946 ast
1246 895 1432 960 l'atrolopiom
1444 894 1573 947 Latinam
1583 893 1736 961 pertinent:
1746 893 1783 945 iis

139 984 191 1050 qui
200 980 287 1036 Graece
298 982 469 1049 scripserunt
480 981 649 1035 nonnisisub
664 981 865 1049 antiquissima
877 983 1116 1049 interpretationis
1127 984 1206 1035 tarro
1221 997 1246 1035 se
1261 998 1337 1036 rererec
1347 984 1451 1037 Lectori
1463 982 1582 1036 studioso
1596 980 1781 1048 offerentibus,

141 1071 256 1138 etquasi
265 1072 315 1138 jus
330 1072 482 1124 latinitatis
494 1071 529 1123 ab
542 1070 593 1122 bac
607 1071 719 1138 speciali
732 1070 825 1137 screno
840 1074 984 1135 mutuatis,
1003 1072 1086 1124 doecre
1100 1074 1179 1140 ipsos,
1198 1074 1229 1125 in
1243 1074 1312 1126 serie
1327 1072 1428 1141 (iresca,
1442 1075 1500 1127 suis
1514 1074 1578 1127 locis
1592 1072 1677 1136 tepere
1691 1071 1781 1138 liceat,

138 1161 287 1229 propriam
301 1161 430 1227 linpuam
445 1160 582 1227 loquentes
594 1160 794 1228 recentiorique
808 1160 1034 1228 interpretatione
1048 1160 1170 1214 (torculos
1188 1159 1225 1214 bt.

540 1520 628 1600 AD
657 1519 993 1602 ANTONIUM
1021 1521 1101 1599 DE
1129 1522 1382 1603 WINGHE

480 1715 651 1773 suenrus
677 1715 892 1773 sessonensi
920 1715 1069 1773 onmms
1097 1715 1227 1774 senam
1253 1716 1445 1776 nonensem

604 1889 663 1963 ET
689 1886 981 1963 RELIGIOSUM
1006 1887 1120 1963 EJUS
1146 1887 1321 1964 COETUM

402 2051 726 2236 tertberti
766 2050 1108 2227 lieenenbl
1144 2056 1523 2234 prooemium

178 2492 278 2551 Annus
288 2494 347 2562 iam
357 2495 453 2565 opitur
467 2499 593 2564 quartus,
600 2509 633 2550 ee
646 2509 699 2565 quo
714 2496 787 2550 neibi
796 2494 1059 2565 prouinciambanc,
1068 2495 1660 2565 adrnodumreuerenoissimeDarnirce,Vitas
1669 2495 1786 2552 Petrum

143 2584 351 2653 recopnoscencli
356 2586 522 2655 imposuisti,
531 2599 639 2640 omnem
646 2601 757 2655 operam
767 2599 850 2654 quoa
863 2585 942 2639 tibris
952 2598 1008 2652 pua
1017 2599 1035 2638 a
1044 2585 1243 2654 seernptibus,ut
1253 2587 1321 2641 otim
1329 2586 1467 2655 Euaprius
1475 2584 1601 2654 inserte
1610 2600 1699 2641 eremo
1712 2586 1785 2641 Vitas

141 2680 301 2730 sanctorum
307 2677 485 2731 Patrumuon
493 2677 590 2729 minus
599 2678 705 2730 calamo
713 2689 798 2743 quom
807 2675 864 2754 uita
873 2672 1039 2741 esprimenti
1048 2674 1226 2742 Hieronymo,
1233 2674 1381 2730 identidem
1391 2676 1535 2745 spondens.
1545 2675 1751 2731 Eastimutabot
1762 2679 1786 2730 te

142 2767 272 2834 copiosus,
288 2782 368 2835 quem
379 2765 541 2821 euboetibro
553 2767 684 2834 cujusque
694 2766 854 2832 relipiosum
870 2763 1000 2816 animum
1015 2765 1143 2832 consequi
1154 2779 1226 2831 posse
1236 2763 1367 2829 censebas,
1376 2763 1554 2835 sructusllpo
1563 2767 1692 2836 primum
1698 2766 1786 2820 detre-

145 2859 228 2921 ctare,
244 2857 358 2910 causari
366 2856 748 2925 quodalioopereaistinerer,
759 2866 905 2921 suppercre
914 2850 1071 2904 debaronii
1081 2852 1199 2919 lependis
1208 2854 1347 2921 reliquiis,
1360 2868 1442 2921 quem
1450 2855 1600 2910 sciebatneo
1611 2857 1679 2910 olim
1689 2856 1785 2910 animo

142 2943 234 3010 fnisse,
250 2949 282 3000 ut
297 2961 356 2999 eom
366 2948 478 2999 ornaret
490 2947 683 3014 prouinciam
699 2944 810 3010 ideoque
820 2942 907 2996 llorruo
920 2940 1123 3007 inquirendum
1136 2956 1198 3006 esse,
1213 2942 1238 2994 si
1249 2957 1309 3010 pue
1322 2943 1392 3010 sorte
1407 2947 1573 2998 ornamenta
1588 2946 1744 3014 reliquerit.

179 3033 277 3089 Primo
289 3036 491 3105 ipiturquoque
497 3039 614 3103 tempore
624 3033 737 3087 llomam
744 3032 875 3098 capitam,
883 3041 932 3096 per
939 3028 1079 3082 illustrem
1086 3033 1112 3082 et
1121 3030 1379 3086 reverendissimum
1386 3033 1537 3088 melodum
1547 3034 1787 3090 domiuumldoro-

143 3127 242 3178 natum
257 3126 349 3179 sancti
354 3123 495 3179 Michaelis
505 3125 536 3176 in
543 3121 859 3186 octttaoboatem,uiam
866 3117 1056 3172 illustrissimi
1063 3118 1218 3173 cardinatis
1228 3121 1358 3175 Perronii
1370 3122 1558 3178 accedentibus
1564 3123 1787 3193 auspiciis‚alla-

143 3213 493 3267 conlaborumstusliorum
503 3213 617 3266 consciis
622 3211 756 3279 inquiris,
767 3210 793 3262 si
799 3208 868 3277 quisi
872 3207 1032 3262 subsidiiad
1041 3207 1114 3261 benc
1121 3222 1179 3261 rem
1185 3213 1592 3277 prestantissimusrinnalium
1599 3215 1718 3284 scriptor
1723 3214 1789 3269 reti-

143 3304 243 3369 querit.
253 3303 418 3371 llespousune
428 3301 632 3356 verolcoclloma
639 3300 777 3368 accipitur
783 3295 1033 3368 (Epistolmomso
1040 3295 1146 3350 onrdsn.
1157 3296 1296 3368 Person.):
1308 3316 1322 3353 c
1335 3301 1433 3356 Verum
1443 3304 1554 3372 quidem
1567 3307 1613 3370 est,
1629 3305 1667 3358 asi
1676 3306 1789 3360 instan-

146 3393 213 3443 tiam
220 3392 624 3460 muttorumpiorumsratrum
630 3389 716 3456 [uisse
724 3388 854 3441 animum
861 3386 1201 3442 illustrissimocarsiinati
1207 3386 1360 3443 BarouioS.
1371 3390 1400 3444 bi
1403 3429 1409 3444 .
1419 3393 1592 3461 amplificare
1601 3397 1626 3447 et
1632 3393 1749 3449 scribere
1754 3394 1788 3447 in

146 3480 328 3534 tibruml'itas
336 3478 702 3548 Patrum,qseoctetpromislt
714 3478 745 3530 in
753 3476 895 3545 aliquibus
901 3476 1048 3530 suistibris
1053 3493 1063 3541 ,·
1074 3476 1120 3528 sut
1125 3474 1178 3529 leue
1185 3479 1349 3546 usqueoperi
1357 3479 1788 3550 nonadbibaeratmonum,puio

144 3568 862 3637 studiasuaalioaireeit.Precepcsatquictemincarn
876 3567 960 3633 tinem
963 3565 1143 3634 procuratori
1151 3564 1260 3619 ordinis
1268 3564 1446 3635 laminensis,
1459 3572 1490 3623 ut
1497 3571 1671 3625 seriberetaa
1678 3570 1733 3625 ouo
1744 3571 1786 3626 uel

146 3660 201 3710 tria
212 3660 385 3727 principalia
398 3661 568 3712 enonasteria
582 3659 628 3710 sui
644 3657 789 3722 ordinis‚et
804 3657 960 3724 inquireret
971 3667 1010 3707 an
1025 3653 1122 3708 baberi
1131 3659 1239 3722 possent
1254 3655 1323 3710 libri
1331 3658 1459 3727 impressi
1468 3661 1509 3715 uel
1524 3661 1721 3731 manuscripti,
1738 3661 1789 3730 qai

146 3747 366 3815 touperentbano
372 3749 586 3810 materiannetsi
590 3746 654 3800 bene
660 3747 777 3799 memini
781 3741 1789 3818 illustrissimocardinaliSappataesupplicanit‚utinHispauiamscriberet

141 3852 194 3905 pro
203 3838 293 3890 simili
300 3835 525 3905 inquisitionelit
536 3832 825 3902 existimabatatiquiet
829 3848 855 3887 se
860 3833 944 3886 etiam
951 3836 1128 3900 reperturum
1134 3833 1165 3887 in
1173 3834 1332 3889 bibliotheca
1339 3835 1528 3903 Vaticanauesl
1536 3844 1690 3908 preventus
1698 3841 1789 3893 morte

145 3927 253 3994 ersepui
261 3923 853 3994 nonpotuitpiumsuummetuerimnbomt
866 3920 1298 3978 noninueuinisiuuumtibrum
1315 3923 1385 3979 Vitas
1395 3926 1523 3995 Patrurn,
1533 3928 1700 3998 impressum
1715 3928 1789 3998 bua-

145 4013 297 4068 dunianno
306 4013 445 4080 willam
458 4015 618 4069 mendosum
629 4011 944 4082 utuiepossitintellipi.
957 4009 1018 4063 ileo
1027 4023 1110 4064 eausa
1117 4015 1211 4065 esteur
1221 4014 1420 4069 illustrissime
1428 4016 1622 4073 bomiuationi
1634 4021 1730 4073 uestra
1741 4030 1789 4073 ue·

146 4119 241 4171 queens
249 4105 555 4172 satisfaceresicutipsa
566 4105 650 4172 cupit,
664 4104 816 4169 etsieutepo
826 4100 942 4154 libenter
952 4101 1046 4153 etcum
1055 4100 1134 4154 omni
1146 4103 1300 4155 reuerentia
1310 4101 1438 4172 iacerem,
1448 4106 1474 4159 si
1481 4105 1552 4160 mibi
1557 4111 1622 4162 esset
1631 4109 1786 4176 inteprum.

144 4190 177 4245 Si
188 4195 250 4261 quis
260 4195 296 4247 sit
310 4195 360 4261 qui
374 4207 491 4248 manum
500 4192 700 4246 adbibereuelit
718 4191 784 4246 buia
799 4190 883 4258 operi,
900 4190 925 4242 et
938 4201 1049 4256 operam
1059 4202 1140 4242 suam
1150 4188 1307 4258 impendere
1321 4194 1352 4244 ut
1364 4192 1519 4261 perfeetum
1530 4195 1628 4251 recidat
1642 4196 1691 4252 boe
1708 4210 1786 4266 opus,

145 4298 203 4335 rem
227 4283 368 4351 prestabit
379 4283 570 4350 pratissimam
586 4281 637 4335 lieo
656 4281 757 4350 optimo
772 4279 895 4333 inanimo
909 4279 934 4330 et
947 4277 1129 4330 utilissimam
1143 4279 1271 4332 omuibus
1285 4281 1421 4348 retipiosis
1434 4285 1587 4339 uolentibus
1593 4287 1640 4356 pie
1653 4287 1753 4341 uiuere.
1770 4301 1786 4340 ι
1834 4268 1837 4273 ’

181 4370 236 4425 lloc
249 4371 341 4425 babilo
350 4386 551 4440 responsionum
562 4370 682 4424 sisterem
688 4368 761 4424 banc
772 4364 1170 4438 prouinciarnmibiintepram
1183 4368 1319 4435 relictam,
1335 4382 1421 4438 quam
1435 4386 1506 4427 ame
1516 4374 1656 4429 adornari
1663 4372 1786 4444 optabas,

143 4461 273 4513 omuibus
285 4461 351 4516 eliis
364 4461 467 4514 studiis
485 4461 615 4529 sepositis,
632 4461 761 4513 inunum
776 4457 849 4512 boue
867 4471 925 4511 rem
939 4455 1065 4511 incubui.
1081 4454 1115 4510 Et
1129 4456 1240 4525 porilem
1255 4459 1312 4514 tria
1323 4459 1395 4515 mibi
1401 4464 1578 4532 potissimum
1593 4465 1626 4519 in
1639 4463 1691 4519 boc
1706 4478 1788 4521 reco-

143 4549 269 4613 puitione
279 4549 437 4617 prestanda
453 4564 505 4603 esse
522 4548 680 4603 sentiebam.

180 4637 756 4707 Primuutquoniamabauctoribusomnis
767 4636 846 4691 libris
855 4635 1547 4710 auetoritas‚iueosnonpertbnetorieinquirerem.
1556 4642 1634 4712 Quod
1646 4659 1702 4716 qua
1716 4659 1787 4702 eura

142 4727 393 4794 prestiterimium
402 4728 617 4781 manuductione
623 4726 761 4782 librorum
770 4726 947 4794 sumptorum,
957 4727 1017 4778 tum
1026 4724 1236 4780 historireoarie
1246 4729 1505 4796 montemacutum
1511 4734 1787 4805 proeimesepuentia

146 4817 343 4881 prolepomeua.

181 4900 347 4972 Secunduut
357 4903 1192 4975 teatusprosliretpenuinusmuttisinterspersusplassematis,
1204 4905 1668 4982 nscttosubdititioastoruetussuoo.
1684 4914 1786 4987 Nempe

144 4997 271 5047 ramenta
284 4996 375 5049 aurie
389 4996 528 5050 uenissuis
537 4996 690 5049 sinceriora
700 4996 895 5062 escunt,quaru
905 5008 923 5047 a
930 4993 1042 5060 fornace
1051 4996 1178 5062 auritteis
1187 4996 1315 5050 mistione
1325 5001 1413 5053 nescio
1424 5016 1480 5069 pua
1488 5004 1604 5058 subinde
1613 5006 1784 5064 adulterata.

146 5079 234 5146 Quam
244 5084 275 5136 in
284 5098 343 5136 rem
353 5084 684 5152 manuscriptosundique
693 5081 798 5137 Codices
810 5098 886 5136 none
897 5083 988 5152 Betpio
996 5084 1254 5150 tantum,sedetiam
1266 5101 1299 5140 ee
1308 5085 1458 5145 (lerinania
1466 5095 1581 5161 evocavi,
1587 5101 1787 5164 quorumcata·

143 5170 432 5240 topnmprotepomcno
442 5170 476 5230 tt
485 5172 731 5242 reperiesouesivi
740 5171 899 5226 eteslitiones
909 5186 978 5242 quas
989 5174 1115 5227 nancisci
1117 5175 1199 5242 potui
1208 5177 1417 5247 uetustissimam
1428 5182 1785 5254 imomepropeornnes‚seu

142 5261 305 5313 recentiores
312 5276 358 5315 seu
368 5265 485 5317 uetustas
494 5265 667 5317 nocturnesse
679 5260 1067 5317 uiedubiternasserere.berte
1076 5262 1114 5316 aci
1122 5263 1284 5319 xsxdirersa
1303 5270 1471 5337 eeemplaria
1481 5271 1615 5341 inciapaoi
1627 5279 1652 5330 et
1666 5277 1784 5346 inspeei,

141 5362 200 5414 que
215 5350 282 5403 loeis
299 5353 322 5403 et
336 5354 577 5421 anuisossipnatis
588 5347 1114 5420 protepornenoulisupperctllissretus
1123 5354 1520 5428 subsidiismanuscrrptacum
1531 5363 1671 5432 impressis
1685 5367 1786 5437 impri-

143 5437 196 5489 mis
205 5440 376 5507 eomparaei‚
392 5456 468 5496 nune
477 5441 669 5510 manuscripta
683 5454 745 5493 curn
760 5441 969 5510 manuscriptis,
982 5456 1059 5495 nunc
1072 5442 1278 5510 impressorum
1291 5445 1431 5515 impressis
1441 5463 1545 5519 quoque
1556 5456 1737 5510 comenitlens.

170 5523 402 5593 Tertio‚utsicabi
409 5531 522 5584 uerbum
531 5529 646 5598 aliquod
654 5527 1786 5613 disiciteoecurreret‚sicubiritusaliquisrariordubiumteneretlectorem,sieubi

142 5610 262 5670 historio
270 5618 398 5688 perpleca
406 5631 517 5673 sensum
532 5617 666 5684 turbaret,
686 5615 882 5685 difficultatem
903 5619 1083 5689 explicatione
1096 5621 1229 5689 tollerem,
1245 5622 1393 5680 raritatem
1402 5626 1543 5683 similium
1558 5629 1723 5689 adductione
1737 5645 1788 5688 uo·
1835 5646 1838 5661 ¹

267 5709 404 5778 osnes.
426 5710 565 5777 uxxns.
1648 5728 1671 5792 i

63 5874 189 6053 eff
