3818 6120
72 268 126 328 845
458 266 647 326 moenera
666 269 714 326 EX
733 269 871 328 SEVERO
892 268 1057 327 SULPIOIO
1077 270 1122 328 ET
1140 270 1327 333 cnssmno.
1658 282 1710 341 846

72 398 109 453 ad
124 395 270 453 exterioris
281 396 367 452 etiam
375 396 528 469 puritatem
539 401 655 453 eatenus
665 397 1048 470 perveniret,utAprobatur
1074 398 1105 455 in
1131 399 1242 457 fornace
1268 402 1471 461 humiliationis
1503 402 1583 475 (lieet.
1606 407 1711 480 xxva).

71 504 109 543 ne
115 486 176 559 ipse
187 486 302 560 quidem
308 487 354 541 vel
365 487 422 541 ullo
431 486 551 558 simplici
562 488 816 555 aenatoralimotu,
824 488 873 559 qui
914 488 948 543 Et
962 489 1031 544 illud
1043 507 1049 542 :
1064 489 1154 554 Quem
1168 491 1244 547 enim
1257 492 1350 565 diligit
1360 493 1505 562 Dominus,
1516 495 1648 568 corripit;
1662 496 1712 553 lla·

72 577 160 633 etiam
175 578 204 632 in
218 577 341 650 parvulis
356 583 440 647 atque
454 576 622 630 lactentibus
637 577 784 644 excitatur,
799 577 872 632 ulte·
912 578 1000 648 goliat
1008 583 1105 634 autem
1116 595 1228 636 omnem
1242 581 1333 638 tilium
1345 598 1429 655 quem
1443 583 1545 656 recipit
1556 584 1633 657 (aet.
1646 599 1686 643 ¹11
1702 604 1710 655 ς

70 667 133 723 rius
147 668 316 740 pulsaretur.
330 668 456 738 Cumque
472 666 601 737 petitioni
617 671 713 738 creptae
736 666 874 739 supplica·
913 668 993 722 Pron.
1008 667 1060 738 nri.
1367 672 1371 679 ’

70 757 151 812 none
163 758 226 829 jugi
240 774 272 812 ac
286 755 417 828 lacrymis
437 755 592 810 indefessus
612 756 764 822 insisteret,
790 756 874 810 adve·
950 756 1030 820 Quod
1050 758 1156 813 nostris
1179 775 1289 831 quoque
1310 761 1483 833 temporibus
1506 763 1574 818 satis
1599 763 1712 822 evidens

71 847 156 902 niens
170 847 205 902 ad
220 863 285 902 earn
304 846 421 917 angelus
440 844 469 898 in
493 845 599 900 visione
620 851 766 914 nocturna,
792 847 873 918 eique
915 845 1037 900 ostendit
1060 853 1089 901 et
1111 853 1209 920 aperta
1231 848 1360 921 probatio
1382 851 1412 905 in
1436 850 1537 907 abbate
1559 852 1646 908 Paulo
1669 852 1714 909 vel

71 934 694 1008 velutaperiensuterum,quamdamignitam
702 936 874 991 carnisstru·
915 934 1020 1006 Moyse,
1045 936 1093 1006 qui
1115 936 1313 993 habitaverunt
1335 939 1427 994 locum
1447 940 1532 1012 hujus
1554 941 1713 998 solitudinis

73 1043 152 1081 mam
168 1026 202 1081 de
217 1026 278 1097 ejus
292 1022 443 1079 visceribus
451 1023 551 1078 evulsit
559 1028 644 1094 atque
651 1025 779 1096 projecit,
800 1025 874 1080 suis·
916 1024 964 1094 qui
973 1024 1104 1080 Calamus
1113 1028 1457 1097 nuncupaturldasssiun,
1467 1027 1713 1103 coll.v11,cop.26)·

74 1132 130 1187 que
145 1114 222 1182 locis,
244 1120 275 1169 ut
293 1115 415 1180 inerant,
439 1113 534 1168 omnia
556 1113 691 1167 intestina
711 1114 872 1179 restituens,
914 1113 986 1167 Nam
1003 1114 1107 1170 Paulus
1122 1121 1313 1171 commoratus
1328 1121 1371 1171 est
1385 1116 1415 1172 in
1429 1133 1523 1174 eremo
1538 1120 1714 1192 quaeadjacet

73 1205 147 1259 dixit
156 1205 191 1259 ad
202 1221 282 1260 eum:
296 1205 374 1271 Ecce,
391 1202 491 1273 inquit,
511 1202 651 1257 iacentiva
664 1203 874 1258 carnistuaeab·
915 1201 1074 1274 Panephysi
1089 1203 1203 1271 civitati,
1224 1221 1308 1277 quam
1326 1204 1508 1262 solitudinem
1518 1208 1580 1279 jam
1594 1207 1662 1263 olim
1676 1208 1715 1263 ls-

75 1295 150 1349 scisa
162 1300 237 1361 sunt,
251 1298 280 1348 et
289 1292 442 1348 obtinuisse
453 1299 481 1345 te
492 1291 602 1345 noveris
612 1291 747 1346 hodierno
762 1292 876 1363 dieper-
916 1295 990 1344 ctam
1014 1308 1093 1364 aquea
1118 1292 1276 1348 salsissimae
1302 1294 1487 1352 inundatione
1514 1297 1712 1368 cognovimus:

76 1383 321 1454 petuamcorporis
326 1382 489 1453 puritatem,
498 1397 581 1451 quam
588 1380 709 1434 fideliter
716 1381 873 1451 postulasti.
917 1396 978 1450 quae
993 1379 1102 1450 quoties
1116 1382 1225 1436 ssaverit
1239 1383 1355 1455 spiritus
1367 1384 1523 1456 Aquilonis,
1549 1386 1585 1442 de
1608 1386 1716 1458 stagnis

76 1474 144 1527 Haec
156 1473 191 1527 de
204 1473 296 1544 gratia
309 1471 369 1534 Dei,
388 1488 448 1542 quae
464 1475 620 1524 memorato
631 1469 689 1523 viro
698 1469 877 1540 peculiariter
917 1466 1044 1538 impulsae
1059 1485 1092 1522 ac
1104 1470 1258 1540 superlusae
1271 1471 1464 1542 adjacentibus
1477 1474 1570 1542 terris,
1593 1474 1635 1536 ita
1654 1491 1716 1530 om-

76 1561 212 1616 attributa
229 1567 280 1627 est,
291 1559 414 1615 breviter
428 1560 530 1614 dixisse
549 1558 678 1612 sufficiat.
917 1573 982 1610 narn
997 1556 1072 1611 illius
1086 1559 1264 1630 superficiem
1270 1561 1534 1634 contegitregionis,
1545 1565 1717 1636 utantiquos

113 1652 325 1707 Oaeterumcam
336 1650 371 1704 ad
386 1666 450 1703 eum
467 1648 512 1702 die
528 1648 743 1719 quadragesima
752 1649 876 1704 venisse·
917 1645 1022 1700 ibidem
1036 1646 1119 1714 vicos,
1135 1648 1183 1718 qui
1197 1649 1265 1704 olim
1277 1650 1329 1706 hac
1342 1650 1402 1721 ipsa
1416 1651 1451 1706 de
1462 1668 1546 1708 causa
1560 1654 1637 1709 omni
1650 1659 1718 1710 sunt

76 1742 250 1813 mus(1bid.‚
265 1757 288 1794 c.
304 1738 343 1811 2),
360 1755 392 1792 ac
406 1739 440 1791 de
454 1738 571 1791 diversis
592 1737 792 1807 quaestionibus
812 1756 878 1793 eum
887 1721 1077 1789 Bhabitatore
1091 1735 1204 1802 deserti,
1220 1737 1304 1791 saciat
1317 1739 1394 1793 velat
1407 1738 1514 1795 insulas
1534 1756 1679 1813 apparere.

77 1829 489 1901 flagitaremus,adextremum
504 1827 538 1880 de
550 1826 762 1897 impugnatione
777 1827 878 1881 daemo·
1220 1828 1336 1884 CAPUT
1354 1829 1414 1884 LII.

80 1935 150 1993 num
165 1935 230 1973 eum
238 1916 459 1989 requirebamus
475 1917 553 1970 Tunc
567 1916 624 1981 illc,
636 1920 668 1970 ut
681 1932 792 1986 semper
805 1922 875 1983 erat,
1184 1918 1221 1970 Dr
1241 1918 1335 1971 abbate
1355 1920 1451 1973 Paulo.

77 2006 268 2082 placidissImo
282 2008 360 2061 vultu
373 2005 544 2077 respondens
558 2004 649 2074 (ilict,
663 2023 685 2058 c.
706 2004 762 2074 22).
787 2005 876 2061 dixit:
956 2002 1007 2056 llic
1019 2003 1107 2074 igitur
1120 2003 1206 2059 abbas
1219 2006 1325 2062 Paulus
1348 2006 1379 2061 ln
1392 2012 1502 2062 tantam
1525 2007 1616 2063 cordis
1638 2008 1719 2080 puri·

78 2098 229 2153 Noneuim
244 2097 384 2152 daemones
398 2094 501 2148 habere
520 2098 688 2165 potestatem
709 2111 879 2164 quemquam
919 2096 1008 2145 tatem
1023 2093 1117 2163 quiete
1132 2093 1290 2149 solitudinis
1311 2095 1478 2167 silentioque
1497 2095 1662 2168 profecerat,
1688 2103 1721 2154 ut

78 2187 227 2243 hominum
242 2186 372 2252 laedendi,
394 2184 552 2255 exemplum
572 2182 647 2237 beati
663 2182 715 2237 Job
729 2184 879 2238 manifesta
920 2196 977 2234 non
991 2181 1083 2236 dicam
1105 2183 1213 2237 vultum
1236 2183 1398 2253 femineum,
1423 2185 1472 2240 sed
1494 2201 1530 2240 ne
1553 2186 1720 2242 vestimenta

78 2276 191 2331 ratione
205 2276 380 2331 demonstrat
394 2275 449 2344 lJob
466 2274 509 2336 nl,
526 2272 573 2326 ubi
589 2289 645 2326 non
671 2272 791 2344 amphus
815 2289 881 2327 curn
922 2268 1035 2339 quidem
1045 2287 1127 2326 sexus
1141 2271 1217 2327 illius
1232 2274 1393 2345 conspectui
1405 2290 1456 2329 suo
1470 2279 1615 2346 pateretur
1627 2275 1721 2331 ollerri

80 2364 289 2421 teutareaudet
297 2364 437 2430 inimicus,
445 2379 530 2434 quam
538 2361 664 2417 diuinaei
672 2361 880 2433 dispensatione
923 2359 1067 2428 (Coenam,
1088 2363 1149 2416 coll.
1172 2375 1219 2427 vn,
1243 2378 1302 2431 cop.
1329 2359 1386 2432 26).
1415 2363 1488 2418 Nam
1515 2380 1580 2419 cum
1599 2364 1722 2437 quadam

80 2454 253 2511 conceditur.
336 2522 338 2525 .
923 2448 968 2502 die
992 2454 1123 2519 pergeret
1144 2448 1181 2503 ad
1204 2451 1350 2521 cujusdam
1376 2452 1495 2509 sanioris
1519 2453 1629 2522 cellam,
1655 2469 1721 2510 casu

389 2542 506 2597 CAPUT
521 2539 568 2596 Li.
924 2536 1026 2591 mulier
1040 2538 1066 2593 ei
1079 2538 1219 2594 obviavit:
1235 2555 1319 2611 quarn
1333 2556 1398 2597 cum
1411 2535 1535 2610 vidisset,
1558 2546 1639 2597 tanta
1655 2540 1722 2613 liuga

84 2635 121 2689 Do
134 2649 164 2688 eo
178 2634 250 2703 qaod
264 2648 320 2687 nen
334 2633 457 2686 corridere
465 2633 522 2683 vim
536 2630 653 2683 imbuant
668 2631 882 2684 uurrcdamones
923 2625 960 2680 ad
980 2643 1063 2681 suum
1078 2630 1418 2695 rursum'mouasterium,
1438 2630 1627 2702 praetermisso
1648 2630 1723 2703 qaod

127 2728 226 2778 contro
240 2722 396 2787 rrroaaclvos,
408 2721 540 2788 quornodo
555 2721 694 2772 articulari
707 2725 834 2787 tctrrporc.
924 2715 1083 2786 arripuerat
1094 2716 1205 2785 itinere,
1227 2719 1359 2786 cucurrit,
1380 2724 1487 2792 quanta
1500 2720 1595 2779 nullus
1617 2736 1635 2774 a
1652 2708 1723 2776 lucie

121 2811 198 2867 Satis
211 2817 307 2865 tamen
322 2809 402 2864 nobis
418 2806 592 2878 experientia
605 2807 882 2861 nostraetseniorum
924 2804 1013 2858 leonis
1027 2805 1070 2860 vel
1089 2806 1288 2862 immanissimi
1307 2808 1437 2864 draconis
1460 2809 1618 2883 aufugeret.
1643 2808 1723 2875 Quod

83 2906 247 2959 nostrorum
255 2899 572 2968 relationecompertum
580 2900 683 2951 estnon
691 2896 818 2950 eamdem
826 2898 883 2950 vim
924 2892 990 2947 licet
1022 2894 1080 2948 zelo
1112 2895 1249 2950 castitatis
1276 2900 1305 2950 et
1331 2896 1464 2968 puritatis
1491 2898 1592 2955 ardore
1622 2897 1660 2954 sit
1685 2898 1724 2952 ia-

81 2986 693 3085 daemonasnunchaberecontramonpchos,
705 3002 789 3057 quam
804 2989 883 3040 ante·
925 2986 1011 3050 ctum,
1038 2987 1133 3039 tamen
1155 2984 1223 3056 quia
1240 3000 1297 3039 uon
1308 2986 1463 3042 secundum
1482 2987 1629 3045 scientiam
1652 3003 1726 3059 pras·

83 3079 289 3150 rioritempore
303 3079 377 3133 inter
383 3077 617 3132 anachoretarum
628 3075 774 3146 priucipia,
784 3076 813 3129 in
824 3075 913 3145 qui-[1
926 3077 1071 3143 sumptum
1084 3078 1135 3140 est,
1152 3074 1201 3128 sed
1216 3073 1393 3129 observantia
1420 3075 1575 3148 dIsciplinre
1594 3091 1725 3132 excessus

84 3169 138 3225 bus
148 3169 240 3224 adhuc
249 3167 351 3222 raritas
360 3167 560 3221 monachorum
571 3164 600 3219 in
612 3181 706 3219 eremo
721 3181 881 3218 commane·
928 3167 972 3216 est
998 3161 1170 3239 moderatus,
1192 3179 1228 3218 ne
1252 3163 1336 3218 elatio
1359 3180 1425 3220 eum
1451 3163 1605 3232 invaderet,
1618 3163 1725 3236 talique

84 3257 135 3314 bat
145 3261 290 3327 (Cassian,
310 3260 370 3311 coll.
385 3271 433 3318 vn,
445 3273 503 3324 cop.
519 3252 573 3323 23).
585 3254 676 3309 Tanta
684 3270 805 3324 namque
819 3258 887 3308 tunc
928 3249 1073 3306 confestim
1088 3251 1264 3323 correptione
1278 3269 1427 3324 percussus
1437 3257 1489 3321 est,
1506 3257 1538 3309 ut
1551 3257 1644 3310 totum
1662 3269 1726 3330 cor-

85 3353 148 3402 erat
157 3346 316 3401 demonum
323 3344 428 3410 teritus,
441 3348 473 3398 ut
480 3342 522 3396 vix
534 3342 822 3414 paucissImitolerare
836 3342 885 3396 ha·
927 3355 980 3410 pus
995 3341 1056 3410 ejus
1067 3342 1228 3413 paralyseos
1242 3341 1403 3397 valetudine
1417 3342 1584 3411 solveretur,
1600 3342 1725 3399 nohum·

85 3434 253 3491 bitationem
264 3434 554 3504 solitudInispossent.
569 3430 822 3503 Siquidenrinipsis
832 3448 885 3484 coe·
926 3445 979 3500 que
993 3428 1024 3483 in
1036 3445 1068 3485 eo
1081 3429 1239 3485 membrum
1251 3430 1364 3502 penitus
1377 3447 1461 3488 suum
1475 3430 1727 3506 officinm.,praeva·

86 3524 187 3591 noblis,
199 3525 229 3579 ln
241 3521 708 3594 quibuscommorabanturdecem
721 3521 763 3573 vel
778 3520 884 3574 duode·
925 3518 1128 3589 leretexplere.
1140 3520 1284 3591 Siquidem
1294 3519 1546 3594 uonsolumpedes
1561 3535 1593 3577 aa
1612 3536 1724 3595 manus,

86 3615 151 3681 cim,
168 3614 209 3668 ita
223 3630 321 3668 eorum
338 3612 470 3666 atrocitas
478 3610 669 3681 grassabatur,
687 3616 716 3664 ct
725 3609 886 3680 frequenter
926 3609 975 3663 sed
985 3607 1180 3678 etiamlingnae
1192 3615 1312 3677 motum,
1329 3610 1452 3682 Ipsosque
1462 3609 1595 3667 sumsita
1611 3610 1725 3671 auditus

87 3710 184 3771 555
197 3702 318 3757 visibiles
328 3700 522 3756 sentiebantur
528 3716 685 3770 aggressus,
695 3704 727 3754 ut
736 3715 792 3753 non
802 3699 886 3753 aude·
929 3698 1033 3770 proprii
1046 3697 1204 3753 amiserunt
1217 3715 1343 3766 sensum,
1358 3700 1429 3754 utin
1439 3698 1552 3755 eonihil
1562 3699 1726 3773 ampliusax

88 3798 152 3849 rent
166 3808 264 3847 omnes
275 3791 380 3864 pariter
389 3790 517 3845 noctibus
529 3789 696 3855 obdormira;
709 3788 758 3843 sed
766 3787 886 3842 vicissim
927 3787 1041 3843 horulae
1054 3803 1139 3859 quam
1155 3787 1306 3843 immobilis
1320 3793 1419 3845 statuae
1440 3789 1532 3861 ligura
1555 3795 1725 3848 remaneret.

88 3877 883 3952 aliisdegustantibussomnum,aliivigvliascelebrantes,
927 3876 962 3930 Et
975 3876 1010 3931 ad
1024 3876 1077 3932 hoc
1091 3876 1221 3932 redactus
1251 3882 1302 3944 est,
1329 3882 1362 3933 ut
1383 3877 1543 3933 infirmitati
1566 3879 1628 3950 ejus
1648 3878 1727 3936 nullo

72 3971 206 4043 psalmis
219 3977 248 4025 et
260 3970 432 4025 orationibus
446 3986 496 4023 seu
517 3967 683 4023 lectionibus
699 3966 883 4022 inhaerebant.
928 3965 1010 4019 modo
1025 3965 1147 4020 virorum
1162 3966 1308 4037 diligentia
1334 3966 1475 4023 deservire
1493 3968 1645 4036 sufficeret,
1671 3969 1726 4025 nisi

89 4061 217 4131 Cumque
231 4060 293 4114 illos
304 4060 474 4131 adsaporem
492 4056 756 4112 naturanecessitas
770 4057 886 4111 invitas-
928 4055 988 4109 sola
1001 4054 1026 4108 ei
1042 4053 1185 4110 muliebris
1199 4055 1337 4110 sedulitas
1356 4057 1542 4113 ministraret.
1565 4059 1638 4114 Nam
1659 4075 1727 4131 por·

88 4154 142 4216 set,
153 4148 353 4220 expergefactis
364 4148 427 4202 eliis
437 4149 472 4202 ad
484 4164 580 4202 eorum
591 4147 639 4217 qui
649 4145 798 4200 dormituri
808 4150 889 4200 erant
929 4148 988 4198 tato
1003 4160 1035 4198 eo
1050 4143 1086 4198 ad
1099 4145 1303 4199 monasterium
1317 4161 1461 4201 sacrarum
1474 4145 1624 4217 vlrginom,
1648 4146 1727 4204 cibus

71 4238 256 4304 custodiam,
271 4237 401 4293 similiter
411 4237 510 4307 vigilia·
517 4236 711 4291 tradebantur.
721 4235 801 4289 Unde
810 4233 888 4310 dubi·
929 4248 960 4286 ac
971 4237 1053 4303 potus
1066 4232 1186 4288 femineo
1202 4233 1227 4287 ei
1241 4233 1423 4304 ingerebatur
1437 4233 1590 4306 obsequio;
1617 4235 1727 4308 explea-

89 4327 146 4384 tari
157 4343 214 4382 uon
227 4331 320 4400 potest
329 4342 416 4382 unum
428 4343 442 4381 e
453 4325 561 4381 duobus
575 4342 649 4380 nunc
661 4342 731 4392 asse;
749 4329 798 4379 aut
812 4323 888 4378 enirn
929 4321 1029 4393 disque
1044 4320 1173 4376 omnibus
1197 4326 1305 4378 naturae
1324 4322 1547 4393 necessitatibus,
1568 4325 1667 4382 eadem
1685 4325 1726 4380 illi

89 4415 195 4470 virtute
203 4416 293 4470 crucis
299 4416 383 4470 etlam
396 4416 508 4470 deserta
515 4419 690 4486 penetrante,
699 4400 1077 4484 erejusgraticdldiligentia
1090 4427 1140 4483 per
1154 4428 1242 4467 annos
1256 4413 1343 4466 terme
1362 4417 1491 4484 quatuor,
1508 4413 1537 4469 id
1559 4420 1612 4481 est,
1638 4430 1727 4487 usque

89 4504 196 4575 ubique
207 4511 380 4570 coruscante,
406 4510 502 4559 retusa
515 4510 558 4558 est
572 4504 698 4575 nequitia
711 4503 887 4571 daemonum3
930 4501 965 4555 ad
979 4501 1040 4556 vitae
1054 4518 1112 4556 suae
1126 4501 1279 4557 terminum
1293 4503 1440 4559 serviebat.
1449 4503 1503 4569 Qui
1516 4519 1581 4560 curn
1591 4509 1673 4560 tanta
1686 4520 1728 4560 es·

88 4599 141 4649 aut
154 4594 327 4665 negligentia
334 4594 499 4649 nostraillos
507 4594 542 4648 ab
550 4593 761 4664 Impugnatione
772 4592 891 4663 pristina
931 4595 974 4645 set
984 4590 1174 4645 membrorum
1195 4590 1321 4647 omnium
1339 4591 1484 4648 debilitate
1503 4593 1680 4661 constrictus,
1696 4599 1728 4649 ut

89 4683 216 4739 reddidit
229 4682 370 4748 lentiores,
387 4683 454 4737 dum
466 4682 654 4753 dedignantur
668 4682 815 4736 adversum
839 4698 890 4738 nos
931 4679 1000 4735 nulli
1015 4680 1044 4735 in
1059 4696 1092 4735 eo
1107 4685 1185 4736 artus
1202 4681 1323 4737 vivacem
1334 4686 1443 4737 motum
1451 4687 1635 4750 retentarent,
1647 4688 1729 4739 tanta

87 4772 141 4828 illa
154 4772 310 4827 intentione
324 4772 485 4842 confligere,
502 4790 559 4844 qua
570 4778 637 4828 tunc
647 4777 745 4826 contra
755 4772 817 4826 illos
828 4789 890 4844 pro·
930 4786 963 4823 ex
977 4786 1010 4824 eo
1022 4769 1159 4825 virtutum
1171 4770 1265 4842 matis
1281 4769 1459 4841 procedebat,
1480 4776 1512 4826 ut
1526 4787 1589 4827 cum
1610 4770 1645 4827 de
1666 4772 1728 4828 oleo

88 4860 251 4916 batissimos
265 4861 369 4916 Christi
385 4861 488 4915 milites
503 4860 661 4915 saeviebant.
930 4859 1004 4929 quod
1021 4875 1135 4930 corpore
1144 4876 1194 4915 suo
1210 4859 1346 4930 tetigerat
1354 4865 1530 4931 ungerentur
1544 4860 1660 4930 infirmi,
1673 4867 1728 4918 sta·

126 4950 267 5006 Caeterum
276 4950 459 5021 corporaliter
468 4951 587 5005 traditos
598 4951 757 5006 Satanaevel
772 4950 889 5005 infirmi·
930 4949 981 5002 hm
995 4965 1013 5002 a
1021 4950 1128 5003 cunctis
1139 4948 1345 5005 valetudinibus
1352 4956 1520 5005 curarentur
1531 4969 1538 5019 ;
1553 4950 1595 5006 ita
1607 4956 1731 5025 utsuper

87 5038 197 5096 tatibus
207 5040 887 5111 magnisetiamvirossanctosnovimusldossr'aa,
930 5038 982 5092 hac
991 5039 1051 5110 ejus
1066 5038 1224 5094 valetudiue
1234 5037 1378 5093 evidenter
1392 5039 1567 5108 claresceret,
1587 5045 1617 5098 et
1633 5041 1731 5099 debili·

87 5132 153 5185 coll.
164 5143 210 5196 vn,
226 5146 285 5198 cop.
298 5128 353 5196 25),
366 5146 415 5200 pro
435 5129 583 5183 levissinris
599 5129 756 5200 quibusque
771 5128 888 5196 delictis,
931 5132 1019 5182 tatem
1031 5126 1221 5182 membrorum
1231 5129 1395 5199 ejusamore
1405 5129 1519 5185 Domini
1529 5130 1728 5197 contributam.

87 5234 156 5275 cum
171 5217 268 5273 inillis
284 5235 335 5273 nec
345 5218 541 5273 tenuIssimum
557 5219 669 5289 quidem
684 5223 828 5289 peceatum
842 5223 892 5274 aut
932 5217 1730 5288 etsanitatumgratiamprotestimonioetmanilestatione

87 5307 231 5363 maculam
247 5308 277 5363 in
289 5308 337 5362 illo
349 5308 448 5379 judicii
466 5308 510 5362 dio
524 5309 632 5378 patitur
653 5308 779 5362 invenire
799 5308 892 5363 diviua
933 5307 1099 5362 maritorum
1113 5307 1173 5377 ejus
1189 5306 1310 5379 Spiritus
1324 5308 1413 5363 saneti
1426 5307 1676 5383 virtutspavatam.

89 5397 253 5463 clementia,
270 5403 302 5451 ut
316 5414 363 5451 eos
377 5404 623 5469 tanquamaurum
639 5396 797 5469 probatum,
815 5397 850 5452 ad
861 5397 892 5452 il·
1229 5396 1347 5452 CAPUT
1364 5397 1438 5454 LIII.

87 5488 150 5542 lam
163 5486 379 5558 perpetuitatem
393 5487 554 5557 gloriosam,
571 5488 649 5542 nulla
662 5487 820 5558 indigentes
833 5503 893 5559 poe·
1200 5488 1237 5542 De
1251 5488 1346 5543 abbate
1364 5488 1464 5556 Moyse.

84 5576 146 5633 nali
167 5577 344 5647 purgatione,
354 5577 536 5645 transmittat,
544 5579 626 5648 juxta
637 5577 706 5632 illud
719 5597 725 5631 :
738 5577 788 5631 Vir
798 5578 893 5648 justus
971 5574 1115 5631 Secundus
1134 5590 1208 5642 vero,
1230 5592 1313 5647 quem
1338 5576 1469 5644 diximus,
1495 5577 1606 5650 Moyses
1623 5576 1653 5632 in
1680 5576 1732 5632 hac
