3818 6120
155 313 239 374 :viee
721 301 875 383 navins
894 299 1043 359 neuneu
1060 302 1263 397 manevus
1743 312 1807 376 tvae

167 439 207 494 ris
220 435 362 493 morueuto
376 430 506 487 omnibus
515 427 599 484 simul
613 431 657 482 est
668 427 784 495 nudate,
800 427 910 483 reddita
919 425 1047 486 csthser
1060 427 1246 497 affectionem,
1261 434 1295 485 ut
1309 445 1406 486 earum
1416 447 1511 489 curam
1520 450 1622 508 geram
1634 445 1668 494 ut
1683 441 1806 512 postulat

166 525 339 582 andelium
349 525 381 577 ut
390 520 525 592 scriptum
535 522 578 574 est
589 535 595 571 :
608 516 714 582 Quibus
732 533 789 572 non
804 521 846 572 est
857 515 961 601 guber7
1002 516 1084 573 ratio.
1095 518 1167 574 Cum
1176 519 1275 575 suisset
1284 537 1351 591 ergo
1361 538 1555 593 vespera,cum
1564 542 1685 584 somnus
1695 545 1806 603 oppres·

166 615 253 680 natio,
269 612 290 667 ii
303 610 408 668 cadunt
421 614 453 665 ut
467 608 533 662 solia
549 607 638 676 (Pron.
650 607 700 676 nv).
1001 605 1081 662 sitin
1100 608 1260 665 solitudine.
1274 610 1425 667 Venientes
1440 619 1535 669 autern
1549 616 1585 670 ad
1601 634 1669 673 eum
1681 623 1743 674 tres
1756 637 1804 677 an.

433 697 554 754 CAPUT
564 695 691 752 XXXIV·
1001 694 1066 764 geli,
1088 702 1121 752 ut
1141 698 1201 770 ipse
1216 698 1284 754 mihi
1299 702 1433 769 narravit,
1446 720 1510 758 euru
1532 705 1704 775 retinentes,
1720 709 1747 763 ei
1766 710 1804 766 dt

430 791 468 844 lte
485 790 595 856 virgine
609 789 696 855 lapsa.
1001 789 1069 838 cunt
1084 805 1092 840 :
1108 787 1165 841 Cur
1176 787 1267 843 exiisti
1282 805 1315 843 ex
1333 792 1504 848 monasterio
1522 794 1699 851 seminarum
1710 798 1723 850 ?
1736 799 1803 857 Rem

198 882 271 939 Novi
284 897 381 937 rursus
392 878 544 951 qnamdam
556 875 711 947 virginem]
714 873 886 945 erosolymis,
898 889 960 945 quae
1000 871 1096 945 itaque
1111 876 1151 931 eis
1167 877 1301 944 narravit,
1315 878 1424 935 dicens:
1436 881 1529 937 Timui
1543 900 1580 939 ne
1595 889 1625 940 et
1639 886 1705 940 illas
1724 887 1803 942 laede·

163 988 274 1029 saccum
296 968 417 1042 gestavit
435 966 580 1033 sexennio,
606 968 698 1031 285
721 969 750 1018 et
767 962 820 1018 luit
835 963 958 1031 inclusa;
1000 978 1060 1017 rem
1074 972 1102 1020 et
1114 967 1263 1039 meipsum.
1277 969 1380 1025 Dicunt
1389 970 1415 1025 ei
1429 973 1521 1042 angeli
1536 991 1543 1026 z
1560 973 1592 1029 Si
1607 979 1636 1030 te
1648 992 1720 1047 ergo
1735 977 1801 1035 libe·

161 1060 325 1132 necaliquid
335 1057 479 1130 accepitex
490 1056 523 1110 iis
533 1070 594 1127 quae
603 1053 724 1108 tendunt
730 1052 764 1108 ad
771 1050 952 1123 voluptatem,
1000 1053 1155 1134 raverimus
1167 1056 1202 1110 ab
1215 1056 1268 1111 hac
1290 1058 1445 1128 allectione,
1462 1061 1577 1127 redibis,
1592 1068 1742 1121 eteorum
1757 1083 1800 1123 cu·

159 1151 209 1206 scd
220 1165 361 1205 summam
376 1144 577 1202 continentiam
594 1141 718 1197 exercuit
730 1142 804 1197 inter
826 1140 953 1195 seminas.
995 1157 1056 1195 ram
1066 1144 1169 1214 geres?
1182 1146 1233 1200 His
1243 1162 1373 1203 assensus
1384 1153 1436 1204 est.
1447 1149 1490 1204 Ab
1499 1167 1532 1206 eo
1541 1157 1639 1208 autem
1650 1155 1798 1226 jusjuran-

157 1241 260 1295 Postea
277 1242 402 1293 autema
415 1234 508 1289 divino
523 1233 634 1287 deserta
648 1230 750 1286 auxilio
764 1246 867 1303 proper
879 1247 956 1285 sum·
996 1229 1062 1285 dvrm
1078 1233 1194 1304 exigunt
1212 1247 1219 1284 ε
1239 1237 1374 1293 narrabat
1387 1244 1482 1294 autem
1494 1241 1713 1312 jusjurandum.
1732 1247 1797 1303 luva

157 1345 233 1383 mam
248 1326 408 1399 superbiam
423 1340 485 1396 quae
500 1323 638 1377 malorum
651 1320 777 1375 omnium
792 1325 835 1374 est
848 1318 952 1387 nutrix,
995 1318 1076 1375 nobis
1086 1321 1142 1376 tale
1154 1324 1353 1395 jusjurandum
1367 1344 1373 1381 :
1387 1327 1570 1400 Pereumqui
1581 1331 1797 1408 meicuramge·

158 1419 239 1490 lapsa
252 1422 304 1484 est,
316 1422 344 1471 et
358 1420 455 1487 aperta
468 1413 590 1467 fenestra
602 1410 716 1465 admisit
728 1425 793 1464 eum
807 1409 856 1480 qui
870 1409 895 1463 ei
909 1408 955 1464 in·
996 1409 1041 1475 rit,
1050 1427 1147 1466 aarum
1161 1429 1257 1469 curam
1271 1432 1379 1487 gevam.
1395 1417 1454 1472 lloc
1467 1418 1508 1473 eis
1523 1420 1642 1490 juravit.
1655 1423 1794 1480 'l'uncan-

158 1504 307 1572 serviebat,
322 1509 351 1560 et
368 1520 431 1558 cum
446 1519 479 1558 eo
492 1501 547 1557 tuit
561 1499 729 1566 commixta,
753 1515 786 1552 ee
802 1498 875 1570 quod
898 1513 954 1553 non
995 1499 1051 1570 geli
1066 1517 1131 1556 curn
1144 1507 1298 1560 tenuerunt
1317 1525 1322 1559 :
1348 1523 1421 1562 unus
1435 1525 1546 1576 manus,
1563 1516 1593 1566 et
1611 1512 1690 1568 alter
1705 1515 1795 1586 pedes,

157 1596 251 1651 divino
265 1593 408 1668 proposito
422 1598 496 1648 etex
509 1588 646 1645 charitate
667 1605 698 1643 se
717 1592 890 1654 exercuerat,
905 1586 954 1642 sed
996 1589 1097 1646 tertius
1111 1597 1205 1648 autern
1216 1600 1330 1668 accepta
1343 1598 1478 1653 novacula
1492 1599 1597 1656 excidit
1607 1602 1674 1673 ejus
1688 1604 1797 1660 testicu

155 1691 189 1741 ut
200 1685 330 1740 humanae
344 1698 434 1737 scenae
457 1680 585 1744 serviret,
601 1678 675 1750 quod
691 1677 805 1748 quidem
820 1682 863 1731 est
875 1693 954 1731 vanae
996 1676 1037 1733 los
1043 1682 1213 1752 tanquamin
1219 1684 1330 1750 exstasi,
1343 1689 1535 1755 nonvere,sed
1544 1691 1673 1761 quadam
1683 1693 1795 1751 visione.

154 1775 251 1847 gloria
261 1779 288 1830 et
300 1773 379 1846 parvi
393 1770 525 1827 instituti.
539 1771 687 1824 Nemeum
703 1769 764 1839 eius
781 1766 833 1838 piae
844 1765 950 1837 cogita·
962 1752 983 1815 Β
994 1767 1078 1824 Visus
1093 1776 1136 1825 est
1154 1788 1220 1842 ergo
1231 1772 1260 1827 in
1277 1773 1328 1828 illa
1340 1776 1442 1831 exstasi
1452 1777 1536 1834 veluti
1549 1779 1663 1835 excisus
1675 1781 1761 1838 inisse
1770 1788 1797 1838 et

145 1865 246 1939 'tiones
259 1867 400 1935 occupatan
416 1865 509 1915 essent
522 1858 551 1913 in
566 1856 734 1913 damnandis
762 1856 835 1921 aliis,
852 1855 953 1910 incita·
994 1862 1118 1913 curatus.
1135 1860 1202 1914 Post
1222 1860 1275 1916 hoc
1288 1862 1465 1936 interrogant
1474 1865 1568 1938 ipsum
1582 1871 1692 1941 angeli,
1704 1872 1796 1928 dicen·

154 1959 234 2009 retur
249 1951 448 2008 autemiuroce
463 1966 480 2004 a
493 1949 618 2004 daemone
633 1945 780 2018 superbiae,
792 1960 880 2016 eoque
894 1945 953 2000 val·
994 1949 1036 1999 tes
1053 1964 1059 1999 ε
1077 1947 1195 2002 Sensisti
1218 1950 1370 2006 utilitatem
1397 1952 1539 2025 aliquam?
1565 1955 1613 2011 Eis
1639 1958 1711 2014 dicit
1722 1960 1770 2015 ille
1788 1979 1796 2017 :

154 2044 189 2098 de
202 2043 398 2108 delectaretur,
413 2039 448 2095 ab
463 2056 496 2094 ea
508 2037 625 2093 recessit
635 2041 748 2091 sanctus
762 2035 879 2105 angelus
904 2050 953 2089 cu·
993 2033 1082 2089 Valde
1095 2052 1226 2107 magnam
1240 2039 1333 2112 accepi
1354 2041 1504 2098 utilitatem
1516 2063 1523 2111 ;
1536 2045 1621 2100 valde
1636 2048 1716 2103 enim
1729 2050 1797 2106 lem.

152 2130 419 2204 stostemperantiae.
992 2127 1038 2178 tus
1050 2141 1122 2192 sum,
1135 2131 1164 2180 et
1177 2144 1342 2197 persuasum
1367 2130 1456 2187 habeo
1472 2148 1516 2188 me
1536 2150 1598 2189 esse
1616 2134 1796 2194 liberatuma

187 2220 255 2277 Ideo
267 2226 362 2277 autem
378 2217 552 2290 scripsimus,
568 2214 718 2271 ovirorum
732 2213 904 2279 fidelissime,
922 2218 951 2268 et
991 2211 1086 2268 labere
1099 2219 1128 2270 et
1141 2216 1300 2276 affectione.
1310 2218 1388 2274 Tunc
1396 2221 1488 2292 angeli
1496 2221 1521 2276 ei
1533 2222 1637 2279 dicunt
1648 2236 1655 2272 t
1666 2226 1720 2281 Abi
1732 2244 1794 2299 ergo

152 2311 239 2366 vitam
253 2327 351 2367 eorum
366 2309 414 2381 qui
425 2325 454 2365 se
467 2312 543 2362 recte
554 2309 584 2360 ct
595 2320 627 2359 ex
640 2304 744 2359 virtute
753 2308 911 2374 gesserunt,
921 2307 950 2358 et
990 2302 1026 2356 ad
1048 2308 1128 2359 tuum
1150 2307 1362 2364 monasterium.
1383 2310 1520 2366 Reversus
1547 2318 1711 2371 astantem
1735 2324 1793 2388 post

152 2416 251 2456 eorum
265 2400 313 2472 qui
329 2404 393 2472 post
407 2397 510 2452 multos
524 2395 633 2450 labores
643 2410 694 2466 per
707 2392 796 2447 etium
811 2397 841 2447 et
854 2408 948 2446 socor-
991 2391 1113 2463 quinque
1125 2393 1267 2461 dies,eum
1277 2396 1391 2468 lugente
1400 2403 1460 2454 tuto
1479 2404 1667 2469 monasterio,
1680 2410 1710 2460 et
1720 2405 1792 2460 intus

123 2539 129 2545 .
151 2489 228 2544 diam
243 2506 261 2543 a
273 2505 383 2544 summo
391 2483 694 2558 etperfectissimevitm
705 2481 836 2536 instituto
843 2481 950 2536 excide·
990 2479 1132 2551 ingressus
1143 2489 1202 2552 est;
1219 2491 1304 2557 atque
1316 2493 1529 2561 excotemporc
1545 2493 1656 2547 mansit
1677 2494 1708 2548 in
1725 2495 1792 2550 cella

151 2582 228 2644 runt,
244 2577 318 2650 capti
335 2575 476 2631 adiabolo
491 2588 574 2628 omne
588 2587 678 2642 genus
692 2570 810 2641 laqueis,
826 2575 951 2625 utunus-
990 2569 1125 2626 adlectus
1141 2573 1613 2650 (sicimonasterii,quandoquidem
1633 2599 1701 2638 cum
1719 2589 1789 2640 esset

150 2665 270 2738 quisque
280 2682 313 2721 ex
322 2681 380 2720 aua
391 2664 454 2718 vitm
468 2661 597 2717 instituto
611 2660 771 2731 intelligens
786 2660 894 2714 occulta
906 2676 950 2713 re·
989 2674 1085 2730 prope,
1098 2676 1145 2716 eas
1154 2663 1312 2734 corrigebat
1326 2665 1449 2733 assidue,
1458 2674 1598 2740 quantum
1608 2669 1641 2726 in
1657 2672 1707 2727 illo
1722 2678 1788 2729 emt.

148 2754 190 2810 tia
203 2754 291 2810 bostis
304 2753 451 2820 banorum,
472 2751 562 2823 fugiat
586 2749 647 2821 ejus
662 2749 786 2820 laqueos.
806 2749 877 2804 Cum
892 2747 949 2803 sint
989 2748 1060 2802 Cum
1073 2755 1168 2804 autem
1181 2757 1279 2822 postea
1286 2753 1402 2810 vixisset
1409 2756 1480 2810 alios
1488 2758 1683 2830 quadraginta
1691 2778 1786 2831 anuos,

148 2860 216 2915 crgo
231 2843 402 2914 multi,iique
412 2840 508 2912 magni
521 2839 573 2894 viri
583 2837 812 2909 etmulieres‚qui
823 2837 946 2893 abinitio
988 2836 1148 2894 affirmabat
1158 2838 1376 2914 Patribus,quod
1390 2843 1426 2898 ab
1439 2862 1471 2900 eo
1482 2850 1612 2919 tempore
1625 2866 1684 2907 non
1694 2869 1788 2908 ascen·

145 2950 178 2988 se
192 2939 268 2988 recte
281 2935 429 3004 gesserunt
448 2930 478 2984 in
492 2929 610 2983 honesto
624 2926 753 2982 instituto
768 2926 945 2982 exercitatio·
987 2926 1069 2982 derat
1081 2927 1110 2982 in
1125 2944 1173 2984 cor
1187 2931 1249 3001 eJus
1270 2931 1379 2988 affectio
1395 2933 1559 3005 cupiditatis
1573 2937 1711 2998 feminiae.
1727 2942 1788 2997 flac

144 3021 200 3088 uis,
217 3021 331 3077 tandem
341 3025 438 3076 autem
452 3018 568 3073 fuerunt
578 3016 667 3071 eversi
685 3015 821 3071 radicitus
833 3015 869 3070 ab
882 3032 943 3070 om·
986 3020 1029 3069 est
1036 3015 1128 3087 gratia
1135 3019 1225 3074 sancti
1235 3019 1287 3074 viri
1295 3020 1465 3087 Eliae,ethaec
1474 3025 1684 3093 exercitatio,et
1692 3046 1786 3102 quem·

66 3108 69 3114 ’
145 3110 227 3165 nium
234 3109 382 3167 hominum
388 3107 558 3174 adversario,
568 3123 601 3161 ex
614 3103 712 3159 multis
722 3103 943 3160 luctamentione
955 3079 1138 3161 Cadmodum
1150 3124 1247 3163 curam
1256 3109 1345 3178 gessit
1355 3113 1519 3169 monasterii
1534 3115 1691 3187 virginum.

145 3215 311 3271 paucorum,
322 3198 459 3271 plurimos
467 3194 614 3269 preteribo
626 3193 747 3261 silentio,
755 3194 840 3266 utqui
851 3210 943 3265 neque
1252 3198 1370 3255 CAPUT
1384 3200 1506 3257 xxxvp,

143 3288 220 3361 ipsos
228 3289 344 3360 erigam,
361 3303 452 3360 nequo
468 3285 537 3341 mihi
552 3284 669 3357 prosim,
682 3283 749 3338 dum
765 3283 794 3337 in
815 3283 850 3337 iis
867 3283 942 3338 mul·
1220 3289 1278 3342 Vtra
1292 3289 1399 3344 aetatis
1413 3291 1553 3346 0070,ng

143 3381 205 3433 tum
216 3378 362 3445 immoror,
374 3382 403 3432 ct
424 3374 540 3431 eximios
553 3372 656 3429 Christi
676 3372 798 3427 athletas
817 3372 939 3444 negligo,
1018 3372 1070 3427 Cui
1082 3375 1216 3430 successit
1225 3376 1384 3432 Dorotheus
1397 3377 1440 3433 vir
1452 3378 1684 3451 probatissimus,
1695 3384 1744 3457 qui
1756 3383 1783 3441 in

142 3483 200 3524 uon
211 3484 329 3524 narrans
345 3465 464 3521 virtutes
478 3463 577 3519 divinae
600 3478 699 3517 eorum
723 3461 940 3517 exercitationis.
981 3458 1056 3516 bona
1068 3463 1167 3530 vitn,et
1179 3481 1241 3535 qua
1251 3464 1281 3520 in
1292 3466 1401 3537 agendo
1414 3466 1553 3536 versatur,
1562 3474 1724 3531 consenuit.
1732 3474 1782 3540 uui

421 3553 538 3610 CAPUT
552 3552 661 3608 XXXV.
981 3566 1044 3605 cum
1059 3568 1115 3607 non
1121 3559 1215 3624 posset
1222 3554 1335 3625 quidem
1347 3556 1387 3610 sic
1400 3573 1496 3612 curam
1506 3575 1609 3631 gerere
1619 3564 1782 3620 monasterii

411 3646 470 3700 l'r'tc
487 3644 593 3698 abbatis
606 3642 682 3696 Ehe.
982 3644 1014 3693 ut
1025 3639 1072 3695 hic
1086 3640 1289 3715 beatus,neque
1309 3644 1459 3700 mansisset
1468 3646 1497 3702 in
1511 3646 1562 3702 illa
1575 3650 1659 3716 cella,
1675 3652 1706 3707 in
1720 3652 1778 3724 ipso

177 3737 253 3794 Elias
267 3734 381 3808 quidam
394 3732 517 3805 optimus
537 3730 713 3794 exercitator,
728 3728 782 3784 suit
800 3729 940 3800 virginum
982 3730 1152 3786 monasterio
1166 3731 1195 3786 in
1210 3732 1348 3805 superiori
1357 3735 1500 3790 cenaculo
1515 3736 1646 3810 seipsum
1658 3740 1777 3807 inclusit,

141 3817 942 3890 amantissimus,curamgerenspartisimbecillioris.Sunt
981 3822 1009 3871 ct
1023 3818 1088 3874 lecit
1102 3821 1253 3876 fenestram
1269 3839 1331 3893 quse
1350 3823 1495 3895 spectabat
1516 3826 1552 3881 ad
1576 3831 1779 3886 monasterium

141 3915 217 3970 enim
231 3914 302 3970 tales
316 3911 429 3973 animae,
449 3908 551 3981 quibus
572 3909 626 3962 sert
650 3907 715 3962 sinis
734 3907 938 3974 testimonium,
981 3906 1158 3976 seminarum,
1172 3927 1257 3981 quam
1271 3911 1419 3967 claudebat
1429 3918 1458 3968 et
1468 3915 1626 3986 aperiebat.
1643 3919 1780 3991 Perpetuo

140 4003 216 4077 quod
229 4002 259 4059 id
272 4001 378 4057 iaciant
389 4016 422 4055 ex
434 3998 653 4056 virtute.lscum
664 3996 796 4052 misertus
810 4000 883 4052 esset
896 4013 940 4050 or·
980 4012 1046 4067 ergo
1059 3998 1200 4054 assidebat
1213 3998 1351 4066 renarra,
1365 4018 1519 4073 procurans
1532 4009 1565 4059 ut
1579 4004 1657 4062 iuter
1670 4025 1720 4063 eas
1734 4025 1780 4082 pn·

140 4093 214 4148 dinis
228 4091 464 4161 feminarumque
474 4105 504 4142 se
519 4090 657 4152 exercent,
666 4086 783 4141 haberet
796 4092 890 4141 autem
899 4086 940 4140 ἰιι-Ι
977 4102 1040 4156 gna
1050 4093 1203 4142 cessarent.
1220 4088 1320 4160 Sicque
1329 4088 1359 4144 in
1369 4091 1507 4163 superiori
1522 4096 1668 4151 coenaculo
1683 4114 1778 4153 couse-

138 4183 257 4238 cultates
272 4182 301 4237 in
312 4178 429 4236 hthribe
443 4179 510 4250 tlt,
521 4174 939 4249 Athlcbc]civitate,aedihcavit
978 4175 1050 4242 nuit,
1071 4193 1134 4231 curn
1146 4193 1197 4232 nec
1216 4177 1292 4234 ullus
1315 4195 1443 4234 seorsum
1453 4183 1617 4251 ascendere,
1629 4201 1722 4258 neque
1735 4187 1778 4242 illo

138 4288 273 4343 magnum
287 4269 500 4333 monasterium,
517 4271 545 4320 et
567 4265 624 4320 illic
644 4264 823 4336 congregavit
839 4281 937 4319 onrnes
977 4271 1072 4335 posset
1084 4265 1263 4333 descendere,
1276 4284 1332 4322 nen
1344 4269 1421 4324 enim
1435 4269 1549 4327 stabant
1559 4273 1653 4329 scula.
1662 4274 1728 4331 Haec
1737 4280 1778 4331 ert

138 4378 200 4434 quae
210 4359 344 4416 errabant
356 4358 489 4428 virgines,
504 4359 707 4426 consequenter
727 4370 825 4409 earum
836 4352 865 4408 in
879 4369 937 4407 om·
977 4351 1051 4408 beati
1074 4355 1207 4411 Dorothei
1230 4356 1362 4428 religiosa
1382 4364 1412 4414 et
1423 4357 1576 4418 virtutibus
1593 4370 1698 4419 ornata
1711 4365 1775 4420 vita.

136 4450 221 4506 nibus
234 4464 331 4505 curam
344 4463 456 4519 gerens,
466 4444 650 4517 suppeditans
664 4442 705 4497 eis
718 4443 814 4497 omnia
827 4458 888 4515 quve
900 4441 936 4497 ad
946 4435 1029 4498 Dllic
1043 4444 1169 4514 ejusdcm
1183 4444 1246 4500 vitre
1260 4445 1335 4502 linis.

137 4557 219 4596 usum
235 4538 378 4610 pertinent
390 4533 579 4591 necessarium
596 4552 602 4586 :
620 4533 727 4598 hortos,
746 4537 776 4587 et
789 4532 824 4586 ad
837 4548 933 4587 eornm
1240 4535 1358 4592 CAPUT
1372 4536 1511 4596 mvn,

136 4630 277 4685 culturam
296 4627 488 4682 instrumenta
504 4621 568 4693 175),
586 4627 670 4693 atque
685 4627 717 4676 ut
730 4621 816 4675 semel
830 4621 931 4686 dicam,
1222 4625 1259 4679 De
1273 4625 1374 4680 Apama
1387 4627 1521 4683 piamun,

136 4718 230 4773 omnia
244 4734 306 4789 quae
316 4715 441 4788 postulat
448 4713 506 4767 vita
518 4709 784 4766 exercitationis.Ese
797 4714 933 4766 eutemex
1012 4715 1106 4778 m}
1119 4711 1608 4790 FuitquaedamvirgoPiamun,quae
1618 4721 1772 4779 annosritae

135 4805 252 4862 diversis
266 4805 329 4860 vitae
342 4801 479 4859 institutis
489 4807 519 4857 et
529 4800 640 4873 privata
650 4799 776 4854 deductae
786 4804 933 4855 consuctu-
972 4817 1029 4856 suae
1039 4800 1179 4856 vixitcum
1191 4804 1282 4857 matre
1294 4802 1417 4875 propria,
1432 4805 1493 4860 sola
1506 4823 1573 4863 cum
1588 4810 1649 4865 sola
1664 4829 1772 4886 vespere

134 4893 208 4962 dine,
222 4895 297 4949 inter
307 4910 337 4949 se
346 4890 548 4966 depugnabant
560 4888 681 4944 assidue.
689 4889 760 4943 Cum
773 4905 839 4959 crgo
851 4905 932 4961 opor·
971 4890 1128 4954 comedens,
1140 4890 1348 4947 etlinumnens.
1357 4892 1695 4970 llaecdignataestgratia
1703 4918 1772 4974 pra·

134 4986 208 5037 teret
220 4983 294 5037 hunc
305 4987 434 5038 sanctum
444 4986 473 5035 ct
485 4996 533 5035 eas
547 4977 655 5044 andire,
668 4982 697 5032 et
710 4977 819 5033 efficere
833 4982 866 5033 ut
880 4995 930 5050 pa·
971 4977 1100 5034 dictionis
1107 4979 1266 5035 futurorum
1276 4980 1351 5036 inter
1363 4981 1770 5062 homineshociditaliquando

133 5087 193 5126 cem
208 5069 637 5138 interseservarent,collegerat
646 5067 721 5122 enim
732 5067 767 5121 ad
778 5072 927 5134 trecentas,
970 5066 1001 5122 in
1009 5067 1138 5140 AEgppto,
1148 5085 1210 5124 curn
1222 5069 1480 5139 Nilusascenderct,
1492 5077 1526 5128 ut
1539 5074 1619 5131 vicus
1628 5076 1721 5134 vicum
1729 5079 1769 5134 in·

131 5165 162 5216 ct
173 5175 287 5216 necesse
301 5159 327 5214 ei
340 5159 502 5214 iueratessc
514 5173 612 5213 earum
626 5156 793 5211 intercessor
805 5155 928 5222 biennio,
969 5154 1099 5225 vaderet;
1114 5162 1242 5229 pugnant
1251 5159 1327 5214 enim
1342 5176 1393 5231 pro
1403 5163 1767 5242 aquarumdivisione,adeo

129 5250 196 5305 licet
213 5250 297 5304 atate
317 5246 431 5318 juveni:
447 5251 508 5301 erat
531 5245 607 5300 enim
622 5243 734 5299 circiter
748 5243 865 5315 triginta
878 5248 929 5299 aut
968 5249 1001 5298 ut
1015 5250 1170 5317 sequautur
1179 5245 1267 5302 caedes
1289 5252 1319 5301 et
1327 5247 1526 5305 sauciationes.
1541 5250 1694 5311 Potentior
1707 5272 1767 5328 ergo

128 5335 415 5412 quadragintaannos
424 5334 544 5401 natusne
553 5339 679 5390 tentatus
688 5332 742 5389 fuit
751 5333 925 5405 evoluptate.
968 5332 1043 5389 vicus
1053 5335 1114 5406 ejus
1125 5335 1215 5391 vicum
1227 5334 1375 5404 invasit-et
1387 5337 1464 5394 venit
1475 5338 1604 5397 virorum
1619 5344 1766 5401 multitudo

127 5431 154 5486 Α
166 5424 338 5484 monasterio
356 5428 452 5480 autem
465 5422 598 5478 recedens
611 5423 736 5494 jejunus,
753 5421 925 5494 errabetper
966 5438 1029 5478 cum
1043 5423 1147 5480 lanceis
1171 5430 1200 5481 et
1224 5424 1320 5493 clavis,
1332 5431 1365 5482 ut
1379 5426 1442 5497 ejus
1463 5427 1558 5485 vicum
1582 5433 1762 5491 exscinderet.

128 5516 310 5574 solitudinem
330 5514 402 5570 duos
413 5511 484 5578 dies,
500 5512 553 5566 hoc
566 5528 677 5583 rogans,
694 5517 724 5568 et
735 5510 830 5568 dicens
845 5530 851 5565 :
869 5513 926 5568 Aut
965 5511 1240 5570 Astitituntemhuic
1250 5513 1466 5587 beateangelus
1476 5518 1608 5576 revelans
1619 5523 1763 5579 cornmin-

120 5604 222 5665 cccide
235 5619 418 5679 mauevpsas
427 5600 537 5658 videam
551 5599 673 5658 afflictus
685 5618 692 5670 3
703 5605 754 5657 aut
767 5617 860 5658 meam
874 5615 923 5659 au·
964 5601 1124 5671 vasionen,
1138 5609 1167 5660 ct
1189 5603 1330 5661 accersitis
1344 5604 1396 5662 vici
1414 5605 1600 5681 presbyteris,
1614 5610 1657 5670 eis
1671 5610 1736 5671 dicit
1754 5631 1760 5668 :
