3818 6120
175 246 228 302 315
674 246 723 302 ba
740 247 836 302 viras
853 246 1003 301 PATRUI(
1021 245 1128 301 LIBER
1147 244 1293 300 milles.
1316 246 1320 264 ¹
1762 234 1816 295 tlt

177 378 316 440 ταιοπονία,
332 379 361 442 ἣν
377 366 445 446 εἶχον
460 373 656 443 προσδιατρίθανν
670 377 700 442 τῇ
716 367 833 443 ἀναλήψει
851 378 901 424 τιῖνν
921 369 1118 441 pa-AGhristi
1132 386 1238 424 annum
1247 369 1392 439 assignant
1405 368 1473 425 349:
1488 365 1751 435 «quadragesimus
1758 363 1817 419 hia·

178 435 300 520 θημάτων
312 454 353 513 τῆς
368 432 436 514 παρὰ
448 449 492 495 τοῦ
510 441 577 497 lieo]
597 445 757 512 μαρανθείσης
776 445 871 513 οορίας,
889 440 972 507 ἐπειδη
1015 441 1108 493 ximus
1133 448 1196 510 post
1224 441 1377 495 Macarium
1406 439 1645 510 ierosolymorum
1670 434 1816 560 episeopus

180 539 241 572 ποτε
249 521 333 587 ὥσπερ
344 515 452 577 ἐξὺπνου
463 515 548 583 βαθέος
559 512 698 576 διαναστὰς,
715 509 840 584 alcibiade
855 513 897 584 μὲν
913 510 973 582 ιερδς
1014 513 1144 565 meritur.
1156 530 1168 562 ν
1186 514 1299 576 Barea,
1310 518 1379 565 tom.
1395 512 1444 565 ΙΙΙ.
1466 527 1540 563 anno
1555 508 1659 564 Christi
1676 504 1739 570 331,
1779 507 1814 560 il-

179 588 208 643 τό
227 586 364 658 θαυμαστὸν
379 593 429 656 ρῶς
443 592 486 651 τῆς
501 580 613 650 ἀληθείας
633 590 675 636 τοῦ
695 582 844 655 εὐαγγελίου,
864 585 973 635 κατεῖδον
1014 583 1101 636 nestri
1118 600 1196 653 papae
1212 584 1254 644 la,
1272 583 1449 637 Constantini
1459 582 1526 653 imp.
1538 579 1582 644 26,
1598 577 1713 634 Maximi
1722 576 1819 630 subro-

180 661 207 716 δὲ
226 657 255 712 τὸ
277 656 404 729 ἄχρηστον
427 662 470 722 τῆς
493 656 579 724 σοφίας
601 661 649 706 τῶν
671 650 800 726 ἀρχόντων
822 661 864 707 τοῦ
887 651 975 714 αἰῶνος
1016 654 1159 723 gationem
1184 655 1212 707 in
1229 654 1323 708 sedem
1349 653 1614 724 ierosolymitanam
1624 649 1713 722 ponit-
1730 649 1817 702 Deee

179 732 265 785 τούτου
279 721 329 782 edi
343 729 558 797 καταργουμένων,
573 724 654 779 πολλὰ
671 706 715 791 rip
736 723 828 792 ἐλεινὴν
848 745 894 795 μου
909 725 975 790 ζωὴν
1017 724 1102 777 etiam
1118 725 1298 785 Sesamus,
1315 724 1384 777 libro
1395 739 1425 789 ll,
1442 740 1502 795 cap.
1523 721 1564 780 19.

180 797 336 860 ἄιτοαλιιύοας
357 797 471 870 ηὖγόμην
492 799 592 863 δοθῆναι
613 816 655 866 μοι
674 793 828 881 χειραηωγὸν
848 794 909 865 πρὸς
933 795 976 861 τὴν
1055 794 1106 857 ίῖ3)
1127 798 1158 850 ia
1173 794 1317 867 iordane]
1332 796 1422 849 Fuere
1437 794 1503 848 oiim
1518 791 1566 864 qui
1580 791 1615 845 ob
1627 790 1819 916 aquasiorda·

179 870 316 941 εἰσαγωγὴν
326 876 376 922 τῶν
386 860 518 954 δογμάτων
528 874 570 932 τῆς
580 864 709 929 adestare,
723 887 762 919 αα
776 867 861 936 πρίγε
878 866 976 917 πάντων
1019 867 1062 919 uis
1076 866 1216 937 baptismo
1231 867 1333 920 Christi
1347 872 1532 928 consecratas,
1553 864 1582 917 iu
1603 864 1652 916 ior
1672 878 1726 918 ane
1748 875 1817 934 quo-

180 939 293 1012 ἐιειμελὲς
302 933 331 1007 ἦν
343 940 531 1010 μοι,διορθωοι’ν
539 957 593 993 τινα
601 943 646 991 τοῦ
654 939 726 1004 ἤθους
737 941 892 1004 ποιήσασθαι,
901 936 976 988 πιλίον
1019 953 1073 1007 que
1087 936 1222 1007 baptizari
1246 953 1280 990 ex
1303 937 1424 990 etierint.
1450 934 1512 990 Tali
1526 932 1667 988 desiderio
1680 933 1817 1007 flagrasse

180 1035 186 1042 ·
217 1011 272 1067 όνον
285 1010 311 1065 ἐκ
325 1018 368 1078 τῆς
387 1008 449 1080 πρὸς
463 1008 519 1070 τοὺς
538 1009 643 1078 φαύλους
661 1009 759 1078 ὁμιλίας
779 1009 974 1078 aristeae-'aton
1018 1008 1234 1061 Constantinum
1264 1023 1407 1077 ³agnum,
1432 1010 1531 1061 narrat
1556 1003 1694 1059 Eusebius
1708 1003 1738 1057 in
1757 1004 1817 1074 ejus

180 1034 233 1139 isai
255 1085 334 1137 τοίνυν
354 1077 472 1151 ἀναγνοῦς
491 1078 519 1131 τὸ
538 1077 689 1149 εὖαγγελιον,
705 1080 744 1132 καὶ
763 1079 912 1148 θεασάμενος
932 1076 979 1129 ἐκεῖ
1018 1079 1092 1142 vita,
1115 1077 1372 1149 iibr01v,cap.6'2.

182 1156 297 1224 μεγίστην
314 1149 425 1222 ἀφορμὴν
442 1149 473 1212 εἰς
489 1152 612 1203 τελείωσιν
627 1150 670 1216 τὴν
688 1151 818 1219 διάπρασιν
832 1158 881 1201 τῶν
897 1151 977 1218 ὑπαιρ-
1056 1148 1112 1215 ιιθ)
1135 1150 1326 1219 dicationem]
1342 1151 1384 1204 ita
1401 1151 1455 1202 'am
1471 1155 1537 1202 ante
1551 1148 1675 1219 Spiritus
1692 1150 1816 1212 sanetus,

181 1208 289 1297 ydriae,
303 1224 343 1276 aei
354 1223 398 1288 τὴν
411 1219 472 1292 πρὸς
483 1221 539 1282 τοὺς
554 1219 639 1282 ἐνδεεῖς
652 1226 701 1272 τῶν
715 1217 826 1290 ἀδελφῶν
839 1221 976 1274 κοινωνίαν.
1018 1221 1087 1274 dum
1102 1220 1232 1282 Christus
1247 1238 1263 1274 a
1277 1222 1384 1274 Joanlle
1396 1167 1597 1291 baptizaretur,
1611 1216 1754 1341 apgaruii.
1766 1216 1819 1272 Oll-

182 1289 223 1350 κέιὶ
242 1293 307 1356 ὅλως
325 1292 354 1348 τό
375 1292 539 1363 ἀφροντίστως
558 1293 622 1362 ἔχειν
641 1299 685 1344 τοῦ
700 1294 751 1360 βίον
766 1294 862 1354 τούτου,
878 1292 917 1341 καὶ
932 1287 978 1341 ὑπὸ
1018 1294 1065 1361 jus
1080 1292 1119 1345 rei
1131 1292 1269 1345 rationem
1284 1293 1407 1374 aiiqtmm
1421 1291 1549 1361 assignat
1557 1289 1644 1359 Nieep
1667 1305 1746 1353 orus,
1761 1288 1780 1341 l.
1797 1302 1815 1351 l,

184 1368 304 1438 μηδεμίας
325 1366 474 1435 συμπαθείας
496 1360 556 1432 πρὸς
577 1361 609 1415 τὰ
627 1356 677 1415 ὦδε
699 1364 742 1428 τἠν
764 1363 844 1433 δερ-ὴν
867 1358 978 1429 iaromi-
1020 1379 1080 1433 cap.
1102 1360 1132 1418 l8
1149 1382 1154 1415 :
1174 1381 1186 1414 ι
1204 1363 1318 1417 Factum
1334 1363 1436 1416 ldcum
1475 1367 1571 1433 repter
1588 1360 1710 1414 volucris
1729 1359 1818 1430 ipsius

183 1440 282 1522 ysabel,
312 1434 425 1507 ηὐχόμην
460 1435 534 1503 εὑρεῖν
567 1453 620 1485 τινα
650 1440 699 1485 τῶν
734 1428 860 1502 ἀδελφῶν,
890 1433 979 1496 ταύτην
1021 1434 1183 1504 puritatem,
1208 1440 1267 1487 lum
1284 1434 1358 1503 quod
1383 1449 1416 1486 ea
1442 1379 1508 1486 oiim
1530 1432 1628 1486 diiul'li
1655 1430 1817 1485 linemiteto

185 1507 300 1577 ελόμενον
314 1500 362 1572 τὴν
378 1504 434 1558 ὁδὸν
455 1510 497 1556 τοῦ
517 1505 579 1572 βίον.
600 1506 634 1565 ὥς
653 1523 678 1555 τε
698 1500 764 1573 αὐτῷ
784 1505 979 1572 σονδιαπεραιω-
1020 1505 1149 1575 praedixit
1162 1504 1270 1558 nuntio.
1293 1525 1304 1555 ν

184 1582 254 1645 θῆναι
268 1575 310 1629 τὸν
326 1577 398 1646 βαθὺν
412 1582 496 1628 τοῦτον
510 1581 553 1628 τοῦ
568 1576 620 1644 βίον
633 1575 740 1626 siloem
757 1596 761 1605 ·
777 1576 818 1626 sal
832 1575 858 1626 δὲ
873 1572 979 1634 πολλοὺς
1057 1576 1103 1629 Uti
1112 1576 1157 1628 hic
1166 1575 1277 1639 Basilio,
1293 1576 1331 1629 ita
1340 1592 1395 1628 non
1410 1591 1474 1628 rare
1488 1574 1551 1627 aliis
1563 1573 1670 1627 sanetis
1684 1572 1815 1627 columba

184 1650 228 1719 μὲν
248 1643 317 1717 εὖρον
336 1648 396 1699 κατὰ
415 1646 458 1711 τὴν
479 1645 676 1714 Ἀλεξάνδρειαν.
694 1645 799 1705 πολλοὺς
818 1645 845 1696 δὲ
860 1644 921 1696 κατὰ
936 1644 979 1710 τὴν
1022 1647 1050 1699 in
1065 1646 1204 1716 baptismo
1220 1646 1359 1716 apparuit.
1378 1647 1412 1699 Et
1425 1651 1505 1699 retus
1520 1644 1586 1698 oiim
1601 1644 1631 1698 in
1646 1643 1816 1714 quibusdam

183 1719 271 1784 λοιπὴν
290 1718 427 1788 Αἴγυπτον,
449 1717 488 1768 καὶ
508 1714 546 1768 ἐπὶ
565 1723 607 1781 τῆς
627 1716 795 1781 Παλαιστίνης
815 1717 919 1785 ἑτέρους,
940 1716 980 1766 καὶ
1022 1718 1151 1770 Fatciesiis
1167 1735 1227 1770 mos
1241 1718 1303 1782 lint,
1319 1717 1477 1770 columbam
1492 1715 1752 1786 Sllperbapiisbel'ia
1769 1731 1818 1786 ap·

183 1797 225 1856 τῆς
240 1791 322 1854 κοίλης
338 1789 429 1856 Συρίοις
444 1788 483 1838 καὶ
504 1788 709 1855 Μεσοποταμίας,
730 1782 765 1837 riri
781 1786 915 1848 ἐθαύμαζον
936 1786 978 1854 μὲν
989 1763 1152 1858 Bpondere.
1168 1794 1200 1841 lli
1211 1788 1368 1841 habeturin
1388 1788 1494 1849 synodo
1507 1786 1692 1841 Constantino
1714 1785 1820 1840 olitana

183 1858 212 1912 τὸ
231 1860 286 1929 περὶ
304 1859 348 1925 τὴν
366 1860 460 1910 δίαιταν
481 1855 602 1928 inpete,
621 1855 756 1926 ἐθαύμαζον
775 1857 801 1909 δὲ
820 1838 848 1909 τίν
867 1876 980 1927 suprept-
1021 1860 1185 1913 subMenna
1198 1859 1507 1929 Constantinopolitano
1522 1858 1652 1929 episcopo
1667 1804 1818 1921 ceiebrata,

183 1930 225 1983 αὸν
241 1927 265 1982 ἐν
281 1928 373 1990 πόνοις.
391 1948 403 1979 ι
421 1929 479 1997 Ego
493 1945 560 1982 sarie
576 1935 757 1997 posteaquam
773 1928 892 1982 mullum
908 1934 980 1980 tem·
1023 1931 1132 1984 actione
1149 1932 1173 1992 5,
1197 1947 1279 2000 quem
1293 1931 1384 1984 locum
1400 1929 1461 1983 vide
1475 1929 1529 1996 hie,
1541 1928 1625 1995 inira,
1642 1928 1769 1993 citatum,
1785 1927 1819 1981 ad

184 2001 261 2071 poris
271 2000 387 2055 vanitati
401 2000 611 2069 impendissem,
623 2005 651 2053 et
665 2016 776 2053 emnem
790 2000 977 2069 prepejuven·
1019 2019 1046 2055 n.
1061 2001 1104 2057 34.

184 2078 274 2127 tutem
290 2071 368 2127 inani
384 2070 477 2124 studio
493 2070 661 2125 attrivissem
687 2087 742 2139 que
765 2070 889 2129 tenebar,
914 2086 977 2122 eum
1054 2072 1112 2139 (ib)
1129 2075 1158 2126 Εί
1176 2089 1281 2139 stupeas
1294 2076 1377 2125 eliam
1388 2077 1481 2125 samio
1491 2070 1663 2141 chrismate]
1674 2070 1754 2125 Sacri
1769 2070 1820 2125 hu·

110 2200 117 2207 ,
184 2142 428 2223 apprehendendis
450 2142 593 2195 infatuatae
604 2158 620 2194 a
630 2142 687 2195 Deo
701 2141 977 2211 sapienliaediscipii-
1016 2145 1064 2215 jus
1074 2145 1234 2197 chrismatis
1251 2144 1279 2197 in
1294 2143 1327 2196 ba
1349 2143 1433 2197 tismo
1445 2149 1473 2196 et
1490 2148 1553 2213 post
1567 2141 1742 2223 baptismum
1750 2156 1819 2195 usus

184 2230 229 2269 nis
256 2213 437 2275 immorabor,
460 2213 572 2266 tandem
597 2213 757 2281 aliquando,
788 2212 835 2266 ubi
860 2213 979 2265 velutex
1022 2216 1193 2268 etiamnunc
1207 2213 1242 2267 ab
1256 2215 1323 2285 ipsis
1391 2214 1466 2268 lesia
1479 2213 1641 2284 primordiis
1659 2212 1689 2266 in
1706 2211 1820 2266 eeclesia

185 2284 263 2355 gravi
274 2302 372 2338 somno
389 2285 597 2354 expergelactus
617 2296 649 2336 al
674 2284 839 2353 evangelicae
858 2283 982 2336 veriatis
1023 2285 1262 2339 catholieadurat.
1278 2286 1317 2339 De
1353 2302 1388 2338 uo
1402 2286 1516 2339 consule
1526 2283 1740 2347 Bellarminum,
1751 2288 1819 2338 tom.

186 2355 351 2411 admirabile
367 2355 460 2408 iumen
479 2355 597 2424 respexi,
621 2354 776 2424 agnovique
800 2353 981 2407 inutilitatem
1024 2357 1073 2419 ΙΙΙ,
1090 2357 1261 2410 renuntiem
1280 2356 1344 2418 ιι,Ιί
1367 2371 1417 2412 .11.
1710 2366 1712 2370 ’

186 2427 331 2497 sapientise
347 2427 503 2497 principum
511 2427 594 2495 hujus
604 2425 706 2479 saculi,
716 2424 981 2494 quiabolenturde-
1058 2427 1115 2488 (ael
1132 2430 1149 2481 ,ί
1167 2426 1296 2498 dictatio]
1310 2426 1567 2497 Nicephorus,libro
1582 2441 1619 2485 xl,
1632 2443 1655 2479 e.
1676 2425 1724 2480 ll:
1744 2424 1821 2479 «ss-

206 2499 296 2551 lorata
309 2497 460 2567 plurimum
470 2495 621 2549 miserabili
637 2496 919 2560 mearitapluctorem
933 2495 980 2547 mi·
1023 2499 1102 2551 silius
1117 2515 1133 2550 a
1146 2499 1258 2552 heleno
1272 2499 1426 2551 Antiochiae
1448 2498 1578 2567 episcopo
1592 2497 1729 2550 diaconus
1744 2511 1821 2551 crea·

186 2515 216 2623 ii
227 2569 289 2622 dari
297 2566 530 2638 optaba1n,quiml
540 2567 652 2637 pietatis
661 2583 705 2619 me
716 2567 845 2635 dogmata
855 2567 981 2619 introdn-
1024 2578 1078 2630 tus,
1094 2576 1189 2638 postea
1202 2569 1300 2640 patria
1315 2586 1371 2623 suae
1386 2570 1519 2623 Caesmeae
1534 2569 1732 2650 Cappadocum
1748 2565 1821 2621 anti·

187 2647 271 2695 aeret.
287 2640 321 2694 Et
335 2656 399 2693 eum
415 2638 571 2709 primishoe
586 2638 654 2691 mihi
672 2644 910 2701 numantinorum
924 2653 984 2690 cor·
1024 2646 1081 2693 stes
1096 2640 1195 2704 iactus,
1210 2657 1272 2694 cum
1283 2657 1351 2693 eura
1364 2646 1392 2693 et
1403 2641 1457 2693 lide
1470 2639 1600 2693 Ecclesirs
1619 2637 1741 2710 plastris.
1757 2657 1767 2687 ν

187 2711 341 2765 rectionem
356 2710 480 2779 aliquam
491 2709 677 2769 instituerem,
692 2725 761 2778 quus
776 2726 826 2779 per
842 2709 982 2761 diutinam
1059 2711 1114 2777 (iil
1132 2710 1369 2792 reseratorum]
1386 2713 1462 2765 Inter
1480 2727 1565 2781 opera
1579 2708 1676 2764 Basilii
1688 2713 1780 2763 exstat
1793 2709 1822 2763 in

188 2782 418 2836 consuetudinem
431 2797 494 2834 eum
510 2779 644 2850 improbis
655 2786 826 2832 contractum
842 2785 983 2849 perverts·
1024 2781 1236 2835 proverbiorum
1247 2783 1412 2852 principmm
1422 2787 1569 2835 tractatus.

189 2870 261 2907 ram.
278 2854 361 2906 Lecto
377 2853 471 2922 itaque
487 2850 897 2920 Evangelioanimadrersoque
913 2850 980 2914 illic,
1059 2852 1115 2919 (28)
1132 2855 1267 2923 diarrhia]
1283 2854 1465 2924 Nicephorus,
1476 2853 1545 2905 libro
1559 2867 1595 2913 xl,
1608 2868 1668 2921 cap.
1679 2848 1716 2909 18
1729 2850 1823 2905 :eiiu-

187 2924 262 2994 quod
279 2924 432 2993 plurimum
458 2921 612 2976 occasionis
634 2927 663 2974 et
686 2922 821 2975 momenti
837 2923 934 2974 allerat
948 2921 983 2974 ad
1024 2922 1110 2988 sebi0,
1126 2924 1172 2993 qui
1188 2930 1253 2977 ante
1269 2925 1403 2978 Basiliam
1427 2924 1557 2977 Ecclesia
1571 2922 1753 2977 Caesariensis
1773 2937 1823 2993 gu·

187 2995 366 3075 perlectionis
380 2993 504 3047 studium
519 2992 618 3062 siquis
636 2992 767 3046 bonasua
778 2993 983 3062 vendendoque
1024 2994 1374 3059 bernatorsuit,dissidium
1383 2995 1523 3064 quoddam
1539 3011 1602 3048 ctam
1610 2992 1716 3048 Basilio
1727 2992 1824 3049 etiam·

188 3066 244 3120 nlls
259 3066 354 3134 egenis
368 3064 501 3118 fratribus
520 3064 714 3125 eommunicet,
731 3072 759 3117 et
769 3080 883 3133 prorsus
907 3062 984 3116 uuila
1025 3082 1093 3119 num
1117 3066 1233 3119 diacono
1257 3065 1460 3120 intercessit.»
1504 3065 1556 3119 Ubi
1585 3069 1683 3118 namot
1726 3070 1824 3138 postea

186 3137 386 3192 teneaturvitae
396 3136 477 3190 istius
488 3151 564 3198 cura,
572 3152 623 3188 nec
634 3134 757 3205 patiatur
769 3141 892 3187 mentem
904 3150 984 3187 suam
997 3118 1161 3190 CBasiliam
1173 3135 1291 3190 Eusebio
1302 3138 1523 3203 reconciliatum,
1537 3143 1565 3190 et
1579 3136 1671 3190 eidem
1682 3135 1713 3189 in
1725 3135 1823 3188 cathe-

187 3208 282 3277 aliqua
290 3224 384 3263 rerum
393 3206 571 3278 praesentium
578 3206 724 3259 allectione
732 3204 985 3276 turbari,0ptabam
1026 3208 1077 3261 dra
1091 3208 1242 3278 episcopali
1257 3209 1435 3263 successisse.

188 3278 249 3333 dari
264 3279 386 3349 aliquem
400 3295 433 3332 ex
445 3276 587 3338 iratribus,
600 3278 645 3330 eui
659 3277 801 3331 istudvilm
812 3293 901 3346 genus
916 3277 986 3330 arri·
1063 3280 1117 3344 ίθθι
1133 3281 1288 3345 adimique
1300 3278 1676 3351 habi'leeuium.]hliaediti0
1693 3279 1749 3333 :ed
1758 3280 1826 3331 iusi·

189 3351 277 3410 deret,
288 3367 342 3419 quo
358 3367 415 3403 una
428 3366 490 3403 cum
510 3348 677 3418 profundum
696 3348 758 3401 ritae
774 3349 857 3416 hujus
870 3347 985 3417 pelagus
1027 3366 1107 3414 ριιιιιιι
1117 3355 1222 3403 catera.
1236 3351 1332 3403 (iraece
1342 3357 1394 3412 est,
1407 3349 1430 3403 ἐν
1441 3349 1554 3421 ἐπισήμῳ
1564 3351 1653 3413 διαίτη,
1667 3348 1744 3420 quud
1756 3349 1831 3404 alter

189 3421 445 3502 superareiliceret.
462 3421 557 3474 iuveni
571 3437 637 3472 sane
654 3419 755 3472 multos
770 3419 842 3488 apud
865 3419 985 3471 hieran-
1028 3422 1166 3491 interpres
1184 3422 1296 3474 deilexit
1314 3423 1343 3474 in
1364 3427 1467 3485 salarii,
1491 3427 1523 3474 ut
1543 3421 1660 3474 subinde
1683 3422 1724 3472 δια
1746 3421 1778 3473 in
1797 3424 1829 3482 ζα

187 3492 345 3561 dmam,nee
353 3491 532 3560 paucusapud
540 3491 678 3559 reliquum
686 3490 950 3558 AEgyptum,deinde
959 3495 987 3543 et
1028 3493 1212 3561 commigrare
1227 3492 1306 3545 sitiet.
1324 3493 1393 3545 Vide
1407 3493 1617 3546 Cuornasticon.

189 3563 260 3617 alios
276 3562 305 3617 iu
324 3562 484 3625 Palaestina,
507 3568 536 3614 et
560 3560 723 3630 Caiesyria,
743 3569 772 3612 et
786 3561 987 3629 Mesopotamia
1065 3564 1117 3626 (aul
1136 3564 1301 3632 spaosinnq
1312 3564 1442 3627 Quaehaec
1457 3565 1580 3635 synodus
1593 3562 1689 3627 fuerit,
1701 3563 1832 3619 nondum

188 3649 309 3702 querum
324 3632 479 3687 admiratus
493 3632 658 3685 sumcumin
669 3630 805 3683 servanda
819 3630 902 3683 diaeta
915 3635 982 3684 tem·
1027 3634 1095 3685 mihi
1111 3633 1207 3703 liquet.
1232 3635 1461 3706 Forteinteiligit
1485 3642 1596 3689 tantum
1622 3635 1766 3705 synodum
1795 3632 1828 3687 de

189 3705 346 3773 perantiam
358 3709 418 3756 tum
428 3701 599 3755 inobeundis
612 3700 752 3755 laboribus
763 3701 950 3754 tolerantium.
1027 3705 1242 3773 congregatione
1256 3705 1308 3759 hae
1323 3708 1527 3777 episcoporum,
1540 3707 1639 3777 quaed
1655 3705 1828 3765 creationem

228 3774 282 3838 (ίὸί
298 3773 509 3841 rorpupraooq
524 3773 555 3826 In
568 3771 680 3825 Menaeis
691 3771 850 3825 Graecorum
862 3772 986 3826 invenire
1028 3775 1124 3829 Basilii
1138 3775 1167 3828 in
1184 3776 1344 3847 episcopum
1359 3778 1537 3831 conveniunt.

191 3845 335 3899 estuarios
350 3850 460 3897 sanctos
485 3843 664 3912 Porphyrius,
681 3842 729 3895 sed
745 3842 837 3896 nescio
862 3859 898 3895 an
913 3844 986 3898 ullus
1064 3846 1119 3912 (31)
1136 3849 1252 3913 ίίιιμίιιοι
1278 3865 1369 3901 nicam
1394 3845 1499 3920 lurida]
1530 3848 1595 3901 Haec
1621 3847 1715 3918 prima
1734 3845 1781 3899 bic
1795 3863 1824 3900 ex

191 3930 289 3969 eorum
298 3915 363 3967 huie
376 3913 500 3968 historiae
511 3914 639 3982 quadret.
1027 3916 1155 3986 liturgia
1170 3919 1264 3971 Basilii
1277 3919 1362 3972 citata
1370 3917 1462 3983 verba,
1474 3935 1530 3973 non
1542 3918 1653 3971 invenio
1664 3918 1694 3971 in
1700 3916 1822 3987 ejusdem

228 3984 282 4052 (la)
296 3988 494 4050 ierosolmnam
510 3984 760 4052 mensurationis]
785 3984 846 4037 Jam
861 3984 927 4038 olim
941 4002 986 4055 pe·
1028 3987 1275 4057 LiturgiaParisiis
1290 3990 1384 4042 liraece
1395 3989 1468 4043 edita
1475 3990 1550 4059 typis
1558 3989 1644 4058 regiis
1659 4004 1736 4042 anuo
1752 3985 1821 4044 latu.

190 4057 344 4125 regrinatie
358 4057 417 4110 haee
431 4054 546 4109 celebris
556 4056 597 4108 rel
609 4055 660 4108 abi
681 4074 712 4109 so
725 4055 828 4108 Cinisti
842 4055 871 4108 in
885 4058 985 4110 omium
1069 4066 1158 4124 185
1170 4060 1223 4113 Sed
1234 4077 1289 4114 non
1306 4061 1418 4122 mirum,
1431 4068 1510 4114 tante
1525 4059 1662 4130 temporis
1675 4058 1822 4131 spatioaii-

191 4143 316 4180 ascensu.
333 4127 459 4191 Hierom,
476 4126 556 4196 epist.
579 4127 618 4188 ll,
635 4073 863 4181 atiMarceiiam:
891 4129 987 4181 rLon-
1027 4130 1132 4198 quidiu
1143 4131 1276 4201 Liturgiis
1286 4131 1466 4185 immutatum
1482 4148 1552 4189 esse,
1564 4130 1671 4201 aliquid
1684 4129 1821 4189 additum.

190 4215 259 4268 gum
273 4203 316 4252 est
330 4215 403 4252 nunc
414 4196 448 4251 ab
459 4214 573 4251 ascensu
590 4198 702 4252 Domini
718 4198 851 4268 usquead
867 4214 986 4267 praesen-
1027 4201 1132 4271 aliquid
1159 4202 1314 4272 demptum.
1332 4203 1404 4265 Quin
1428 4208 1457 4255 et
1480 4218 1553 4272 saepe
1572 4201 1683 4255 diversa
1697 4200 1821 4273 ejusdem

190 4275 248 4323 tem
262 4269 336 4323 diem
357 4269 545 4350 persingulas
565 4274 661 4323 etates
675 4286 797 4331 currere,
818 4270 867 4338 qui
883 4270 986 4339 episce-
1027 4271 1159 4341 Lilurgioe
1175 4271 1529 4344 Graeeadeprehenduntur
1552 4272 1734 4342 exemplaria.
1755 4271 1822 4326 Saue

191 4358 300 4411 porum,
318 4358 366 4410 qm
380 4347 547 4410 martyrum,
560 4340 607 4410 qui
616 4340 805 4410 eloquentium
817 4340 845 4393 in
860 4341 998 4394 doctrina.
1027 4342 1112 4395 editio
1143 4344 1238 4396 Graeca
1263 4344 1427 4398 Moreliiana
1454 4345 1585 4410 Liturgiae
1617 4343 1820 4414 enrysostoni,

190 4412 379 4466 ecclesiastiea
405 4413 528 4465 virorum
544 4412 671 4464 venerint
695 4412 908 4475 ierosolymam,
938 4429 986 4482 pu·
1027 4413 1642 4470 valdedissidetaversioneLatinaErasmi.

190 4490 283 4537 tentes
306 4484 400 4537 minus
415 4500 444 4536 se
456 4482 609 4551 religionis,
626 4482 718 4536 rninus
734 4471 836 4535 habere
850 4484 983 4548 scientiae,

191 4571 242 4608 nec
259 4571 409 4616 summam,
426 4560 457 4607 ut
479 4554 592 4617 dieitur,
610 4569 724 4607 manum
739 4554 878 4622 accepisse
900 4555 985 4607 virtu·

191 4630 262 4690 tum,
275 4626 330 4680 nisi
345 4625 373 4678 in
389 4625 444 4678 illis
459 4625 601 4679 Christum
612 4625 777 4678 adorassent
789 4625 867 4688 loeis,
882 4625 916 4677 de
924 4625 985 4694 qui-

191 4695 243 4749 bus
262 4697 384 4767 primum
396 4697 577 4765 Erangelium
586 4695 749 4765 depatibulo
756 4702 982 4748 coruscaverat.»

190 4764 274 4821 Varia
287 4768 623 4838 exemplaierusolymam
634 4766 984 4820 orationiscausatenden-

191 4842 263 4890 tium
278 4837 338 4891 vide
349 4840 421 4908 apud
438 4839 601 4892 Gretaerum
615 4845 753 4901 nostrum,
769 4837 839 4890 libro
855 4853 862 4891 ι
879 4838 913 4890 de
931 4839 983 4891 Pe-

191 4923 206 4960 r
244 4907 326 4961 rinat.
343 4926 402 4979 cap.
416 4912 443 4971 l,
459 4916 487 4963 et
502 4910 610 4979 aliquot
622 4926 699 4979 seqq.

242 4976 282 5039 lu)
295 4980 326 5030 lu
340 4982 482 5049 praedia]
497 4981 559 5034 Alia
573 4981 672 5046 versic,
697 4983 727 5032 in
741 4981 909 5032 suburbano.
932 4980 986 5034 Sae·

192 5066 227 5118 pe
242 5048 332 5102 aetatis
346 5051 445 5103 mediae
460 5051 627 5122 interpretes
651 5051 773 5105 retinent
798 5052 924 5105 Graecum
941 5068 986 5103 vo-

192 5118 332 5173 cabulum.
359 5121 443 5186 Insre,
456 5123 529 5191 apud
544 5122 698 5189 Ruffinum,
715 5123 734 5176 Ι.
751 5136 793 5187 ιιι,
810 5139 836 5175 n.
859 5119 898 5177 lt.
914 5123 985 5176 lide

192 5191 400 5245 Oneruasticon.

229 5260 284 5329 tal)
298 5263 360 5315 Tres·
376 5261 508 5333 [uirides]
524 5263 587 5316 nlla
600 5265 689 5318 versio
706 5271 758 5318 tres
769 5264 986 5318 samothrace

192 5337 243 5396 est,
258 5341 321 5401 τρεῖς
333 5334 442 5392 πίνακας.
458 5333 529 5394 πίναξ
541 5341 569 5387 et
579 5334 714 5398 tabulam,
726 5342 754 5388 et
763 5335 869 5389 discum
884 5353 933 5388 seu
944 5351 987 5388 ca-

1064 4484 1130 4546 Qute
1148 4485 1226 4538 hiesu
1248 4488 1384 4539 uentiaex
1398 4485 1822 4554 LiturgiaGraecaBasiliicitan·

1027 4560 1074 4607 tur
1088 4555 1181 4618 rerba,
1195 4503 1280 4609 habes
1291 4557 1319 4609 in
1334 4558 1624 4612 editioneMorelliana
1634 4573 1707 4627 pene
1716 4557 1822 4611 eadem.

1027 4626 1118 4678 Verba
1151 4626 1179 4679 in
1204 4628 1268 4680 Vita
1288 4628 1339 4682 hac
1370 4629 1457 4682 citata
1494 4629 1599 4682 habeut
1629 4629 1671 4681 ita
1698 4627 1822 4682 Graece:

1027 4694 1144 4768 [iptio-yae
1164 4698 1239 4767 Κύριε
1258 4698 1340 4764 Ἰησοῦ
1356 4700 1447 4769 Χριοτὲ
1463 4699 1553 4760 ὁΘεός
1565 4701 1637 4768 ἡμῶν
1651 4696 1676 4761 ἐξ
1688 4693 1759 4760 ἀξίου
1770 4718 1824 4751 κατ·

1026 4770 1165 4837 οικητηρίοο
1184 4787 1237 4824 σου,
1255 4771 1294 4820 καὶ
1315 4768 1369 4822 ἐλθέ
1389 4767 1420 4830 εἷς
1438 4770 1466 4822 τὸ
1487 4770 1586 4840 ἁγιάσαι
1603 4768 1698 4839 ἡμᾶςὸ
1719 4767 1773 4821 ἄνω
1790 4777 1824 4842 τῷ

1028 4839 1110 4908 Πατρί
1130 4842 1319 4910 σογνιαθημενος.
1339 4843 1379 4892 καὶ
1401 4836 1450 4893 ὦδε
1469 4843 1527 4911 ἡμῖν
1546 4836 1651 4911 ἀόρατος
1674 4841 1767 4902 συνὼν,
1787 4843 1825 4893 καὶ

1026 4909 1177 4971 ααταξίωοον
1201 4916 1230 4981 τῇ
1253 4917 1358 4981 κραταιᾷ
1379 4931 1422 4964 σου
1446 4913 1509 4982 γειρὶ
1535 4913 1681 4982 μεταδοῦναι
1704 4911 1764 4980 ἡμῖν
1787 4913 1825 4963 καὶ

1026 4982 1145 5056 δι’,ἥμιῖιν
1164 4984 1235 5055 παντὶ
1254 4989 1290 5053 τῷ
1309 4984 1373 5053 λαῷ.
1394 4981 1425 5034 τὰ
1445 4976 1502 5054 ἅγια
1521 4993 1571 5042 τοῖς
1592 4982 1678 5051 ἁγίοις.
1701 4980 1736 5035 Ὁ
1755 4982 1824 5044 λαὸς,

1029 5053 1073 5113 lle
1097 5052 1174 5122 ἅγιος,
1199 5058 1231 5114 είς
1254 5056 1333 5122 κύριος
1361 5052 1455 5120 Ἰησοῦς
1479 5051 1586 5122 Χριστὸς
1609 5050 1642 5113 εἰς
1662 5051 1738 5114 δόξαν
1759 5052 1827 5107 Θεοῦ

1029 5121 1139 5192 liutein.
1162 5120 1234 5193 ἀμην.
1254 5125 1321 5187 Qua
1341 5124 1381 5176 ita
1397 5125 1495 5178 Latine
1511 5123 1634 5178 reddidit
1647 5122 1738 5177 Ursus
1755 5142 1761 5176 :
1777 5125 1825 5180 ,ii-

1029 5197 1114 5255 lrndr,
1131 5197 1244 5247 horariae
1265 5199 1327 5248 iesu
1348 5196 1453 5249 Chr-iste
1470 5198 1539 5249 Ιίιιιιι
1565 5199 1664 5257 noster,
1681 5195 1716 5247 dc
1734 5199 1827 5249 sanem

1029 5267 1184 5319 θιιθιίαιιιιίο
1200 5271 1255 5330 lieu,
1273 5273 1297 5319 et
1312 5270 1374 5319 uerri
1389 5269 1426 5319 ad
1439 5265 1672 5333 ,sanctificandum
1688 5281 1758 5325 nes:
1779 5269 1828 5334 qui

1028 5352 1140 5388 suruun
1156 5340 1398 5398 arimathaeam,
1411 5343 1433 5390 ιί
1443 5339 1487 5390 hic
1496 5340 1634 5390 ιιιιθίιιιιιιι
1646 5339 1829 5391 invisibiliter

192 5404 283 5459 tinum
300 5403 402 5457 Grauis
418 5409 508 5456 sonat.
526 5405 579 5458 Sed
595 5411 669 5459 recte
693 5406 738 5458 hic
756 5413 851 5459 noster
863 5406 987 5460 tabulam
1028 5408 1249 5472 odeactdiquere
1261 5412 1366 5475 polenii
1375 5425 1462 5461 ιιιαιιιι
1474 5415 1521 5461 ίιιιι
1534 5409 1655 5460 tribuere
1664 5409 1830 5476 aribiselper

191 5474 284 5527 vertit.
293 5474 501 5527 Adumbratum
511 5492 543 5528 ex
558 5475 652 5529 tabula
664 5476 784 5538 Cebetis,
798 5477 844 5530 uhi
855 5485 987 5531 tressnnt
1030 5494 1076 5531 ιιινι·
1088 5482 1371 5546 οιιιιιίινιμιιίιιιιινιιίιι
1382 5482 1492 5532 attactis.
1511 5480 1637 5532 resonos
1655 5492 1808 5532 nassonem
1823 5497 1828 5530 z

190 5546 315 5616 aepiio'mr
334 5563 383 5600 seu
403 5549 490 5614 septa,
508 5545 549 5599 uti
569 5546 613 5598 hic
627 5554 684 5601 tres
699 5547 799 5601 tabulae
829 5549 920 5601 Habes
934 5548 987 5601 ibi·
1032 5550 1832 5607 tinusseriolae-uoiaeshrnm'nusioses(lambuerunsanclo

191 5616 256 5671 dem
269 5623 355 5673 etiam
365 5617 482 5673 virtutes
495 5625 524 5672 et
543 5617 620 5682 vitia,
636 5619 678 5673 uti
693 5618 747 5671 hic.
1029 5619 1834 5686 spiritotnproriaheiroa·n„lmon..lamvernemetis-

226 5685 285 5758 (Ὦ)
295 5688 477 5763 amianton]
488 5688 688 5758 Hieronymus,
700 5689 731 5744 in
741 5689 887 5753 Chronico,
900 5692 987 5744 Masi-
1028 5690 1084 5745 silii
1091 5690 1222 5746 editionis
1228 5692 1396 5750 llorolllnnae
1402 5692 1446 5746 vix
1458 5688 1833 5827 dlssideutasusterioribus.

190 5773 269 5816 mum
288 5767 378 5830 vocat,
392 5763 513 5822 mnotl
539 5761 698 5819 domianiti
708 5766 736 5829 et
745 5760 918 5830 domantia,
941 5761 986 5818 eui
1028 5760 1148 5835 Πρόοχες
1165 5763 1242 5835 Κίριι
1261 5761 1344 5837 Ἰηοοῦ
1357 5761 1640 5839 ΧριοτὲθΘιόςίιμῶν
1737 5781 1834 5819 aaut·
