3818 6120
130 261 181 321 777
779 266 897 323 VERBA
917 260 1111 321 SENIORUM·
1723 271 1774 330 778

128 390 230 457 minse,
247 390 369 445 utillum
383 406 480 445 senem
503 396 561 445 tam
584 396 710 445 sanctum
726 391 927 464 relinquerent,
942 390 1043 451 AEeee
1058 404 1109 458 ego
1133 402 1207 458 pono
1235 386 1352 442 laterem
1371 389 1400 443 in
1424 390 1527 459 medio,
1543 398 1572 447 et
1594 392 1679 451 dieo:
1702 396 1775 463 Quia

129 485 158 535 et
173 497 226 535 nos
242 480 290 551 qui
305 480 375 534 nihil
388 497 485 535 surnus
496 481 842 551 respicerentlQuomodo
852 499 931 536 sana·
972 496 1052 533 meus
1064 468 1116 543 est,
1137 481 1166 530 et
1187 483 1218 529 tu
1233 475 1296 529 dic:
1314 478 1385 541 Quia
1399 496 1454 533 non
1468 486 1511 535 est
1524 487 1600 550 tuus,
1617 485 1665 539 sed
1681 503 1771 542 meus.
1857 489 1859 493 ’

129 568 225 624 bimus
241 570 315 624 hunc
329 569 421 623 virum
431 587 564 640 magnum
577 570 697 623 lllenite
711 570 931 641 ergo‚fac.ia1nus
973 567 1007 620 Et
1022 583 1054 620 cx
1066 565 1118 618 hoo
1134 565 1165 618 nt
1179 564 1321 618 contentio
1338 571 1366 619 et
1391 566 1460 620 rixa.
1476 569 1588 624 Etcum
1614 573 1775 644 posuissent

128 675 232 731 parvas
244 662 333 720 escas,
349 664 378 713 et
391 664 535 730 portantes
549 677 700 730 pergamus
714 661 750 714 ad
758 677 832 723 eum,
845 667 874 714 ct
884 677 931 731 pa·
971 656 1088 709 laterem
1104 654 1132 707 in
1148 653 1250 719 medie,
1262 654 1371 708 dicente
1386 672 1460 710 uno:
1477 657 1549 722 Quia
1563 676 1641 716 meus
1656 668 1712 731 est,
1728 663 1775 719 ille

127 765 194 802 rum
206 748 273 813 uini,
288 765 321 802 ac
346 749 452 820 pariter
466 765 530 803 curn
545 765 577 802 eo
596 756 752 819 gustemus,
766 749 884 804 forsitan
902 749 931 803 in
973 744 1045 799 alter
1055 742 1145 815 primo
1175 743 1381 814 respondebat:
1399 746 1456 816 Ego
1479 764 1572 802 meum
1598 767 1659 805 esse
1679 769 1774 824 spero.

128 837 182 890 hoc
202 830 351 909 possumus
365 838 491 892 animum
512 839 574 907 eJus
597 838 717 909 placare.
733 839 852 893 Profecti
865 855 932 909 ergo
973 834 1044 889 Cum
1071 832 1118 886 ille
1144 833 1217 886 alter
1244 832 1347 886 iterum
1362 833 1559 891 diaeret:N0n
1574 844 1703 908 esttuus,
1724 842 1775 898 sed

129 927 425 997 pulsaveruntostium
436 929 506 997 eJus.
522 927 647 981 Audiens
661 945 726 982 uero
738 928 891 1000 discipulus
901 927 933 981 il·
974 938 1064 986 meus,
1085 926 1153 976 tunc
1165 921 1212 975 illo
1227 921 1373 993 respondit
1388 941 1393 975 :
1408 923 1443 977 Et
1464 924 1488 977 si
1509 930 1574 981 tuus
1596 934 1648 1000 est,
1664 930 1730 986 tolle
1743 931 1776 986 il·

129 1015 185 1070 lins
196 1015 271 1069 senis
283 1015 369 1069 dixit:
382 1015 436 1080 Qui
454 1016 521 1070 estis
532 1016 544 1068 l
554 1018 590 1070 At
609 1016 790 1071 illidixerunt
802 1035 806 1070 :
819 1017 870 1071 Dic
881 1015 931 1070 ab·
973 1015 1041 1070 lum.
1058 1014 1119 1079 Quo
1135 1014 1220 1081 dieto,
1236 1031 1293 1069 non
1311 1015 1479 1071 invenerunt
1493 1019 1729 1088 quemadmodum
1743 1023 1776 1077 li·

130 1103 189 1158 bati
202 1111 250 1158 tuo
261 1105 394 1175 quoniam
408 1105 523 1159 Poemen
538 1105 622 1171 venit,
645 1112 676 1160 ut
698 1106 879 1160 benedicatur
897 1104 932 1159 ab
972 1104 1106 1175 tigarent.

130 1210 175 1247 co.
184 1193 263 1257 Quod
280 1193 400 1248 camille
411 1193 639 1266 perdiscipulurn
649 1212 730 1249 suurn
742 1195 876 1258 audisset,
887 1212 931 1248 re·
1007 1192 1051 1249 ut.
1063 1193 1190 1258 Quodam
1200 1199 1328 1264 tempore
1336 1201 1434 1248 orante
1445 1194 1527 1252 beato
1542 1199 1665 1255 Macerio
1674 1200 1775 1258 abbate

129 1283 292 1354 sponditad
305 1283 495 1356 eum:llade,
512 1283 556 1338 dic
571 1284 770 1351 eis21tehinc,
785 1301 841 1339 non
856 1283 932 1338 enim
975 1283 1371 1353 (leonae,libell.111,n.17),
1390 1299 1440 1339 xvox
1463 1285 1498 1340 ad
1527 1304 1592 1343 eum
1615 1290 1771 1360 personuit,
1875 1318 1878 1323 ·

129 1372 298 1426 mihivaeat.
309 1372 785 1446 lllitanrcnrestiterurrtrnoesti[Al.
804 1374 929 1443 inestuq,
974 1371 1082 1428 dicens:
1095 1371 1205 1439 llaaari,
1218 1373 1336 1426 necdum
1352 1372 1387 1426 ad
1402 1390 1564 1431 mensuram
1579 1376 1699 1434 duarum
1714 1395 1775 1436 mu·

129 1460 257 1515 dieentes
269 1481 274 1514 :
288 1460 360 1525 Quia
370 1478 427 1516 non
438 1462 502 1516 hine
511 1462 688 1528 discedimus,
697 1463 750 1517 nisi
760 1462 837 1533 digni
850 1462 933 1516 fueri·
974 1460 1075 1516 lierum
1085 1461 1246 1533 pervenisti,
1263 1479 1325 1532 quae
1340 1462 1369 1517 in
1383 1464 1511 1534 proxima
1523 1466 1629 1540 pariter
1646 1468 1776 1525 habitant

129 1566 197 1603 mus
213 1550 332 1605 adorare
347 1567 422 1605 eum.
435 1551 560 1616 Quorum
573 1569 636 1606 cum
648 1552 891 1607 illehumilitatem
906 1557 935 1606 et
975 1550 1097 1606 civitate.
1114 1551 1175 1615 Quo
1190 1551 1296 1618 audito,
1314 1568 1397 1606 senex
1426 1570 1588 1626 exsurgens,
1603 1563 1716 1630 arrepto
1729 1558 1778 1614 ba-

130 1639 300 1710 patientiam
314 1640 492 1711 pervidisset,
506 1641 932 1713 compunctusaperuitostium,
977 1640 1049 1707 culo,
1071 1640 1100 1694 in
1128 1640 1302 1711 designatam
1325 1642 1453 1712 pervenit
1480 1643 1631 1701 civitatem.
1648 1648 1777 1720 Cumque

130 1735 160 1783 et
174 1730 333 1783 osculantes
348 1747 377 1784 se
392 1731 520 1797 invicem,
531 1736 717 1802 gustaverunt
725 1732 840 1802 pariter.
858 1710 966 1786 DixitB
978 1730 1080 1784 ostium
1110 1731 1232 1801 quaesitae
1260 1729 1360 1785 domus
1387 1736 1472 1802 atque
1498 1732 1617 1789 inventes
1638 1736 1774 1807 pulsaret,

132 1834 201 1888 ergo
210 1819 251 1872 eis
261 1817 319 1891 ipse
330 1837 427 1875 senex:
440 1822 473 1875 ln
485 1820 603 1875 veritate
613 1838 669 1875 non
683 1826 749 1876 sunt
755 1837 788 1875 ea
798 1821 858 1875 sola
872 1837 934 1891 quae
976 1835 1090 1889 egressa
1103 1835 1160 1873 una
1171 1836 1203 1872 ex
1217 1818 1283 1885 illis,
1299 1836 1363 1874 cum
1377 1837 1480 1892 magna
1503 1824 1688 1880 exsultatione
1706 1843 1774 1882 eum

132 1907 228 1962 audiri
244 1908 278 1961 de
290 1908 375 1974 vobis,
389 1910 438 1964 sed
449 1915 477 1964 et
486 1911 649 1982 centuplum
669 1927 755 1982 opera
769 1909 826 1964 ridi
840 1910 870 1964 in
883 1926 933 1963 vo·
975 1906 1107 1979 suscepit.
1122 1907 1197 1972 Quas
1212 1913 1346 1980 utrasque
1361 1926 1444 1964 senex
1454 1918 1619 1968 convocatas
1630 1914 1670 1968 ita
1684 1919 1728 1969 est
1736 1914 1777 1971 al-

131 1994 186 2050 bis.
204 1997 239 2051 Et
252 1996 287 2051 ab
301 1997 349 2052 illo
363 1999 408 2053 die
422 2000 528 2054 amicus
539 1999 720 2054 charissimus
735 1999 824 2054 faetus
839 2004 881 2053 est
895 1997 931 2052 ei.
975 1997 1102 2051 loeutus:
1121 1997 1241 2069 Propter
1254 2014 1301 2052 ros
1327 2003 1438 2053 tantum
1461 1999 1586 2056 laborem
1615 2003 1729 2059 ueniens
1743 2020 1777 2059 ex

169 2084 612 2160 st.nbbasn1utnuesaliquanu0
622 2089 769 2143 aedificarit
783 2088 836 2142 sibi
846 2088 933 2142 cellu·
975 2086 1125 2142 solitudine
1132 2086 1285 2158 longinqua
1294 2088 1428 2154 sustineo,
1438 2094 1470 2145 ut
1483 2094 1668 2161 operavestra
1675 2108 1778 2165 cogno·

132 2174 192 2230 lam
203 2175 233 2229 in
246 2175 306 2230 loco
317 2177 365 2248 qui
380 2177 483 2233 dicitur
498 2169 670 2232 Heracleona
679 2179 826 2245 (Pascb.,e.
845 2175 885 2243 lu,
903 2193 931 2230 n.
974 2191 1080 2230 scerem
1094 2195 1100 2243 ;
1113 2192 1174 2247 quaa
1187 2175 1258 2230 mihi
1267 2193 1315 2231 vos
1323 2177 1460 2233 condicite
1476 2195 1509 2232 ac
1523 2185 1646 2234 narrate.
1658 2180 1711 2235 Cui
1720 2179 1775 2235 illae

131 2263 172 2333 l).
186 2264 220 2318 Et
234 2265 301 2318 dum
313 2265 350 2319 ibi
361 2283 378 2320 a
389 2267 484 2321 multis
496 2268 702 2333 molestaretur,
710 2268 831 2322 alterum
842 2267 934 2321 locum
975 2264 1015 2318 sic
1029 2265 1179 2320 dixerunt:
1193 2265 1281 2320 Crede
1303 2265 1393 2333 nobis,
1410 2267 1585 2323 sanctissime
1600 2268 1694 2335 Pater,
1708 2269 1776 2340 quia

132 2351 383 2424 introgressusest,
393 2361 420 2409 et
433 2355 563 2410 similiter
576 2357 660 2411 etiam
669 2355 707 2410 ibi
721 2355 876 2411 construxit
886 2356 934 2411 ha·
975 2370 1026 2408 nec
1033 2354 1165 2426 presenti
1176 2360 1257 2409 noete
1266 2356 1453 2411 emeritorum
1461 2357 1570 2412 lectulis
1578 2357 1684 2413 fuimus
1692 2373 1776 2429 sepa-

134 2440 303 2499 bitaculum.
320 2444 373 2498 Sed
389 2462 439 2516 per
454 2445 571 2499 insidias
586 2445 690 2500 diaboli
711 2446 826 2516 quidam
848 2445 936 2499 frater
976 2448 1053 2499 ratae.
1063 2441 1163 2507 Qualia
1173 2459 1239 2512 ergo
1249 2459 1335 2515 opera
1349 2443 1454 2499 anobis
1468 2445 1610 2515 exquiris?
1621 2446 1674 2502 Sed
1690 2463 1776 2502 senex

133 2530 266 2586 inventus
282 2538 324 2586 est
338 2533 385 2598 ibi,
395 2534 442 2604 qui
459 2552 508 2606 per
519 2534 651 2588 invidiam
667 2552 778 2606 semper
789 2535 861 2589 iram
871 2551 935 2588 cum
978 2529 1007 2585 in
1018 2531 1153 2603 'precibus
1162 2531 1331 2603 persistebat
1345 2537 1377 2587 ut
1391 2533 1416 2586 ei
1430 2532 1493 2588 vitae
1509 2550 1567 2588 suae
1582 2534 1709 2591 ordinem
1723 2536 1776 2590 de·

133 2620 295 2674 eobabuit:
312 2628 426 2693 propter
447 2624 521 2694 quod
545 2625 667 2678 surrexit
686 2624 761 2696 inde,
778 2629 806 2678 et
819 2625 855 2679 ad
870 2641 936 2695 pro·
977 2621 1126 2676 clarerent.
1143 2621 1195 2676 Cui
1210 2627 1276 2675 tnnc
1305 2621 1359 2675 illae
1384 2623 1534 2693 compulsae
1550 2623 1681 2679 dixerunt
1696 2642 1702 2678 :
1716 2625 1776 2680 Nos

132 2709 229 2780 prium
243 2727 370 2764 reuersus
385 2718 428 2765 est
443 2712 544 2774 ricurn,
560 2720 588 2768 et
602 2714 667 2768 tecit
685 2713 738 2767 sibi
754 2713 810 2767 illie
825 2729 936 2784 quoque
976 2710 1055 2764 nulla
1070 2709 1143 2763 inter
1158 2726 1209 2764 nos
1222 2725 1318 2764 sumus
1343 2711 1549 2780 parentelitatis
1562 2713 1699 2769 affinitate
1713 2730 1778 2770 oon·

133 2797 277 2861 cellulam,
289 2805 318 2854 et
327 2799 442 2855 reclusit
455 2819 484 2855 se
500 2802 528 2855 in
544 2819 615 2856 earn.
633 2803 701 2857 Post
713 2807 824 2874 tempus
839 2806 934 2857 autem
973 2798 1097 2869 junctae:
1115 2799 1335 2869 contigitautem
1346 2804 1378 2853 ut
1387 2798 1496 2854 duobus
1509 2800 1643 2856 fratribus
1646 2803 1778 2874 jungere·

132 2887 342 2957 aliquantulum
357 2890 519 2960 congregati
534 2897 600 2946 sunt
614 2908 695 2946 senes
709 2891 743 2945 de
754 2891 800 2945 illo
812 2890 871 2944 loeo
885 2907 935 2945 un·
975 2905 1049 2954 ruur,
1066 2893 1166 2942 etcum
1179 2887 1223 2940 his
1238 2887 1397 2958 quindecim
1411 2889 1492 2943 annis
1512 2889 1541 2943 in
1556 2890 1639 2945 domo
1656 2908 1713 2946 una
1727 2909 1779 2964 pa·

131 2975 169 3029 de
183 2993 312 3047 egressus
323 2979 709 3041 est,dueentessecumetiam
723 2980 803 3034 illurn
818 2983 934 3034 tratrem
975 2976 1045 3030 riter
1059 2981 1267 3048 permanentes,
1277 2992 1368 3047 neque
1380 2982 1463 3048 turpe
1478 2978 1594 3035 uerbum
1609 2981 1699 3035 altera
1708 2981 1780 3037 dixit

133 3081 201 3119 cum
217 3083 272 3137 quo
289 3067 386 3123 habuit
402 3069 489 3136 litem,
516 3076 655 3141 quatenus
677 3076 810 3141 rogarent
824 3087 889 3124 eum
905 3065 1012 3125 utCad
1031 3065 1159 3130 alteram,
1188 3081 1279 3136 neque
1303 3065 1381 3119 litem
1401 3066 1552 3136 aliquando
1576 3069 1780 3138 commisimus,

132 3154 243 3209 rediret
255 3157 290 3210 ad
304 3150 434 3212 cellulam
448 3177 539 3215 suam.
549 3160 701 3231 Postquam
717 3166 812 3215 autem
826 3159 854 3213 in
868 3159 935 3213 vici·
977 3154 1025 3209 sed
1042 3154 1071 3208 in
1086 3171 1153 3225 pace
1166 3154 1301 3208 hactenus
1312 3154 1440 3221 viximus,
1449 3162 1477 3209 et
1491 3155 1552 3226 pari
1565 3173 1703 3213 consensu
1717 3163 1779 3214 tra·

133 3260 204 3298 num
222 3244 467 3314 locumtenerunt,
480 3254 537 3302 tam
546 3248 663 3303 melotes
678 3266 743 3303 suas
759 3266 843 3321 quarn
856 3248 936 3302 illurn
977 3243 1124 3309 amamus,
1141 3248 1289 3314 quatenus,
1307 3242 1414 3313 pariter
1423 3243 1528 3300 relictis
1540 3245 1659 3311 maritis,
1668 3246 1698 3302 in
1713 3264 1779 3304 con-

133 3331 253 3387 fratrem
281 3333 384 3389 ibidem
412 3336 636 3408 dereliquerunt;
658 3337 712 3408 ipsi
740 3354 805 3391 vero
821 3335 937 3408 profecti
977 3333 1141 3403 gregatione
1156 3332 1349 3402 religiosarum
1363 3331 1503 3401 virginum
1525 3334 1778 3407 proficisceremur,

134 3426 205 3476 sunt
219 3422 254 3476 ad
269 3440 374 3490 senem,
392 3431 421 3479 et
435 3426 610 3496 pulsantibus
623 3426 688 3493 illis,
702 3431 801 3497 aperta
815 3426 938 3480 fenestra
980 3427 1008 3476 et
1021 3422 1118 3476 multis
1128 3420 1256 3493 precibus
1270 3421 1324 3474 hoc
1338 3436 1355 3474 a
1369 3420 1536 3492 conjugibus
1558 3438 1615 3479 non
1638 3424 1779 3482 valuimus

135 3510 261 3581 respexit
276 3528 333 3578 eos,
349 3520 377 3567 et
387 3515 524 3585 cognorit,
539 3520 568 3568 et
581 3514 652 3568 dixit
666 3515 720 3569 eis:
736 3514 790 3569 Ubi
800 3520 867 3569 sunt
882 3531 939 3569 me·
980 3510 1183 3575 obtinereQuo
1193 3527 1253 3564 non
1268 3511 1379 3582 adepto,
1390 3510 1465 3564 inter
1478 3528 1529 3567 nos
1542 3518 1571 3568 et
1580 3513 1670 3568 Deum
1681 3513 1778 3587 posui·

135 3597 210 3652 lotes
220 3601 339 3655 restrael
353 3604 390 3656 At
405 3603 446 3657 illi
467 3603 673 3675 responderunt
688 3622 694 3658 :
712 3604 781 3659 Eece
797 3604 842 3658 hie
855 3604 884 3658 in
900 3604 939 3660 ri·
979 3604 1302 3666 mustestamentum,ut
1315 3600 1451 3670 usquead
1464 3606 1585 3656 mortem
1595 3608 1780 3658 nostramsae-

134 3686 200 3742 eino
215 3694 282 3743 sunt
297 3707 431 3746 unacum
453 3693 539 3747 fratre
563 3692 620 3760 illo,
637 3693 685 3765 qui
697 3700 789 3749 tecum
803 3692 875 3748 iram
888 3694 937 3749 ha·
978 3691 1074 3745 culare
1088 3688 1203 3744 verbnm
1219 3704 1277 3743 non
1295 3688 1476 3760 loqueremur
1490 3690 1615 3746 omnino.
1631 3692 1699 3756 Quae
1714 3707 1781 3747 cum

135 3773 230 3831 bebat.
245 3778 455 3851 Hocpostqnam
476 3799 560 3836 senex
574 3782 689 3850 audivit,
704 3788 732 3837 et
756 3784 817 3837 illos
832 3799 936 3854 cogno·
977 3779 1103 3834 audisset
1115 3778 1214 3834 beatus
1231 3778 1373 3844 ¹llacarius,
1387 3777 1476 3833 dixit:
1495 3780 1527 3833 ln
1537 3780 1655 3835 veritate
1665 3797 1721 3837 non
1734 3784 1780 3836 est

134 3865 187 3925 rit,
207 3883 265 3937 prae
278 3869 381 3938 gaudio
391 3870 503 3936 ostium,
521 3889 571 3942 per
588 3872 662 3943 quod
676 3872 819 3942 ingressus
832 3872 933 3939 fuerat,
978 3868 1065 3940 virgo,
1082 3884 1173 3940 neque
1188 3869 1330 3934 maritata,
1342 3884 1433 3940 neque
1449 3869 1613 3939 monachus,
1624 3886 1715 3943 neque
1724 3887 1780 3927 sae·

135 3969 206 4008 cum
222 3957 313 4011 securi
324 3959 469 4030 confregit,
486 3966 514 4015 et
526 3977 655 4031 egressus
664 3961 789 4015 cucurrit
798 3977 886 4033 usque
900 3960 935 4016 ad
977 3956 1092 4025 cularis3
1110 3957 1158 4012 sed
1173 3958 1247 4011 Deus
1275 3961 1387 4013 tantum
1415 3958 1590 4030 propositum
1617 3959 1727 4032 quaerit,
1750 3963 1781 4016 et

134 4043 230 4098 locum
246 4045 366 4102 abierat
382 4049 428 4103 ille
444 4048 540 4116 frater,
551 4052 676 4125 etooepit
690 4050 749 4121 ipse
759 4050 836 4122 prior
850 4049 937 4122 poeni-
977 4047 1108 4117 spiritum
1126 4044 1190 4100 vitae
1203 4045 1333 4100 omnibus
1347 4045 1498 4102 ministrat.

134 4133 256 4188 tentiam
271 4135 345 4207 apud
357 4153 422 4192 eum
432 4154 525 4208 agere,
545 4144 574 4194 et
582 4139 756 4209 amplexatus
766 4143 809 4193 est
819 4155 894 4206 eum,
910 4142 939 4192 et
1013 4132 1058 4191 98.
1068 4135 1189 4200 Quidam
1205 4134 1303 4201 frater,
1326 4133 1394 4189 dum
1409 4140 1484 4190 esset
1496 4134 1526 4189 in
1538 4135 1674 4204 coenobio,
1687 4142 1717 4192 et
1725 4139 1781 4192 tre·

133 4221 295 4278 introdnxit
306 4225 369 4279 illos
383 4225 412 4280 in
423 4227 522 4282 cellam
535 4244 626 4295 suam,
638 4235 666 4283 et
677 4245 727 4299 per
740 4233 797 4283 tres
807 4228 867 4284 dies
874 4244 938 4282 con·
978 4230 1098 4295 quanter
1107 4224 1142 4279 ad
1152 4225 1223 4277 iram
1234 4224 1514 4292 morereturlPeloe.,
1526 4225 1610 4279 libell.
1622 4238 1709 4292 r11,n.
1720 4223 1778 4295 33),

132 4311 245 4367 vivatus
260 4317 303 4367 est
316 4315 439 4382 cumeis,
457 4317 504 4387 qni
524 4333 666 4389 nunquam
683 4316 804 4372 habebat
817 4333 936 4372 eonsue-
979 4312 1049 4368 dixit
1061 4312 1096 4368 ad
1105 4312 1286 4384 semetipsum
1298 4331 1303 4366 :
1316 4311 1424 4367 Vadam
1434 4311 1463 4366 in
1472 4311 1663 4380 solitudinem3
1676 4318 1781 4370 etcum

133 4400 266 4456 tudinem
277 4408 309 4457 ut
320 4403 460 4474 jejunium
472 4406 600 4461 solveret.
611 4407 645 4462 Et
657 4411 754 4478 postea
764 4406 895 4474 surrexit,
908 4382 968 4462 etD
979 4419 1036 4457 non
1049 4402 1169 4456 habeam
1185 4416 1248 4455 cum
1263 4417 1318 4472 quo
1334 4400 1451 4472 litigem,
1465 4399 1582 4457 forsitan
1596 4402 1783 4473 requiescete

133 4489 278 4560 profectus
293 4499 336 4546 est
351 4508 413 4547 cum
423 4493 488 4549 illis.
979 4509 1024 4547 me
1032 4492 1092 4546 haec
1102 4490 1194 4563 passio
1205 4490 1226 4544 ¹.
1237 4491 1308 4545 Cum
1319 4496 1414 4547 autem
1423 4507 1552 4562 egressus
1563 4497 1647 4559 esset,
1655 4497 1685 4546 et
1701 4507 1782 4548 man·

171 4577 218 4635 93.
233 4579 327 4637 Abbas
351 4584 480 4654 Agathou
494 4583 601 4638 solebat
615 4585 725 4640 dicere:
740 4586 892 4657 Nunquam
907 4584 939 4639 li·
979 4581 1062 4636 sisset
1084 4581 1160 4636 solus
1187 4580 1216 4634 in
1239 4579 1350 4652 speleo,
1366 4579 1488 4652 quadam
1503 4579 1547 4636 die
1561 4597 1626 4636 cum
1640 4597 1689 4636 ras
1704 4597 1781 4654 aqua

134 4672 196 4723 tem
211 4668 318 4725 habens
330 4688 392 4726 cunr
408 4672 502 4744 aliquo
528 4673 666 4742 dormivi;
682 4674 731 4729 sed
754 4691 805 4728 nec
823 4673 938 4746 permisi
979 4672 1123 4743 replesset,
1136 4675 1165 4724 et
1179 4669 1319 4740 posuisset
1340 4669 1370 4724 in
1388 4673 1504 4737 terram,
1520 4670 1614 4725 subito
1637 4677 1780 4728 uersatum

132 4755 260 4828 aliquem
276 4775 386 4814 meeum
398 4761 476 4816 litem
486 4761 637 4817 habentem
652 4763 783 4830 dormire,
799 4768 937 4834 quantum
978 4766 1030 4815 est.
1048 4760 1174 4830 Cumque
1186 4759 1271 4813 tertia
1283 4759 1341 4813 viee
1358 4759 1503 4831 replesset,
1515 4775 1547 4813 ae
1571 4759 1702 4815 similiter
1715 4777 1780 4818 con·

133 4844 172 4898 ad
188 4845 321 4902 virtutem
335 4866 427 4904 meam
441 4851 586 4922 pertinuit,
604 4852 657 4906 nisi
673 4852 751 4923 prius
765 4869 829 4907 cum
844 4853 893 4906 illo
908 4851 938 4906 in
978 4849 1098 4921 tigisset,
1115 4853 1229 4919 arrepto
1239 4847 1299 4920 ipso
1314 4864 1388 4913 vase,
1403 4846 1487 4918 fregit
1501 4845 1571 4901 illud
1591 4847 1691 4904 iratus.
1706 4850 1781 4908 Cum

134 4951 206 5007 pace
217 4943 373 4994 reverterer
388 4941 499 5008 (Pelea,
517 4943 599 4996 libell.
616 4956 683 5007 xvn,
699 4959 730 4998 n.
752 4939 789 5010 6).
979 4943 1073 4994 autem
1090 4937 1125 4992 ad
1145 4953 1175 4991 se
1187 4952 1314 4991 reversus
1328 4934 1436 5002 fuisset,
1452 4933 1594 5007 cogitabat
1603 4936 1701 5009 quiea
1719 4939 1779 5013 spi·

173 5031 270 5091 515
283 5023 326 5084 96.
342 5029 430 5084 Erant
444 5029 500 5084 duo
515 5047 596 5085 senes
622 5031 651 5085 in
673 5047 730 5085 una
750 5031 820 5085 cella
833 5029 939 5102 pariter
979 5027 1036 5082 ritu
1049 5025 1199 5081 iracundie
1215 5030 1289 5080 esset
1300 5024 1443 5097 deeeptus,
1460 5030 1488 5080 et
1498 5024 1590 5080 dixit:
1613 5025 1682 5083 Ecce
1693 5032 1722 5084 et
1732 5043 1781 5085 oo·

133 5111 277 5181 sedentes,
292 5121 321 5170 et
333 5133 478 5188 nunquam
502 5119 576 5173 inter
590 5136 619 5173 se
638 5119 680 5174 vel
706 5119 938 5191 qualemcumque
980 5117 1105 5181 iussum,
1126 5120 1155 5169 et
1168 5112 1309 5169 tamenab
1324 5113 1470 5168 iracundia
1484 5113 1573 5170 uictus
1587 5132 1660 5172 sum.
1674 5116 1782 5174 Rever-

132 5216 254 5274 parram
264 5206 470 5261 contentionem
481 5207 760 5277 nabumantleetaq,
777 5210 861 5263 libell.
871 5223 936 5273 xvir,
979 5206 1063 5260 turin
1078 5203 1318 5273 coenobium,quia
1332 5201 1436 5274 ubique
1446 5220 1541 5276 pugna
1551 5221 1622 5276 opus
1637 5210 1681 5261 est
1696 5213 1725 5263 et
1732 5223 1782 5280 pa·

132 5287 317 5359 anauniae
331 5310 398 5365 ergo
409 5296 652 5350 unusadalterum
663 5314 668 5348 ε
681 5296 828 5350 Faciamus
843 5300 871 5349 et
886 5311 936 5349 nos
976 5294 1086 5360 tientia,
1103 5300 1131 5348 et
1144 5291 1264 5346 maxime
1279 5291 1329 5346 Dei
1344 5291 1490 5350 auxilium.
1506 5294 1541 5349 Et
1558 5293 1601 5349 ita
1615 5311 1780 5368 exsurgens,

130 5379 180 5434 vel
193 5395 278 5434 unam
295 5382 382 5449 litem,
399 5383 471 5438 sieut
487 5391 515 5439 et
529 5385 576 5438 alii
598 5385 736 5439 homines.
750 5385 787 5438 nt
806 5384 853 5437 ille
865 5384 937 5437 alter
978 5399 1108 5439 reversus
1120 5387 1164 5436 est
1178 5381 1213 5435 ad
1225 5381 1315 5434 locum
1330 5397 1423 5436 suum.

131 5467 208 5522 dixit
219 5468 245 5522 ei
258 5487 264 5523 ε
279 5470 379 5526 Nescio
391 5474 626 5543 quemadmodum
643 5474 675 5526 frt
690 5472 732 5526 lis.
744 5472 819 5526 Dixit
834 5471 860 5526 ei
870 5472 933 5526 ille:
1013 5471 1056 5528 99.
1074 5471 1176 5525 Beatus
1195 5468 1334 5524 Macarius
1353 5468 1388 5525 de
1400 5471 1551 5544 semetipso
1574 5470 1721 5540 referebat,
1736 5469 1781 5528 di·

173 5582 183 5616 ¹
200 5585 233 5638 In
247 5584 329 5640 editis
346 5591 389 5642 est
403 5587 448 5642 hic
458 5593 551 5644 textus
566 5588 682 5659 Pelagii,
698 5588 779 5660 posui
793 5585 868 5642 utin
882 5588 933 5642 Me.

261 5683 394 5746 Parnon.
419 5686 554 5746 LXXlll.
1617 5683 1655 5744 25
