3818 6120
151 390 207 457 ,625
629 394 714 452 VITA
732 395 882 455 SANb'i'AE
899 387 1125 453 Eunhnnslm,
1147 384 1319 453 vintruns.
1741 391 1792 450 526

151 516 211 585 tiis.
222 520 375 579 mundanis
384 519 602 593 cogitationibus
610 517 726 592 obligati
736 538 743 588 ;
759 525 789 578 ot
800 521 832 578 in
843 517 954 579 fallacia
963 517 984 576 Α
992 512 1125 577 mulieres
1138 515 1284 566 matronas
1290 511 1570 586 persuasitAugustae
1576 520 1609 571 ut
1616 516 1678 573 sine
1690 515 1792 572 notitia

151 608 240 683 positi
249 610 449 682 temporalium
462 608 636 677 divitimum,
648 609 709 668 dies
723 615 835 667 naeuos
848 609 954 666 frustm
994 600 1272 675 principiemillcrtb
1280 600 1705 677 etEupbraxiaeconjugiiverba
1717 620 1791 662 nun·

150 699 356 766 consumimus,
371 699 442 757 nihil
451 697 600 755 animabus
614 698 720 755 nostris
734 699 843 756 utiliter
860 698 954 770 acqui-
993 690 1088 747 tieret.
1099 692 1166 756 Quae
1177 707 1242 746 cum
1252 689 1389 759 audisset,
1401 708 1497 748 amare
1510 694 1596 761 flevit,
1603 700 1632 751 et
1642 694 1711 751 dixit
1728 711 1791 750 mu·

150 788 399 846 maecenatiana
413 794 508 845 autem
526 787 585 843 hac
600 787 769 859 Euphreria,
789 787 862 844 dixit
875 787 953 842 Anti-
994 780 1111 838 lieribus
1123 797 1185 852 quae
1194 779 1308 836 fuerant
1323 780 1484 837 destinatae:
1501 783 1549 838 Vae
1564 783 1643 840 vobis
1656 784 1791 840 infuturo

150 892 229 948 gono
242 877 301 933 viro
315 894 380 934 suc:
389 877 426 934 Et
437 876 505 950 quid
516 876 609 947 jubes,
622 875 736 932 domine
751 877 801 945 mi,
821 881 852 932 ut
866 876 953 932 faeia-
994 871 1106 938 secuto,
1127 886 1189 942 quae
1200 868 1271 925 milii
1281 870 1349 924 talia
1358 872 1543 942 persuadetis,
1563 878 1592 928 et
1600 874 1636 929 ad
1644 874 1713 931 talia
1727 891 1792 929 cen·

152 964 232 1020 must
243 965 297 1023 eui
309 964 382 1027 dixit
392 965 568 1037 Antigonus:
584 965 675 1021 Unam
695 965 783 1021 tilium
797 981 847 1038 per
861 965 953 1022 Deum
994 960 1105 1015 curritis
1118 964 1217 1015 contra
1230 959 1387 1027 mulierem,
1405 977 1466 1032 qum
1481 963 1636 1020 secundum
1647 965 1737 1021 Deum
1751 964 1792 1018 vi-

150 1054 365 1127 mqumirimus,
373 1071 435 1127 qua
442 1054 546 1111 suflicit
554 1052 678 1121 nobis,et
688 1069 868 1127 nequaquam
877 1055 955 1110 ultra
993 1064 1058 1106 vere
1071 1048 1196 1104 festinat.
1212 1048 1344 1104 Recedite
1359 1066 1376 1104 a
1401 1066 1457 1116 me,
1479 1055 1613 1123 quoniam
1628 1058 1793 1110 extraneam

150 1145 353 1203 conveniamus
367 1143 524 1201 infelicitati
539 1159 572 1199 eo
582 1143 702 1199 miseriae
716 1143 820 1199 seculi.
828 1143 953 1200 Audiens
994 1138 1240 1210 congregationem
1253 1142 1375 1194 vestram
1390 1154 1466 1195 nunc
1478 1140 1585 1211 egistis.
1596 1142 1654 1197 Illae
1666 1160 1732 1199 vero
1746 1143 1793 1200 de·

149 1232 215 1289 hmo
228 1232 398 1306 Eupbraria,
410 1248 581 1304 consurgens
595 1232 721 1288 extendit
733 1248 835 1288 manus
847 1231 884 1287 ad
898 1247 953 1286 coe·
994 1227 1121 1285 formate
1134 1226 1320 1295 discedentes,
1327 1228 1666 1302 mundaveruntAugustae
1674 1247 1736 1302 quae
1742 1249 1792 1304 ge·

151 1321 225 1389 lum,
231 1327 262 1377 et
273 1321 461 1394 ingemiscens
472 1321 543 1379 dixit
555 1320 615 1377 viro
629 1337 681 1377 suo
694 1321 850 1393 Antigono:
861 1321 953 1376 Beue·
993 1323 1038 1374 sta
1051 1321 1127 1373 sunt.
1139 1318 1316 1388 cognoscens
1329 1320 1425 1372 eutem
1436 1319 1592 1390 imperator
1600 1321 1675 1393 quod
1688 1320 1793 1376 baum

151 1409 248 1468 dictus
265 1412 351 1479 Deus,
365 1412 414 1484 qui
428 1411 544 1483 dignum
560 1415 590 1466 te
604 1410 669 1466 fecit
680 1410 782 1466 timore
796 1425 857 1477 suo,
874 1408 953 1465 etad
993 1406 1095 1473 fuerat,
1111 1404 1236 1477 grauiter
1248 1404 1374 1462 invectus
1389 1412 1433 1460 est
1445 1407 1475 1462 iu
1489 1409 1666 1480 Augustam
1681 1409 1793 1465 etindi·

152 1500 347 1572 cognitionem
355 1501 482 1558 veritatis
495 1499 621 1556 adduxit.
630 1500 707 1568 Vere,
718 1499 841 1567 domine,
851 1499 954 1571 saepius
992 1500 1097 1567 gnatus
1111 1495 1245 1551 adversus
1261 1496 1428 1566 Augustam,
1444 1496 1515 1552 dixit
1531 1517 1537 1554 :
1554 1498 1637 1558 Vere.
1652 1500 1791 1570 Augusta,

150 1588 309 1662 supplicavi
322 1590 390 1657 Deo,
402 1594 436 1645 ut
449 1606 498 1647 cor
510 1594 592 1646 tuum
600 1588 784 1657 illuminaret,
792 1593 821 1644 et
830 1593 954 1644 meatem
995 1589 1160 1642 extraneam
1181 1601 1242 1640 rem
1260 1584 1295 1639 ab
1317 1585 1369 1639 hec
1384 1586 1595 1643 conversatione
1607 1587 1706 1648 fecisti
1728 1589 1794 1643 llaec

149 1682 232 1735 fuam
243 1695 293 1752 pro
304 1678 356 1734 bac
372 1695 457 1735 cauea
471 1678 578 1735 iaceret
591 1678 757 1744 elucescere,
773 1678 824 1734 sed
836 1677 889 1734 hoc
902 1676 954 1733 tibi
995 1679 1062 1731 eunt
1074 1690 1160 1746 opera
1168 1673 1336 1730 Christianae
1345 1674 1480 1746 Augustae
1490 1676 1554 1732 fSic
1567 1677 1721 1748 promisisti
1734 1678 1792 1733 Deo

150 1767 834 1841 penderenoupraesumpsi,quiareroipsefecisti
848 1765 953 1839 princi·
994 1761 1794 1837 pieregnareisicrecardarisAntigeni,quinobissemper
1824 1772 1827 1777 '

151 1857 242 1931 pium,
255 1857 324 1928 jube
339 1874 386 1913 me
398 1863 431 1913 ut
440 1857 611 1929 loquar.Cui
624 1856 696 1913 dixit
704 1857 876 1930 Antigonus:
889 1856 950 1925 Dic,
961 1850 1071 1940 Rutilia
1084 1852 1259 1924 permansit?
1273 1851 1402 1907 Alienum
1421 1868 1482 1909 rem
1495 1859 1592 1911 nostro
1602 1854 1722 1926 imperio
1732 1854 1792 1926 ogi-

149 1947 398 2018 sorormea,qnod
409 1945 458 2002 vis.
468 1945 630 2019 Respondit:
642 1945 951 2013 Nostidominemeus.
993 1939 1040 2008 sti,
1063 1939 1138 2013 quod
1152 1939 1301 1997 mulierem
1318 1941 1348 1996 in
1363 1940 1483 2014 puellari
1497 1946 1579 1999 aetate
1597 1944 1790 2009 constitutam,

148 2035 216 2107 quia
228 2041 295 2092 aute
304 2037 409 2093 multas
421 2036 618 2108 &memnones
630 2035 784 2108 Apostolus
789 2039 953 2104 testatur‚et
993 2046 1055 2102 que
1074 2046 1146 2103 pene
1170 2031 1347 2087 solummodo
1361 2047 1419 2087 uno
1433 2047 1508 2089 anno
1523 2033 1656 2091 cumniro
1671 2033 1749 2100 vixit,
1763 2041 1793 2089 et

144 2123 230 2185 dixit:
240 2125 364 2198 Tempus
380 2124 464 2182 breve
479 2130 535 2183 est:
549 2125 691 2197 reliquum
715 2130 768 2194 est,
784 2130 817 2181 ut
835 2125 884 2198 qui
899 2125 952 2181 ha·
991 2135 1056 2177 mox
1080 2138 1114 2177 ex
1139 2121 1291 2179 consutum
1306 2123 1546 2195 proptercoeleste
1570 2140 1692 2195 regnum
1712 2141 1743 2181 se
1757 2124 1793 2180 ab

144 2212 218 2274 bant
230 2230 341 2282 uxores,
352 2221 489 2289 tanquam
497 2230 554 2272 non
563 2213 699 2271 habentes
713 2214 771 2271 sint
785 2215 811 2287 (f
820 2215 881 2272 tior.
891 2214 950 2285 vir).
992 2214 1338 2286 utrisqueseparererunt,
1345 2220 1378 2270 tu
1387 2231 1500 2272 rursum
1513 2215 1549 2272 ad
1557 2215 1685 2272 mundun
1696 2217 1789 2274 redire

147 2303 249 2362 Deficit
264 2305 341 2363 enim
352 2306 439 2377 hujus
453 2306 547 2362 seculi
558 2304 708 2377 cupiditas.
718 2304 762 2362 Ad
777 2320 862 2377 quam
876 2305 952 2361 enim
993 2301 1154 2374 compellis?
1169 2307 1197 2358 et
1211 2317 1303 2375 neque
1317 2302 1437 2359 timuisti
1452 2304 1552 2367 Deum,
1567 2304 1640 2360 hanc
1655 2304 1791 2377 iniquita-

152 2392 307 2451 utilitatem
333 2398 418 2451 enmt
444 2394 499 2451 ista
510 2395 630 2466 pecunia
644 2398 673 2450 et
687 2399 768 2451 ianm
779 2393 954 2451 abnndantia
993 2396 1053 2448 tem
1066 2392 1162 2448 rolens
1174 2391 1285 2447 feceret
1300 2393 1369 2458 Quis
1382 2392 1537 2450 satisfaciet
1549 2393 1792 2467 hominibusquia

148 2483 457 2555 pomeseiouumfNihil
467 2499 565 2541 eorum
575 2488 619 2541 eet
632 2483 859 2557 qucdnobiscum
871 2489 951 2556 pote·
992 2497 1050 2538 non
1064 2498 1115 2554 par
1128 2498 1173 2537 me
1187 2481 1291 2538 lactum
1307 2487 1351 2538 est
1363 2482 1440 2539 hoc‘l
1463 2483 1643 2539 Indecentem
1657 2487 1686 2538 et
1696 2483 1791 2541 incon·

149 2571 187 2627 n't
200 2572 371 2632 descendere
384 2573 414 2630 in
427 2573 658 2631 infamamcum
667 2572 740 2631 bono
755 2589 823 2647 ergo
835 2574 951 2632 consilio
993 2586 1095 2643 guam
1109 2570 1200 2626 fecisti
1212 2588 1284 2640 rem,
1299 2572 1374 2644 quod
1387 2587 1440 2631 nec
1453 2572 1576 2645 oportuit
1588 2578 1621 2629 nt
1633 2590 1728 2630 meum
1742 2590 1791 2631 au·

148 2665 197 2717 tuo
221 2661 325 2718 festina
352 2663 442 2720 multa
468 2664 536 2721 dare
560 2663 740 2737 pauperibus,
755 2672 858 2720 utnon
880 2663 951 2722 illud
991 2658 1066 2716 diret
1078 2659 1239 2733 imperium,
1253 2666 1369 2733 propter
1383 2660 1606 2719 sincerissimum
1619 2678 1714 2719 meum
1724 2662 1793 2719 ami·

149 2751 300 2808 eonsilium
315 2753 391 2825 quod
405 2752 534 2810 tractasti
556 2752 716 2809 inveniatur
731 2751 948 2809 infructuosum.
991 2764 1056 2805 cum
1069 2749 1191 2830 maxime
1204 2751 1387 2823 Antigonum.

147 2840 275 2898 Audiens
291 2847 387 2900 autem
400 2842 570 2914 Antigonus,
583 2841 752 2914 glorificavit
758 2840 858 2898 Deum.
1027 2838 1092 2894 (iar.
1104 2838 1138 2894 V.
1146 2838 1308 2896 -Audiens
1317 2839 1376 2895 hac
1384 2841 1523 2912 Augusta,
1536 2845 1566 2896 et
1575 2842 1684 2900 vultum
1697 2841 1791 2898 nimie

180 2931 413 2989 ciant-cum
420 2931 510 3003 igitur
522 2931 642 3004 adeptus
653 2931 869 3004 essetoptimam
882 2947 950 2988 con·
992 2927 1163 2984 confirsionis
1177 2934 1301 2997 mutans,
1313 2929 1387 2984 sicut
1399 2930 1472 3002 lapis
1484 2930 1543 2987 fere
1556 2947 1608 3004 per
1620 2930 1692 2989 duae
1706 2932 1791 2989 haras

147 3020 346 3088 versationem,
356 3027 385 3077 et
398 3022 487 3078 multa
500 3020 671 3094 pauperibus
679 3026 824 3093 erogasset
833 3020 950 3093 Antigo-
991 3016 1054 3072 sine
1065 3033 1130 3073 voce
1142 3017 1307 3089 permansit.
1320 3017 1356 3072 Et
1370 3018 1496 3076 factaest
1506 3022 1733 3092 magnatristitia
1747 3021 1789 3078 in·

146 3125 212 3176 rus,
227 3126 317 3166 unum
327 3112 613 3168 solummodaannnm
623 3111 949 3184 vivens,postquameure
991 3111 1036 3162 ter
1049 3106 1248 3178 imperatorem
1262 3107 1587 3182 etAugustam,propter
1599 3110 1789 3183 Euphraxiam

146 3199 322 3256 renuntiarit
335 3201 426 3268 uxori,
443 3201 530 3258 vitam
544 3217 624 3257 suam
639 3199 685 3273 pic
700 3199 863 3273 disponens,
872 3205 978 3268 com-c
989 3195 1124 3267 Antigoni
1135 3196 1294 3268 conjugem.
1305 3197 1385 3253 Tunc
1393 3197 1554 3270 Euphraxie
1560 3216 1715 3271 agnoscens
1723 3200 1790 3271 quia

145 3279 225 3360 piem
239 3304 315 3346 anno
329 3289 477 3346 defunctus
492 3294 544 3356 est,
556 3295 585 3346 et
596 3289 725 3362 sepultus
737 3288 767 3344 in
783 3305 861 3361 pace.
870 3290 948 3346 Tunc
989 3301 1092 3357 magna
1106 3284 1223 3341 tristitia
1235 3291 1351 3359 propter
1373 3300 1437 3343 eam
1462 3287 1536 3344 inter
1548 3289 1747 3360 imperatorem
1759 3296 1789 3344 et

145 3375 301 3450 imperator
308 3379 415 3452 pariter
422 3380 948 3451 etAugustafleverunteum,tenquam
987 3376 1145 3446 Augustam
1165 3374 1265 3432 fuisset
1284 3376 1392 3444 effecta,
1409 3376 1489 3432 vultu
1515 3377 1630 3434 omruno
1651 3377 1784 3447 demisso,

145 3481 177 3521 ex
193 3483 405 3539 eorumgenere
415 3468 640 3533 descendentem,
651 3468 947 3539 virumjustumetre·
987 3463 1076 3520 tristis
1091 3464 1165 3520 facta
1179 3471 1223 3522 est
1236 3465 1373 3539 usquead
1384 3471 1514 3535 mortem,
1527 3472 1554 3523 et
1568 3467 1729 3525 decivitate
1741 3485 1787 3524 ro·

142 3555 288 3628 ligioaum.
304 3558 556 3631 compatiebantur
566 3558 642 3615 euim
656 3563 685 3613 et
698 3557 875 3630 Euphraxiae,
888 3573 945 3613 non
985 3553 1062 3610 labet
1072 3554 1225 3611 discedere.
1241 3556 1319 3612 Tunc
1333 3556 1404 3611 flens
1414 3556 1526 3625 acriter,
1535 3556 1606 3613 dixit
1619 3558 1786 3631 Eupbrarier

144 3645 236 3702 selum
252 3648 387 3719 tanquam
401 3647 522 3720 proprie
543 3646 767 3718 consanguineae,
794 3645 945 3703 sedetiam
984 3641 1049 3699 lilim
1063 3660 1120 3700 suae
1134 3663 1139 3699 :
1154 3645 1226 3700 Filia
1238 3661 1311 3713 mea,
1325 3645 1630 3719 habemusinAEgypto
1644 3648 1785 3720 copiosam

144 3733 212 3806 quia
226 3739 289 3790 erat
294 3735 454 3806 juvencula.
466 3734 581 3792 Duobus
594 3752 717 3808 nemque
724 3734 805 3791 annis
815 3739 845 3791 et
853 3733 943 3791 tribus
983 3747 1173 3807 magnamque
1186 3733 1390 3792 substantiam:
1405 3735 1478 3804 veni,
1491 3752 1588 3792 eamus
1598 3737 1712 3803 illuc‚et
1721 3736 1786 3793 visi·

143 3824 434 3881 mensibusrixiteum
443 3826 581 3893 virosuo;
604 3841 671 3881 nam
682 3840 739 3882 uno
749 3841 942 3882 anneexcon·
982 3824 1217 3897 temuspatristui
1224 3824 1779 3898 possessiones:etmeaomniatuasunt,

141 3913 242 3969 etituto
257 3912 293 3968 ab
307 3914 444 3970 alterutro
465 3914 650 3983 abstinentes,
664 3913 738 3970 sicut
750 3913 852 3970 fratres
869 3914 942 3970 rixa·
982 3914 1042 3970 iilia
1054 3931 1128 3969 mea.
1144 3916 1222 3971 Tunc
1235 3931 1302 3986 erge
1317 3931 1381 3972 cum
1393 3914 1451 3971 filia
1462 3931 1515 3972 sua
1528 3915 1732 3988 Euphraxiada
1741 3933 1784 3973 re·

141 4008 218 4058 runt.
230 4003 321 4075 Igitur
329 4003 597 4076 sepultoAntigone,
608 4002 644 4059 ab
657 4003 829 4075 imperatore
843 4009 872 4059 et
884 4005 942 4060 Au·
982 4002 1032 4075 gia
1042 4003 1153 4060 civitate
1167 4003 1305 4073 dimessit,
1315 4004 1441 4078 principe
1451 4005 1603 4073 nesciente,
1618 4011 1647 4062 et
1660 4006 1738 4062 venit
1751 4006 1781 4062 in

139 4097 226 4163 gaeta
238 4092 361 4149 multum
375 4092 574 4148 consolabatur
589 4097 686 4160 852
705 4091 875 4164 Euphraxia.
890 4093 943 4149 llla
982 4093 1156 4166 Aigyptum5
1180 4094 1237 4150 illic
1251 4111 1363 4167 qnoque
1378 4093 1552 4164 morabatur,
1567 4101 1596 4151 et
1609 4112 1661 4151 sua
1674 4096 1781 4169 praedia

140 4197 208 4238 vero
222 4198 338 4238 sumens
364 4183 507 4255 propriam
521 4198 602 4237 suam
618 4182 715 4249 filiam,
736 4180 815 4237 dedit
833 4198 896 4237 eam
910 4182 940 4238 iu
981 4182 1079 4238 crebro
1094 4182 1235 4239 visitabat.
1247 4185 1282 4240 Et
1294 4185 1419 4256 profecta
1428 4189 1472 4240 est
1485 4185 1515 4240 in
1529 4185 1695 4242 interiorem
1708 4186 1779 4243 The·

139 4285 243 4327 manus
253 4271 431 4343 imperatoris
445 4278 474 4327 et
484 4273 633 4343 Augustae,
644 4276 672 4326 et
686 4276 827 4343 prostrata
843 4271 880 4326 ad
893 4288 940 4343 pe-
980 4270 1093 4327 baidem
1114 4289 1180 4329 cum
1193 4272 1421 4345 procuratoribus
1440 4273 1500 4328 suis
1522 4278 1607 4345 atque
1629 4274 1776 4341 ministris,

137 4358 189 4416 des
203 4375 312 4428 eorum,
323 4376 388 4416 eum
397 4360 520 4416 clamore
537 4364 566 4416 et
575 4376 679 4433 magno
686 4359 795 4431 gemitu
804 4358 939 4417 diritrln
980 4360 1147 4418 habentibus
1159 4377 1256 4417 curam
1281 4377 1396 4416 suarum
1416 4376 1523 4418 rernm.
1543 4363 1707 4428 Quaeetiam
1721 4363 1779 4418 illic

138 4463 242 4504 manus
261 4448 313 4504 Dei
336 4455 365 4504 et
390 4455 498 4505 vestras
511 4450 584 4506 hanc
597 4449 754 4521 orphanam
769 4464 844 4505 nunc
858 4464 939 4505 com·
979 4466 1080 4508 vocans
1094 4451 1125 4507 iu
1142 4450 1320 4519 sanctuariis,
1336 4456 1365 4506 et
1377 4450 1483 4507 multas
1495 4451 1649 4510 oblationes
1662 4451 1720 4506 illic
1739 4451 1779 4506 of·

137 4537 257 4596 mendo.
271 4538 436 4594 Memoriam
450 4554 518 4610 ergo
527 4538 664 4595 hahentes
675 4537 820 4610 Antigoni,
829 4538 877 4609 qui
886 4534 971 4596 fuitD
980 4539 1073 4598 ferens
1083 4557 1134 4613 per
1147 4540 1320 4596 monasteria
1332 4541 1457 4598 virorum
1481 4557 1514 4598 ac
1527 4541 1687 4609 mulierum,
1701 4540 1776 4598 mul-

137 4631 241 4694 rester,
255 4627 388 4700 suscipite
403 4643 466 4682 eam
480 4631 566 4699 atque
577 4627 705 4694 tuemini,
722 4631 752 4683 et
764 4632 854 4684 estote
868 4628 895 4684 ei
908 4629 938 4684 iu
978 4635 1022 4687 tas
1035 4630 1168 4702 pecunias
1181 4630 1325 4702 erogabat.

136 4716 201 4772 loco
215 4715 455 4788 patrisetmatris.
467 4717 549 4772 Multi
563 4723 658 4774 autem
670 4717 788 4774 flumina
796 4718 937 4793 lacryma·
1013 4721 1135 4778 canili.
1151 4751 1184 4762 -
1195 4722 1363 4777 Eratautem
1374 4720 1576 4777 monasterium
1582 4719 1734 4779 mulierum
1746 4724 1776 4781 in

135 4821 204 4862 rum
217 4811 248 4861 et
261 4822 341 4863 voces
364 4805 519 4862 emiserunt
532 4805 717 4874 audientium,
734 4806 775 4863 ita
798 4811 831 4863 ut
850 4807 937 4863 etiam
977 4827 1035 4867 una
1046 4810 1166 4878 civitate,
1174 4811 1280 4866 habens
1289 4811 1424 4868 architria
1434 4809 1471 4879 13)
1479 4815 1593 4866 centum
1601 4811 1728 4884 triginta,
1739 4813 1775 4869 de

133 4894 278 4970 principes
292 4895 431 4968 lugerent.
977 4899 1078 4972 quibus
1090 4916 1208 4972 magnas
1223 4900 1401 4956 etmirabilee
1413 4899 1531 4956 virtutes
1540 4901 1776 4974 hominespradi-

168 4984 239 5041 (lar.
256 4984 303 5042 iv.
313 5012 347 5027 -
357 4985 426 5041 Post
434 5001 629 5057 paucumvero
646 4991 757 5058 tempus
767 5002 784 5041 a
796 4986 873 5042 luctu
882 4985 935 5042 ali·
976 4985 1086 5042 cabant.
1107 4987 1140 5042 In
1158 4985 1207 5041 illo
1221 5001 1342 5057 namque
1361 4984 1533 5040 monasterio
1547 5001 1631 5041 nemo
1641 4987 1775 5058 gustabat

131 5077 243 5148 quanto
253 5073 443 5146 quiescentem
452 5074 595 5147 Antigoni,
603 5076 694 5131 suasit
704 5075 859 5148 imperator
868 5075 894 5131 ei
903 5081 936 5132 ut
975 5075 1082 5144 vinum,
1097 5075 1178 5132 nulla
1190 5073 1303 5130 illarum
1324 5090 1440 5147 pomum
1452 5073 1546 5143 edere,
1564 5080 1707 5145 suturas,
1722 5085 1774 5134 aut

128 5163 223 5221 Aliam
236 5179 319 5220 suam
334 5163 524 5236 Euphraxiam
538 5164 650 5222 cuidam
661 5165 786 5222 senatori
795 5164 934 5222 ditissimo
975 5165 1054 5233 ficus,
1069 5168 1119 5220 aut
1132 5162 1240 5235 aliquid
1252 5161 1415 5234 hujusmodi
1424 5161 1570 5231 bonorum,
1583 5179 1644 5235 qum
1657 5169 1773 5223 terrena

127 5251 216 5310 daret
239 5267 367 5310 uxorem
382 5254 418 5309 Et
430 5253 535 5311 factum
549 5260 592 5310 est
609 5259 641 5311 ut
659 5254 758 5310 arrhas
775 5254 935 5327 Euphraxia
975 5251 1558 5325 nascunturubertate,gustabat.Quaedam
1568 5257 1663 5310 autem
1672 5271 1771 5313 earum

130 5341 283 5414 aeciperet.
296 5341 441 5414 Susceptis
455 5343 662 5416 arrhis,puellse
677 5348 744 5400 aetas
757 5343 935 5416 exspectaba·
974 5343 1176 5400 abrenuntians
1199 5347 1312 5410 saecuto,
1335 5358 1427 5415 neque
1444 5342 1537 5399 oleum
1552 5343 1635 5400 cdere
1649 5344 1769 5413 volebat,

129 5430 264 5489 casura
277 5431 354 5488 enim
365 5431 449 5489 nimis
462 5431 610 5500 infantula,
626 5433 737 5504 quando
754 5433 877 5506 suscepit
890 5451 934 5489 ar·
974 5433 1101 5506 quadam
1112 5448 1210 5488 eurum
1224 5448 1368 5505 avespera
1376 5448 1465 5504 usque
1480 5433 1516 5489 ad
1526 5434 1611 5489 aliam
1625 5450 1770 5508 vesperam

128 5519 210 5586 rme,
231 5521 313 5593 quasi
322 5538 464 5578 annorum
484 5522 618 5594 quinque.
632 5523 699 5579 Post
725 5523 932 5595 aliquantulum
969 5523 1111 5596 jejunium
1125 5522 1326 5595 protrahebat;
1342 5522 1404 5578 alim
1418 5539 1484 5580 vero
1498 5529 1561 5595 post
1574 5523 1691 5580 biduum
1706 5523 1770 5579 ede·

127 5613 321 5682 rmumpus
330 5609 464 5682 cogitarit
483 5609 544 5684 ipsc
556 5614 679 5678 senator,
690 5616 844 5670 utmorem
852 5613 932 5672 Anti·
973 5612 1049 5682 bant,
1063 5611 1124 5668 elim
1149 5627 1215 5669 varo
1238 5616 1303 5685 post
1320 5611 1457 5671 uiduam.
1471 5613 1557 5670 Nulla
1568 5627 1667 5670 aarum
1682 5611 1769 5683 pedes

125 5697 201 5775 goni
213 5696 268 5761 obi
279 5698 544 5777 ammiropolus
554 5719 564 5772 ,·
590 5705 619 5759 et
635 5716 687 5777 per
699 5717 796 5780 preces
813 5707 864 5764 eut
880 5721 932 5781 per
972 5720 1039 5766 suos
1052 5701 1197 5764 abluebat:
1214 5700 1368 5782 aliqumte
1379 5718 1446 5765 roro
1459 5702 1606 5765 audientes
1619 5700 1655 5761 de
1668 5699 1769 5760 briaco
