3818 6120
141 263 195 322 603
451 328 460 343 κ
651 267 698 323 DE
716 268 810 324 ViTIS
829 265 977 322 PATRUM
996 263 1104 320 LIBER
1122 260 1266 318 PRIMUS.
1726 255 1776 314 aot

138 391 169 450 in
183 408 262 450 more
275 397 359 464 atque
372 391 502 445 instituto
517 392 609 462 posita
623 396 689 446 sunt
703 391 834 446 coniectis
850 395 935 460 atque
945 386 1148 449 ALueulenter
1160 391 1255 440 autem
1269 385 1353 440 simul
1362 401 1394 440 ac
1409 385 1557 456 magnilica
1567 384 1597 438 in
1612 399 1649 437 aa
1662 380 1779 436 ecclesia

140 480 285 549 absolutis,
293 481 322 536 in
332 480 420 552 patris
428 480 565 535 Barlaami
577 486 758 536 monumento
769 497 834 535 eum
844 479 937 534 condi·
978 493 1041 547 quae
1049 475 1084 530 ab
1090 475 1158 548 ipsis
1164 474 1519 546 fundamentisalosaphat
1525 470 1775 537 exstructafuerat,

139 569 190 627 dit.
206 571 262 626 Per
275 568 415 641 siquidem
428 574 488 623 erat
503 575 535 625 ut
549 587 668 641 quorum
681 571 781 625 animae
797 569 826 624 in
839 586 937 642 perpe·
978 582 1075 620 eorum
1090 581 1209 636 corpora
1223 564 1336 618 condita
1345 569 1421 619 sunt.
1433 563 1521 619 Multa
1535 579 1620 646 porro
1630 561 1774 623 mimuile,

139 666 221 715 tuum
236 658 320 713 simul
331 657 529 722 futuraeerant,
538 675 634 713 corum
644 660 729 713 ctiam
740 675 856 729 corpora
869 675 936 713 con·
977 654 1195 725 morborumque
1210 653 1398 724 depulsiones,
1406 658 1466 707 tum
1477 653 1506 707 in
1520 667 1673 724 corporum
1687 655 1777 705 trans·

137 746 336 817 jungerentur.
978 743 1110 809 vectione,
1128 750 1189 797 tuin
1212 742 1241 796 in
1260 759 1358 796 eorum
1376 742 1582 808 inhumatione,
1608 745 1673 797 tum
1692 739 1776 793 etiam

174 834 328 906 Cuiusdam
340 840 434 890 autern
446 835 613 890 formidandi
621 837 680 899 viri,
694 836 779 908 quiid
791 837 819 890 in
830 836 937 891 somnis
977 833 1097 903 posteris
1111 832 1293 903 temporibus,
1304 832 1439 886 Dominus
1447 848 1497 903 per
1511 832 1573 902 pios
1583 830 1706 885 famulos
1714 844 1777 883 suos

138 925 211 980 serio
225 923 394 996 imperabat,
411 927 565 979 monachus
586 927 633 980 ille
653 926 701 996 qui
726 926 818 998 ipsum
838 926 937 981 funere
978 921 1703 993 cllecit.Viditquerexacvulgusomnesvirtuteseas
1717 934 1777 989 quae

139 1014 278 1069 extulerat
287 1013 493 1086 obtemperans,
510 1015 539 1068 in
555 1015 641 1069 lndiae
652 1031 771 1085 regnum
779 1032 809 1070 se
818 1014 934 1082 confert,
977 1028 1028 1082 per
1040 1013 1115 1083 ipsos
1126 1010 1291 1067 edebantur.
1301 1012 1341 1064 Ac
1351 1010 1501 1082 pleriquee
1511 1010 1640 1064 finitimis
1651 1007 1774 1064 nationi·

138 1120 291 1175 regemque
301 1103 468 1158 Barachiam
482 1103 657 1167 conveniens,
666 1103 700 1157 de
714 1103 844 1159 omnibus
858 1105 936 1158 losa·
978 1100 1028 1154 bus
1040 1099 1447 1170 infidelitatisacignorationis
1453 1100 1504 1154 Dei
1510 1099 1608 1153 morbo
1615 1096 1776 1152 laborantes

138 1190 218 1262 photi
232 1191 316 1247 rebus
328 1191 476 1248 certiorem
486 1192 578 1263 ipsum
592 1192 667 1246 facit.
684 1192 734 1246 ille
747 1197 842 1247 autem
858 1195 936 1249 nulla
975 1189 1164 1262 pereasigna
1179 1189 1282 1252 quaein
1299 1194 1480 1244 monumento
1500 1188 1607 1243 fiebant
1630 1187 1665 1241 ad
1691 1187 1774 1241 sidem

138 1281 307 1353 interposita
314 1298 394 1337 mora
403 1298 466 1336 cum
476 1282 585 1352 ingenti
593 1282 687 1354 populi
697 1282 937 1338 multitudineiter
976 1284 1163 1333 accesserunt.
1175 1281 1267 1349 Atque
1278 1278 1431 1348 omnesqui
1444 1278 1532 1349 ipsius
1543 1277 1682 1349 iosaphat
1690 1277 1777 1329 vitam

138 1368 201 1436 init,
216 1370 342 1441 atquead
352 1371 513 1442 speluncam
526 1371 638 1425 tandem
650 1371 785 1442 pervenit,
799 1388 831 1425 ac
845 1372 937 1443 sepul·
977 1368 1010 1422 ad
1026 1368 1190 1438 angelorum
1206 1367 1392 1421 imitationem
1403 1371 1777 1438 expressam,atqueateue

139 1474 219 1514 crum
233 1458 371 1526 intuetur,
384 1458 496 1530 illicque
510 1459 705 1515 calentissimis
720 1461 851 1532 lacrymis
868 1460 936 1515 susis
977 1457 1018 1511 ris
1032 1456 1173 1527 unguibus
1188 1456 1335 1511 ardentem
1356 1456 1444 1526 ipsius
1464 1472 1531 1527 erga
1546 1456 1636 1510 Deum
1652 1468 1778 1508 amorem

138 1546 364 1618 integumentum
375 1547 457 1612 tollit,
474 1548 618 1619 cernitque
631 1549 812 1604 Barlaamum
820 1553 848 1603 et
859 1551 937 1604 losa-
977 1551 1123 1600 cernentes
1133 1551 1217 1617 atquc
1230 1545 1385 1609 audientes,
1395 1545 1581 1599 admiratione
1587 1542 1778 1615 corripieban-

138 1636 208 1708 phat
220 1635 347 1692 membra
360 1637 512 1708 composito
528 1637 625 1692 habitu
640 1637 695 1691 sita
709 1637 857 1701 habentos,
874 1655 936 1694 cor·
977 1640 1032 1700 tur,
1044 1636 1135 1689 Deum
1144 1635 1174 1688 in
1189 1634 1318 1688 omnibus
1328 1633 1511 1699 celebrantes,
1523 1633 1609 1705 quise
1616 1631 1777 1687 amantibus

138 1740 264 1798 peraque
278 1725 375 1780 nihile
390 1726 509 1798 pristino
520 1727 779 1793 coloreimmntata,
788 1744 884 1782 verum
894 1729 1059 1807 m-Bopem
1074 1729 1102 1779 et
1122 1724 1256 1778 auxilium
1275 1739 1420 1794 nunquam
1441 1723 1514 1777 terre
1534 1721 1649 1789 desinit,
1674 1737 1777 1793 eosque

137 1819 219 1885 tegra
237 1821 266 1871 et
282 1823 397 1887 prorsus
412 1816 572 1881 incolumia,
589 1832 645 1870 una
666 1833 729 1871 cunr
753 1816 934 1872 indumentis.
949 1876 958 1892 ἱ
977 1813 1159 1885 amplissimis
1174 1813 1317 1868 beneficiis
1333 1818 1541 1867 remuneratur.

138 1903 205 1960 Haee
217 1903 305 1975 igitur
314 1911 557 1959 sacrosanctarum
571 1905 730 1960 animarum
744 1906 934 1974 tabernacula,
1012 1903 1065 1957 Hic
1079 1903 1224 1975 praesentis
1239 1901 1303 1956 libri
1319 1902 1383 1956 sinis
1393 1907 1445 1970 est,
1462 1918 1544 1973 quern
1558 1918 1609 1973 pro
1625 1918 1692 1956 mea
1706 1901 1776 1956 virili

138 1991 335 2047 suavissimum
345 1993 459 2048 odorem
469 1994 636 2055 emittentia,
646 2011 697 2049 nec
707 1994 771 2049 ioedi
782 1996 937 2067 quidquam
977 1993 1140 2062 conscripsi,
1151 1991 1389 2062 quemadmodum
1399 2008 1416 2045 a
1426 1991 1699 2064 praeclarisvirisqui
1709 1990 1775 2046 milii

141 2080 311 2147 exhibentia,
321 2082 462 2154 preclaris
471 2083 567 2138 loculis
575 2082 767 2155 iniposita,rex
774 2085 802 2139 in
815 2086 935 2157 patriam
977 2081 1035 2135 haec
1051 2080 1125 2135 haud
1138 2080 1208 2134 falso
1228 2079 1408 2135 tradiderint
1426 2080 1528 2151 accepi·
1545 2080 1661 2136 Utinam
1682 2084 1777 2134 autem

138 2185 219 2228 suain
228 2171 373 2226 transfert.
976 2187 1035 2236 vos,
1050 2171 1097 2242 qui
1112 2171 1185 2224 hanc
1198 2170 1298 2224 animis
1314 2170 1413 2224 utilem
1427 2169 1574 2224 historiam
1582 2170 1680 2240 legitis
1694 2176 1777 2242 atque

173 2260 211 2315 Ut
224 2265 319 2316 autem
334 2277 368 2315 ca
382 2277 426 2316 res
446 2262 481 2316 ad
495 2263 584 2335 piebis
598 2280 680 2318 aures
696 2265 831 2335 pervenit,
856 2266 937 2320 innu·
977 2260 1135 2326 auditis,ad
1145 2276 1242 2314 eorum
1258 2263 1367 2330 partem
1382 2258 1564 2324 asciscamini,
1582 2259 1632 2329 qui
1645 2259 1776 2315 Deerita

136 2348 280 2406 merabilis
292 2350 443 2406 multitudo
456 2368 489 2405 ex
499 2351 629 2407 omnibus
642 2353 795 2408 urbibusac
811 2355 936 2409 finitimis
978 2366 1035 2404 sum
1048 2348 1172 2404 rationes
1185 2348 1383 2420 probaverunt,
1394 2348 1594 2419 perorationes
1608 2348 1777 2404 etinterces·

136 2437 205 2493 locis
218 2438 254 2493 ad
273 2437 420 2493 beatorum
431 2439 544 2493 illorum
555 2456 704 2511 corporum
718 2447 895 2512 conspectum
909 2447 937 2496 et
977 2438 1069 2493 siones
1085 2439 1233 2493 beatorum
1246 2438 1370 2493 virorum
1386 2438 1517 2492 barlaam
1531 2442 1561 2492 ct
1579 2438 1728 2510 iosaphat,
1744 2438 1777 2493 dc

137 2526 330 2582 adorationem
336 2527 535 2583 confluxitUbi
541 2529 626 2583 etiam
632 2531 936 2602 sacrosanctishymnis
978 2528 1080 2598 quibus
1093 2529 1151 2582 hec
1165 2527 1284 2582 historia
1295 2532 1425 2582 contexta
1434 2533 1478 2581 est
1485 2527 1514 2581 ia
1523 2527 1637 2582 Christo
1647 2527 1663 2582 J
1665 2544 1717 2583 esu
1724 2527 1778 2582 Do·

137 2631 236 2671 eorum
247 2632 333 2671 causa
343 2616 508 2682 decantatis,
526 2617 700 2690 copiosisque
712 2619 885 2690 lampadibus
893 2636 937 2674 ac·
978 2617 1054 2672 mino
1064 2623 1170 2684 nostro,
1180 2633 1264 2689 quein
1275 2616 1354 2671 decet
1364 2616 1463 2683 honor,
1473 2615 1635 2687 imperium,
1645 2618 1778 2688 majestas

136 2703 237 2769 censis,
254 2708 318 2774 apte
327 2703 385 2758 illic
395 2704 533 2775 quispiam
541 2722 573 2759 ac
581 2722 716 2777 perquam
728 2707 937 2762 accommodate
978 2712 1007 2761 et
1020 2707 1312 2777 magnillcentia,cum
1322 2706 1405 2760 Patre
1420 2710 1448 2759 et
1464 2705 1571 2776 Spiritu
1583 2711 1694 2774 sancte,
1707 2722 1779 2761 nunc

136 2789 261 2860 dixisset,
277 2793 398 2848 Lumina
420 2793 496 2848 circa
515 2794 630 2850 luminis
655 2795 726 2850 filios
750 2802 779 2850 et
799 2796 933 2852 haeredes.
977 2802 1007 2851 et
1019 2813 1130 2868 semper
1143 2798 1174 2850 in
1188 2796 1289 2852 secula
1303 2795 1482 2850 saeculorum.
1498 2797 1602 2849 Amen.

736 2934 740 2943 ·
767 2920 959 2977 ROSWEYDI
977 2920 1145 2975 NOTATIO.

172 3015 310 3089 8390)
323 3019 452 3088 Vitellia
463 3019 637 3073 historialiac
652 3019 964 3089 placetillustrissimic
1010 3018 1047 3089 (2)
1063 3021 1204 3085 Berloom,
1221 3016 1292 3143 etc}
1306 3019 1540 3090 Martyrologium
1556 3017 1728 3081 Romanum,
1744 3013 1777 3069 ‘ll

137 3087 289 3142 cardinalis
301 3089 462 3144 Bellarmini
471 3090 618 3161 judicium,
631 3090 689 3161 qui,
700 3090 771 3145 libro
786 3090 821 3145 de
831 3091 932 3163 Script.
975 3089 1141 3144 Novembris
1157 3109 1163 3143 :
1182 3109 1193 3141 i
1208 3089 1273 3162 Apu
1308 3090 1391 3144 Indos
1403 3090 1496 3145 Persis
1510 3088 1657 3152 finitimae,
1668 3092 1778 3142 sancto·

137 3158 252 3219 Eccles,
263 3159 292 3213 in
301 3160 408 3215 leanne
418 3162 601 3227 Damascene,
612 3162 651 3215 ita
660 3161 805 3233 disquirit:
820 3161 935 3217 Dubita·
974 3178 1037 3216 rum
1052 3162 1180 3215 Barlaani
1192 3166 1220 3215 et
1234 3163 1248 3215 J
1251 3162 1378 3231 osapbat,
1396 3177 1516 3232 quorum
1536 3165 1616 3215 actus
1630 3158 1776 3214 mirandos

135 3229 176 3284 tio
186 3229 281 3286 existit
288 3247 324 3285 an
331 3231 519 3288 haecnarratio
530 3233 568 3288 sit
577 3250 641 3286 vera
651 3233 777 3298 historia,
790 3249 826 3287 an
839 3234 933 3305 potius
974 3237 1087 3287 sanctus
1102 3232 1224 3287 loannes
1245 3233 1436 3287 Damascenus
1455 3232 1631 3303 conscripsit.
1650 3249 1664 3283 a
1682 3231 1776 3284 Flora-

136 3301 255 3356 consicta
269 3301 304 3358 ad
320 3304 487 3358 erudiendos
502 3304 607 3359 nobiles
623 3304 826 3370 adolescentes,
842 3305 933 3376 qualis
974 3304 1049 3357 rium
1069 3308 1230 3358 sanctorum
1250 3321 1315 3370 ins,
1335 3303 1369 3361 ‘za
1385 3302 1558 3375 Septembris
1576 3322 1581 3356 :
1604 3320 1617 3354 a
1640 3301 1777 3373 iosaphat

136 3377 179 3426 cst
191 3372 257 3427 vita
267 3373 333 3446 Cyri
348 3376 423 3446 apud
436 3376 660 3448 Xenophontem.
682 3375 822 3441 Caeterum
837 3393 932 3430 veram
974 3375 1049 3446 regis
1063 3382 1090 3429 et
1105 3375 1279 3430 confessoris.
1298 3395 1310 3428 i
1328 3376 1362 3430 Et
1377 3375 1411 3430 ‘ll
1429 3374 1559 3429 Decemb.
1578 3393 1584 3427 :
1601 3392 1613 3424 a
1639 3372 1776 3444 iosaphat

64 3445 68 3451 “
136 3443 282 3499 historiam
299 3460 360 3500 esse
374 3451 483 3501 constat
496 3464 529 3501 ex
544 3464 577 3501 eo
592 3446 666 3518 quod
680 3452 792 3503 sanctus
811 3449 933 3503 loannes
975 3446 1049 3516 regis
1063 3451 1092 3500 et
1109 3447 1233 3501 eremitas
1250 3463 1324 3501 anno
1336 3446 1435 3501 salutis
1449 3444 1511 3502 383.
1528 3464 1540 3498 i
1557 3445 1649 3509 Quam
1665 3449 1775 3498 aetatem

136 3515 327 3571 Damascenus
334 3517 364 3571 in
373 3518 674 3574 sinehistoriaeinvocut
681 3525 792 3573 sanctos
803 3519 934 3574 Barlaam
974 3517 1048 3572 unde
1063 3517 1219 3573 Florarium
1230 3518 1364 3584 hauserit,
1374 3517 1477 3573 nescio.
1488 3517 1597 3572 llenaea
1611 3530 1775 3588 quoqueso·

136 3587 322 3668 etiosaphat,
340 3597 619 3660 quorumresgestas
634 3589 793 3670 scripserat,
806 3591 934 3645 etEccle·
973 3589 1028 3643 lius
1051 3589 1186 3713 iosaphat
1207 3590 1370 3655 meminere,
1397 3588 1432 3645 ‘26
1455 3588 1575 3659 Augusti
1597 3606 1603 3641 2
1627 3587 1684 3642 Τοῦ
1708 3586 1775 3640 brba

136 3673 178 3711 sia
189 3658 324 3713 catholica
340 3659 369 3713 in
385 3661 583 3731 Martyrologio
607 3661 760 3731 descriptos
784 3667 934 3716 veneratur
980 3659 1089 3732 ’irrisae
1104 3667 1156 3713 υοῦ
1176 3659 1282 3733 Ἀὁενὴρ
1296 3667 1340 3715 τοῦ
1356 3662 1486 3731 βασιλέως.

135 3728 181 3782 die
199 3726 234 3784 li
249 3728 412 3784 Novembris
424 3731 537 3786 eosdem
552 3731 803 3786 sanctosBarlaam
817 3737 845 3786 et
857 3733 934 3787 Josa·
1008 3748 1048 3820 (3)
1069 3752 1176 3805 joanne
1195 3751 1384 3820 pomam]
1405 3750 1543 3804 joannem
1567 3749 1774 3805 Damascenum

136 3798 234 3881 Phflig
287 3871 292 3881 ,
439 3873 444 3883 ,
538 3873 543 3884 ,
582 3873 587 3884 ,
844 3875 849 3885 ,
974 3819 1044 3874 Vitae
1056 3821 1075 3874 h
1099 3822 1141 3876 'us
1151 3838 1200 3876 scu
1210 3821 1333 3876 historiae
1350 3825 1494 3876 auctorem
1505 3837 1576 3888 esse,
1593 3820 1638 3876 his
1654 3820 1775 3876 rationi·

157 3869 270 3952 'Brlhus
285 3876 424 3943 interpres
437 3877 478 3927 ita
491 3877 694 3930 ratiocinatur:
710 3873 790 3938 Quod
797 3875 833 3930 ad
842 3892 933 3946 ipsam
973 3890 1025 3946 bus
1040 3837 1136 3948 misia,
1151 3893 1248 3948 gillius
1265 3913 1271 3946 :

135 3940 259 3996 lustonae
274 3942 420 3998 veritatem
430 3943 540 4009 attinet,
548 3944 583 4000 ob
597 3945 732 4017 quasdam
739 3961 847 4013 causas,
862 3964 931 4018 quas

136 4011 205 4066 nihil
220 4013 273 4067 hoc
281 4013 341 4068 loco
349 4031 568 4070 commemorare
585 4015 695 4079 attinet,
711 4016 799 4071 videri
813 4017 931 4075 sortisse

135 4084 277 4139 nonnullis
292 4086 436 4156 potuisset,
454 4087 585 4159 hocopus
601 4104 658 4142 non
670 4093 727 4142 tam
742 4105 836 4143 veram
846 4089 931 4145 histo

1007 3980 1112 4048 Primo,
1130 3982 1196 4053 quia
1209 3984 1412 4054 Trapezuntius
1421 3983 1464 4037 vir
1477 3983 1593 4038 natione
1607 3984 1734 4048 Graecus,
1746 3986 1773 4038 et

972 4053 1068 4134 magni
1082 4070 1138 4107 non
1145 4055 1290 4109 intersuos
1299 4055 1473 4121 tantum,sed
1483 4055 1569 4110 etiam
1577 4055 1654 4110 inter
1664 4061 1773 4110 nostros

134 4153 206 4209 riam
220 4171 291 4223 esse,
308 4174 390 4228 quam
407 4157 458 4213 sub
481 4158 605 4213 historiae
622 4159 714 4230 specie
735 4159 849 4214 tacitam
867 4161 930 4216 vitm
973 4125 1103 4192 nominis,
1119 4142 1176 4180 non
1191 4125 1277 4181 alium
1287 4128 1589 4199 quamDamascenum
1602 4129 1667 4200 ejus
1677 4133 1773 4183 aucta·

134 4228 437 4310 monasticaeatquead
452 4229 848 4301 Christianamperfectionem
861 4249 929 4287 exa·
971 4211 1031 4250 mm
1045 4197 1175 4296 pmtunt‘,
1336 4287 1352 4309 ,⁵
1432 4289 1437 4299 ,
1484 4289 1487 4295 ,
1526 4290 1532 4300 ,
1571 4290 1577 4301 ,
1711 4288 1716 4299 ,

134 4299 434 4367 ctaecollaudationem‚
451 4301 506 4356 nisi
516 4306 613 4356 auctor
627 4301 679 4357 sub
690 4302 774 4357 linem
783 4319 845 4357 eam
854 4320 884 4358 se
893 4303 928 4357 ab
1006 4286 1142 4368 32⁰⁰th
1155 4304 1230 4368 ‚¹PSfl
1246 4288 1368 4358 Phfflsslh
1388 4289 1505 4361 rell‘lffls
1525 4306 1614 4361 1r⁵¹⁰⁸
1640 4288 1769 4362 ο110111118

133 4369 582 4428 hominibusamendaciicrimine
592 4373 838 4447 alienisaccepisse
847 4379 929 4430 testa·
970 4374 1055 4427 quam
1068 4359 1220 4425 Slfflllllffisti
1233 4360 1437 4414 Damfficssnum
1447 4366 1591 4416 ³u⁰i⁰l⁰¹¹¹
1602 4366 1736 4416 testatur·

133 4442 277 4525 rotumuEi
301 4459 381 4525 ergo,
400 4444 556 4526 praesertim
579 4445 760 4512 asseveranti,
789 4434 961 4512 diffideral)
1005 4446 1111 4513 Tertio,
1131 4447 1166 4501 ad
1186 4464 1248 4502 earn
1270 4449 1432 4531 opinionem
1454 4450 1681 4506 confirmandam
1702 4448 1769 4506 illud
1809 4458 1814 4467 '

133 4511 254 4570 hominis
268 4530 329 4569 esse
344 4514 413 4570 milii
427 4514 641 4586 videreturplus
651 4516 709 4571 suis
725 4517 931 4588 suspicionibus
972 4517 1041 4571 mihi
1055 4519 1150 4589 magni
1160 4525 1296 4574 momenti
1309 4526 1359 4587 est,
1373 4520 1447 4592 quod
1457 4526 1490 4575 ut
1499 4521 1614 4576 inlibris
1629 4522 1671 4577 De
1681 4520 1769 4577 citha

133 4600 218 4654 quam
233 4586 399 4642 Christiana·
413 4586 554 4654 charitati,
570 4603 631 4659 quae
645 4587 741 4642 omnia
761 4588 861 4656 credit,
878 4591 931 4645 tri·
972 4590 1043 4643 doxa
1057 4590 1134 4656 Fide,
1153 4608 1185 4646 ac
1198 4591 1316 4663 reliquis
1337 4608 1409 4662 pene
1424 4592 1555 4647 omnibus
1580 4593 1769 4649 Damascenus

133 4652 255 4714 buentis.
972 4661 1089 4716 multae
1105 4662 1218 4728 basilio,
1228 4663 1363 4744 Gregorio
1371 4663 1555 4731 Nazianzen0,
1571 4664 1770 4747 aliisqueejus·

170 4728 228 4800 Ego
242 4729 287 4786 vix
301 4729 398 4786 dubito
427 4727 706 4785 uintotiushistorim
716 4729 931 4787 fundamentum
972 4732 1035 4786 dem
1043 4745 1116 4787 notae
1126 4734 1265 4799 Patribus,
1274 4733 1541 4818 libentercorrogat,
1553 4741 1583 4790 at
1602 4753 1640 4792 ue
1648 4741 1769 4808 integros

134 4814 232 4855 verum
247 4802 297 4883 sit.
311 4802 395 4857 Forte
404 4748 610 4884 'disputationes
621 4801 750 4883 quaedam
765 4802 800 4857 de
815 4802 931 4874 quibus·
972 4821 1045 4874 saepe
1057 4820 1164 4871 versus,
1180 4805 1237 4860 imo
1253 4805 1337 4860 etiam
1351 4810 1426 4861 totas
1436 4807 1565 4876 penades
1580 4753 1615 4861 ii>
1632 4806 1702 4879 ipsis
1714 4822 1771 4863 iau·

133 4869 198 4923 dam
213 4871 278 4926 fider
295 4880 437 4944 mysteriis
449 4872 485 4928 ab
495 4873 660 4928 auctorevel
678 4872 790 4937 additae,
804 4874 848 4930 vel
862 4873 932 4929 dila·
971 4881 1083 4943 tuatur;
1093 4876 1192 4931 eodem
1205 4877 1287 4932 modo
1304 4877 1333 4932 in
1349 4877 1402 4932 hac
1418 4894 1529 4949 quoque
1540 4878 1672 4942 hhteria,
1684 4879 1769 4934 multa

132 4941 289 4997 tatae.Nam
317 4944 345 4997 ni
354 4945 446 5026 potuit
455 4944 598 5017 iosaphat,
610 4960 710 4999 recens
718 4945 753 4999 ad
768 4945 854 5001 fidem
866 4963 931 5002 con·
972 4946 1571 5021 eiiisdcinauctoi·ibus‚supprcssointerim
1581 4951 1770 5023 nomine,pro

131 5027 239 5080 versus,
253 4962 454 5086 tothcripturae
467 5016 535 5072 locis
549 5033 579 5071 se
594 5016 779 5085 communire,
794 5017 843 5089 qui
860 5034 931 5074 nun-
971 5018 1245 5084 duci-animadverti,
1262 5036 1295 5074 ac
1307 5020 1465 5107 praesertim
1480 5037 1514 5076 er
1533 5022 1724 5089 Nazianzeno,
1740 5025 1770 5075 ut

134 5098 220 5154 quam
235 5100 269 5138 ea
282 5085 406 5157 legerat?
971 5106 994 5144 c.
1012 5090 1078 5159 l,8,
1095 5090 1136 5158 10,
1156 5089 1196 5156 11,
1212 5091 1257 5158 15,
1290 5090 1332 5159 lt,
1359 5090 1405 5159 20,
1428 5091 1473 5160 11,
1498 5109 1531 5147 ac
1550 5092 1694 5165 plerisque
1712 5091 1770 5148 aliis

166 5153 260 5211 Habes
272 5161 362 5211 totam
377 5157 450 5212 hanc
463 5157 558 5212 Vitam
573 5162 602 5214 et
617 5158 764 5215 historiam
779 5160 854 5233 apud
862 5160 929 5216 Vin·
969 5160 1049 5217 locis.

130 5226 264 5307 centium,
282 5226 312 5282 in
328 5229 408 5312 Spec.
428 5229 527 5311 histor.
550 5227 599 5283 lib.
624 5245 669 5298 xv,
687 5247 738 5303 per
756 5233 849 5305 capita
868 5246 930 5287 ixrv
1006 5233 1122 5300 Quarto,
1134 5251 1191 5290 non
1206 5235 1296 5289 solum
1311 5233 1346 5289 ab
1359 5234 1415 5290 illis
1425 5232 1555 5291 lubenter
1565 5244 1668 5294 mutuo
1675 5235 1768 5301 sumit,

130 5297 301 5366 distinctam,
317 5316 366 5370 qui
380 5305 527 5372 aanuam
537 5301 694 5359 versionem
708 5305 855 5376 paululum
865 5320 930 5360 con·
971 5303 1020 5359 sed
1036 5306 1122 5360 etiam
1136 5307 1226 5361 multa
1241 5322 1352 5377 quoque
1366 5307 1448 5361 alieit
1468 5324 1501 5362 eir
1527 5307 1607 5363 libris
1624 5311 1666 5366 De
1681 5308 1770 5365 ortho-

130 5368 226 5424 traxit.
970 5376 1042 5431 doxa
1055 5377 1109 5431 tide
1124 5378 1159 5432 ad
1175 5377 1288 5432 verbum
1303 5379 1482 5460 transcripta,
1499 5385 1531 5435 ut
1545 5396 1579 5435 ea
1593 5381 1696 5437 omnia
1711 5395 1769 5451 que

165 5440 257 5513 Magis
271 5445 410 5500 contraxit
421 5444 521 5500 Petrus
530 5445 560 5500 in
568 5446 695 5518 catalogo
704 5452 865 5503 sanctorum
877 5445 927 5501 lib.
970 5464 1031 5520 cap.
1049 5447 1080 5505 15
1095 5449 1129 5503 de
1145 5448 1254 5504 arbitrii
1264 5448 1394 5504 libertate
1410 5450 1543 5522 disputat.
1553 5452 1636 5517 Quod
1646 5451 1767 5528 quidem,

128 5528 160 5593 x,
170 5529 230 5595 cap.
249 5512 309 5570 114.
327 5514 420 5572 Habes
434 5517 575 5587 integram
589 5533 622 5573 eir
632 5518 750 5591 antiqua
758 5519 886 5575 versione
899 5517 930 5574 in
970 5524 1003 5574 ut
1017 5519 1126 5592 opinor,
1142 5537 1199 5574 non
1209 5525 1372 5592 tamaperte
1385 5520 1499 5590 iaceret,
1511 5522 1711 5598 nisitanquam
1721 5537 1769 5578 suo

128 5582 200 5641 Vilis
212 5585 331 5644 Petrum
344 5603 378 5644 eii
392 5586 553 5647 Coloniensi
567 5588 699 5660 editione,
712 5596 742 5649 et
755 5592 830 5666 apud
844 5591 930 5664 hipo-
968 5592 1033 5664 J'ure
1051 5591 1096 5657 iis,
1109 5597 1141 5648 ut
1154 5593 1222 5658 suis,
1235 5598 1373 5649 uteretur.

128 5661 335 5731 minumum.
353 5661 388 5719 V.
1007 5662 1119 5735 Quinto,
1131 5680 1193 5739 cap.
1205 5665 1249 5736 19,
1261 5664 1415 5740 disputatio
1426 5682 1460 5725 ea
1470 5665 1505 5726 de
1514 5665 1698 5742 imaginibus,
1708 5682 1770 5743 qua
