3818 6120
126 282 185 343 &3
782 285 903 342 VERBA
921 282 1117 340 SENIORUM.
1720 276 1774 336 uel

131 407 163 468 iu
176 424 272 465 ereum
282 426 313 466 se
326 411 464 482 relegant,
477 411 593 467 arbitrio
608 429 659 467 suo
677 413 712 467 de
727 413 828 468 saeculo
840 428 933 467 reces-
942 410 1088 473 Aedoctus
1103 424 1143 475 es,
1155 406 1292 463 rusticum
1305 405 1391 461 istum
1401 406 1436 461 de
1446 405 1726 477 cogitationibustuis
1734 405 1777 461 in·

131 503 241 555 terunt.
249 499 302 555 llic
312 505 409 555 autam
417 501 495 568 ordo,
506 502 554 573 qui
565 519 594 556 se
602 503 636 556 ad
647 502 834 558 obediendum
844 501 931 569 dedit,
973 496 1123 570 terrogas?
1146 498 1181 552 Et
1201 496 1249 550 ille
1273 495 1439 567 respondit:
1461 496 1591 551 Latinam
1613 495 1727 568 quidem
1747 499 1777 552 at

131 604 231 646 omnes
240 590 400 645 voluntates
415 607 480 645 suas
493 591 638 662 adjiciens,
649 591 753 662 pendet
762 591 893 647 adDeum
904 596 934 646 et
975 593 1099 652 Graecam
1115 591 1311 653 eruditionem,
1321 594 1458 661 quantum
1468 590 1503 645 ad
1518 591 1654 658 seculum,
1673 605 1775 662 appre-

131 678 168 735 ιε]
181 678 339 751 jussionem
350 679 443 735 Patris
457 679 620 752 spiritualis,
636 687 785 753 propterea
802 687 831 736 et
842 683 933 752 majo·
974 683 1070 751 hendi;
1079 683 1129 737 sed
1144 679 1325 752 alphabetum
1333 679 1430 734 rustici
1444 679 1526 735 istius
1537 679 1657 735 necdum
1669 679 1776 738 discere

129 783 193 825 rem
204 768 325 839 gloriam
339 768 401 823 aliis
415 768 508 824 habet.
523 770 709 842 Quapropter,
725 787 741 825 o
756 770 883 837 lili,bona
892 776 934 826 est
973 772 1063 845 potui.

135 856 307 925 obedientia,
324 875 386 928 quae
399 864 515 931 propter
528 861 618 914 Deum
636 862 677 914 lit.
696 861 836 916 latendite
855 878 931 933 ergo,
1009 860 1036 919 8.
1052 860 1188 916 Dicebant
1197 874 1277 914 senes
1287 857 1353 930 quia
1361 857 1491 912 dederint
1499 858 1615 930 quidam
1625 858 1776 930 aliquando

133 945 196 1011 mii,
212 946 325 1001 virtutis
334 946 422 1019 hujus
432 948 546 1019 aliquod
557 965 590 1003 ex
599 954 679 1020 parta
692 950 851 1021 vestigium.
863 950 934 1006 Obe-
973 951 1005 1006 in
1018 951 1114 1023 Scythi
1129 949 1263 1004 fratribus
1277 963 1380 1020 paucas
1395 946 1509 1014 caricas,
1525 952 1554 1002 et
1565 964 1615 1019 pro
1630 947 1683 1002 hoc
1698 946 1775 1019 quod

132 1033 241 1091 dientia
255 1036 331 1091 salus
345 1040 389 1092 est
399 1037 525 1092 omniurn
539 1038 675 1094 fidelium.
696 1038 864 1095 Obedientia
881 1057 932 1111 ge·
974 1057 1071 1114 paucae
1081 1044 1232 1107 erant,non
1246 1037 1469 1092 transmiserunt
1482 1053 1515 1090 ex
1530 1037 1571 1090 eis
1586 1028 1681 1091 abbati
1688 1037 1775 1092 Arse-

133 1123 220 1182 nitrix
229 1129 274 1180 est
287 1125 413 1180 omnium
423 1127 569 1182 virtutum.
579 1128 746 1184 ohedientia
759 1129 840 1201 regni
849 1131 934 1185 coelo-
974 1131 1031 1196 nio,
1043 1145 1079 1184 no
1090 1129 1167 1184 velut
1179 1127 1314 1200 injuriam
1320 1130 1474 1198 pateretur.
1481 1125 1532 1181 Ille
1542 1130 1637 1181 autem
1646 1142 1711 1181 cum
1721 1125 1774 1181 hoc

132 1229 197 1269 rum
212 1213 353 1269 inventrix
376 1219 428 1270 est.
454 1215 621 1273 Obedientia
640 1219 724 1274 coelos
741 1220 880 1290 aperiens,
905 1226 935 1275 et
974 1218 1108 1285 audisset,
1122 1223 1233 1273 nonest
1249 1216 1470 1287 egressusjuxta
1480 1231 1588 1269 morem
1600 1214 1636 1269 ad
1645 1230 1716 1285 opus
1726 1213 1774 1270 Dei

134 1301 263 1358 homines
279 1303 314 1358 de
324 1305 521 1360 terraolevans
535 1311 588 1361 est.
605 1307 772 1362 Obedientia
789 1309 933 1365 cohabita·
973 1306 1183 1365 cumfratribus
1194 1305 1402 1371 celebrandum,
1418 1304 1531 1359 dicens:
1548 1303 1774 1359 Excommunica·

132 1391 190 1449 trix
201 1392 369 1463 angelorum
384 1399 436 1449 est.
453 1394 792 1453 obedientiasanctorum
806 1398 933 1454 omniurn
973 1399 1025 1454 stis
1039 1414 1094 1465 me,
1110 1402 1141 1452 ut
1156 1412 1212 1450 non
1226 1395 1295 1450 mihi
1308 1394 1414 1449 daretis
1430 1393 1580 1464 eulogiam,
1590 1410 1675 1465 quam
1684 1398 1775 1448 trans

134 1480 214 1537 cibus
229 1487 281 1536 est.
297 1483 336 1537 Ex
354 1482 407 1537 hac
422 1483 496 1539 enim
516 1484 648 1541 ablactati
661 1490 736 1553 sunt,
758 1492 787 1542 et
799 1504 849 1559 per
862 1488 934 1544 hanc
974 1485 1052 1541 misit
1061 1485 1197 1541 Dominus
1211 1483 1356 1549 iratribus,
1368 1500 1401 1537 ex
1411 1499 1468 1554 qua
1482 1498 1535 1553 ego
1550 1498 1607 1536 non
1617 1480 1659 1536 lui
1672 1480 1775 1553 dignus

135 1569 172 1627 ad
180 1571 382 1644 perfectionem
394 1581 543 1631 venerunt.
975 1576 1110 1646 accipere.
1122 1573 1203 1638 Quod
1217 1589 1281 1628 cum
1295 1570 1441 1627 audissent
1453 1588 1560 1638 omnes,
1569 1569 1700 1626 aedificati
1708 1573 1776 1626 sunt

269 1662 441 1720 LIBELLUS
460 1665 618 1722 DECIMUS
637 1664 803 1730 QUINTUS.
975 1665 1005 1720 in
1018 1664 1179 1720 bumilitate
1192 1661 1284 1730 senis;
1300 1666 1330 1716 et
1337 1661 1442 1716 vadens
1456 1661 1603 1733 presbyter
1614 1659 1736 1731 portavit
1750 1659 1776 1716 ei

426 1756 463 1809 lte
476 1755 644 1810 inorditate.
942 1734 1010 1810 Bdo
1024 1753 1123 1809 caricis
1137 1752 1203 1820 illis,
1225 1755 1255 1807 et
1272 1751 1388 1806 adduxit
1410 1767 1476 1805 eum
1499 1750 1531 1806 in
1558 1748 1776 1822 congregatione

170 1839 199 1895 l.
217 1838 310 1896 Abbas
328 1843 478 1910 Antonius,
503 1844 634 1900 deficiens
659 1846 689 1900 in
711 1845 935 1902 consideratione
974 1845 1155 1916 gaudentem.

134 1927 334 2002 profunditatis
341 1932 513 2002 judiciorum
520 1934 580 2000 Dei,
591 1935 849 2006 postulavit,dicens
861 1955 867 1990 :
878 1937 934 1990 Do·
1012 1934 1038 1990 v.
1048 1931 1180 1988 Dicebant
1189 1935 1285 1986 autem
1297 1930 1332 1986 de
1346 1947 1379 1985 eo
1390 1930 1458 2001 quia
1470 1946 1552 1985 nemo
1568 1928 1692 2002 potuerit
1702 1944 1777 1984 com·

135 2016 365 2090 mine,quomodo
376 2021 464 2094 aliqui
475 2022 503 2077 in
512 2040 598 2094 parvo
607 2029 734 2095 tempore
742 2024 803 2079 vite
811 2041 868 2079 suae
878 2041 936 2080 mo·
977 2022 1150 2096 prehendere
1172 2021 1288 2076 modum
1312 2019 1532 2075 conversationis
1559 2019 1631 2090 ejus.
1656 2017 1777 2074 Sedente

133 2106 257 2176 riantur,
273 2114 303 2164 et
316 2109 403 2182 aliqui
417 2112 493 2166 ultra
506 2113 678 2184 decrepitam
688 2114 804 2169 veniunt
811 2119 937 2169 seneetu·
976 2113 1075 2168 eodem
1087 2111 1188 2166 abbate
1200 2109 1319 2165 Arsenio
1331 2106 1776 2181 aliquandoininlerioribuspar·

134 2201 211 2265 tem;
227 2203 256 2253 et
269 2215 356 2270 quare
368 2201 484 2271 quidam
498 2203 638 2272 egestuosi
650 2203 906 2270 sunt,aliiauteml
922 2233 936 2245 ·
976 2202 1052 2257 tibus
1058 2201 1181 2273 AEgypti,
1191 2216 1256 2255 cum
1265 2198 1322 2253 illic
1332 2197 1561 2271 importunitates
1570 2201 1727 2269 pateretur,
1737 2195 1776 2250 vi·

134 2286 288 2344 cultatibus
298 2289 433 2358 ditantur,
441 2295 468 2346 et
474 2293 614 2363 quomodo
623 2292 721 2363 iniusti
729 2293 853 2364 opulenti
859 2298 934 2360 sunt,
977 2295 1091 2346 sumest
1104 2290 1130 2344 ei
1144 2288 1338 2360 derelinquere
1357 2289 1457 2342 cellam
1469 2304 1560 2356 suam;
1571 2292 1601 2342 et
1613 2285 1687 2342 nihil
1697 2302 1731 2340 ex
1744 2301 1779 2341 ea
1866 2338 1871 2345 .

132 2376 204 2449 justi
215 2393 279 2432 vero
293 2384 459 2450 paupertate
473 2383 663 2452 premuntur?
687 2383 722 2436 Et
736 2382 811 2437 venit
828 2382 855 2437 ei
874 2398 934 2449 vox,
977 2380 1079 2436 tollens
1092 2377 1273 2446 secum‚dixit
1281 2377 1425 2449 discipulis
1435 2377 1495 2440 suis
1505 2375 1665 2432 Alexandro
1674 2379 1703 2430 et
1716 2373 1778 2429 Zoi-

136 2465 233 2523 dieens
249 2485 255 2520 :
269 2468 383 2533 Antoni,
395 2468 431 2524 ad
442 2470 566 2541 teipsum
580 2471 713 2539 intende;
731 2472 791 2527 hae
805 2471 880 2526 enim
892 2473 937 2542 ju·
978 2470 1004 2524 lo
1016 2487 1022 2523 :
1035 2471 1087 2536 Τυ,
1100 2469 1267 2533 Alexander,
1275 2467 1393 2522 ascende
1403 2467 1507 2534 navim,
1515 2471 1545 2521 et
1557 2471 1599 2533 tu,
1616 2463 1702 2531 Zoile,
1714 2461 1779 2518 veni

140 2554 217 2611 dicia
228 2555 278 2611 Dei
294 2562 370 2626 sunt,
385 2564 451 2613 ette
465 2559 536 2614 scire
546 2577 581 2615 ea
593 2577 651 2616 non
665 2561 803 2617 convenit.
978 2575 1090 2615 mecum
1104 2559 1237 2630 usquead
1247 2560 1363 2624 ssumen,
1373 2562 1402 2611 et
1408 2572 1501 2628 quaere
1507 2554 1577 2609 mibi
1583 2551 1780 2609 naviculamin

174 2643 201 2701 2.
217 2644 298 2701 Dixit
310 2646 397 2702 abbas
410 2649 550 2704 Antonius
563 2649 658 2706 abbati
672 2650 781 2706 Pastori
798 2669 803 2703 :
819 2651 878 2705 Hoc
896 2655 940 2706 est
979 2649 1177 2705 Alexandriam
1192 2649 1382 2718 navigantem,
1398 2645 1482 2701 etita
1493 2642 1637 2716 navigabis
1651 2642 1738 2698 etiam
1747 2644 1781 2698 tu

138 2749 275 2805 magnum
289 2752 360 2807 opus
373 2737 506 2804 hominis,
525 2743 558 2793 ut
573 2740 685 2810 culpam
704 2757 785 2795 suam
799 2756 884 2812 super
897 2757 940 2796 se·
980 2739 1016 2795 ad
1034 2738 1149 2793 tratrem
1159 2740 1257 2793 tuum.
1273 2735 1414 2792 Turbatus
1428 2739 1525 2789 autem
1539 2733 1632 2788 Zoilus
1649 2731 1679 2786 in
1696 2729 1780 2786 verbo

137 2821 234 2895 ipsum
245 2826 438 2898 unusquisque
452 2832 540 2898 ponat
549 2844 644 2883 coram
658 2829 787 2895 Domino,
800 2834 828 2885 et
841 2846 939 2902 exspe-
981 2829 1044 2895 isto,
1060 2827 1158 2893 tacuit,
1167 2830 1251 2899 atque
1261 2826 1302 2881 ita
1310 2824 1394 2880 divisi
1404 2828 1470 2880 sunt
1479 2823 1514 2878 ab
1521 2822 1649 2878 invicem.
1659 2820 1780 2877 Descen-

138 2914 199 2967 ctet
207 2913 392 2969 tentationem
402 2917 533 2987 usquead
543 2917 744 2973 ultimumvitae
753 2935 809 2973 suae
815 2923 938 2989 tempus.
980 2917 1022 2972 dit
1029 2923 1124 2972 autem
1135 2931 1219 2971 senex
1230 2915 1305 2970 circa
1312 2919 1407 2986 partes
1421 2911 1608 2979 Alexandriae,
1621 2914 1650 2966 et
1663 2914 1781 2982 aegrota·

176 2999 203 3058 3.
219 3001 295 3057 Dixit
309 3003 414 3059 iterum
428 3004 515 3060 abbas
529 3007 669 3062 Antonius
684 3026 690 3062 :
708 3008 772 3062 Vidi
786 3024 883 3063 omnes
902 3008 941 3062 ln·
980 3004 1191 3076 vitaegvitudine
1204 3020 1315 3074 magna.
1325 3001 1460 3073 Discipuli
1470 3006 1566 3056 autem
1576 3001 1638 3071 ejus
1651 2996 1783 3054 dicebant

141 3105 230 3162 queoa
243 3090 300 3162 (ta)
316 3092 422 3148 inimici
437 3100 533 3150 tensos
552 3096 582 3150 in
601 3102 687 3160 terra,
712 3103 740 3151 et
753 3093 1015 3168 ingemiscensCad
1029 3095 1148 3150 invicem
1171 3112 1177 3147 ε
1196 3094 1320 3148 Putasne
1335 3091 1437 3163 aliquis
1452 3094 1582 3145 nostrum
1606 3085 1783 3143 contristavit

139 3177 200 3234 dixi
212 3195 220 3236 :
233 3180 302 3246 Quis
322 3186 406 3252 putas
428 3185 549 3240 transiet
569 3185 659 3241 istos?
679 3187 714 3241 Et
735 3187 829 3241 audivi
844 3203 939 3242 vocem
980 3190 1093 3252 eum,et
1108 3189 1256 3256 propterea
1268 3181 1373 3236 divisus
1387 3185 1457 3235 esta
1470 3178 1573 3235 nobis?
1587 3179 1623 3233 Et
1635 3193 1690 3233 non
1706 3176 1783 3231 inve-

140 3265 279 3324 dicentem
297 3288 304 3324 :
320 3272 481 3328 Humilitas.
981 3275 1098 3330 niebant
1110 3275 1179 3329 inse
1189 3270 1401 3343 ingratitudinis
1411 3283 1635 3339 causam,neque
1647 3264 1784 3338 quiaino-

175 3355 204 3412 t.
225 3358 371 3415 Venerunt
384 3362 534 3434 aliquando
548 3380 629 3419 senes
643 3365 680 3419 ad
702 3364 833 3420 abbatem
852 3367 942 3422 Anto-
982 3365 1126 3420 bedientes
1140 3363 1166 3418 ci
1179 3360 1469 3433 aliquandofuisscnt.
1485 3353 1783 3417 Cumverosanusia·
1821 3426 1827 3435 ι

140 3445 232 3514 nium,
248 3454 277 3503 et
288 3454 349 3504 erat
361 3467 425 3506 curu
439 3452 480 3506 eis
494 3454 581 3508 etiarn
605 3452 690 3509 abbas
704 3455 818 3526 loseph.
838 3455 942 3511 Volens
983 3458 1044 3510 ctus
1059 3454 1159 3508 luisset
1171 3467 1265 3519 senex,
1273 3450 1343 3505 dixit
1357 3449 1393 3503 ad
1406 3448 1530 3521 seipsum
1546 3465 1553 3501 ι
1567 3445 1723 3509 Vadamed
1732 3444 1784 3500 Pa-

137 3540 239 3593 autem
249 3536 336 3594 abbas
343 3541 483 3596 Antonius
489 3542 608 3613 probare
618 3560 674 3610 eos,
687 3544 774 3599 movit
783 3560 942 3600 sermonem
983 3548 1041 3600 tres
1051 3541 1222 3598 meos.Etita
1228 3540 1306 3594 venit
1312 3539 1340 3594 in
1351 3539 1444 3595 locum
1454 3537 1502 3609 qui
1510 3536 1614 3592 dicitur
1628 3535 1722 3602 Petra,
1733 3531 1783 3589 ubi

142 3625 179 3681 de
185 3626 337 3698 Scripturis
349 3630 462 3685 sanctis.
475 3632 509 3686 Et
518 3633 602 3703 capit
610 3633 786 3704 interrogare
796 3651 813 3688 a
820 3634 942 3705 juniori·
984 3637 1066 3690 erant
1074 3630 1227 3705 supradicti
1237 3628 1360 3684 ministri
1367 3628 1513 3699 cinaeum
1520 3641 1585 3681 vero
1589 3627 1671 3696 juxta
1677 3624 1784 3680 ilumen

143 3711 279 3787 bus,quid
288 3722 362 3773 esset
372 3719 473 3775 hocvel
482 3721 552 3775 illud
562 3721 687 3778 verbum.
697 3724 732 3777 Et
748 3724 852 3794 singuli
866 3724 942 3780 dice·
983 3729 1057 3780 esset
1070 3723 1165 3796 puella
1178 3720 1305 3793 quaedam
1315 3717 1612 3790 AEthiopissa,veniens
1623 3714 1718 3785 tetigit
1726 3729 1786 3768 me·

144 3801 216 3860 baut
223 3812 452 3879 proutpoterant.
464 3811 515 3865 Illo
529 3822 625 3866 autem
636 3812 746 3868 dicebat
754 3813 808 3868 eis:
818 3813 945 3869 Necdum
986 3816 1071 3870 lotam
1086 3814 1169 3884 ejus:
1185 3827 1271 3866 senex
1285 3815 1381 3865 autern
1403 3807 1558 3879 increpavit
1573 3804 1706 3860 camilla
1720 3817 1786 3858 vero

143 3889 300 3950 invenistis.
317 3897 385 3951 Post
406 3914 453 3954 eos
475 3916 540 3954 vero
553 3900 623 3955 dixit
643 3900 738 3955 abbati
760 3902 864 3974 loseph
880 3903 944 3957 :Tu
986 3904 1073 3959 dixit:
1087 3898 1399 3966 Simonachuses,vade
1410 3897 1440 3953 in
1454 3895 1784 3966 montemcompunetue

146 3984 287 4054 quomodo
296 3985 366 4040 dicis
377 4004 436 4042 csse
446 3989 561 4044 verbum
571 3991 639 4045 hoci
649 3990 700 4046 Ille
711 3991 873 4062 respondit:
887 3993 944 4047 Ne·
985 3998 1082 4049 autem
1096 3992 1125 4046 in
1140 3992 1192 4045 l1oc
1203 3989 1287 4044 verbo
1301 4005 1396 4052 senex,
1406 3986 1517 4042 dicebat
1530 3985 1566 4041 ad
1582 3984 1723 4056 seipsum:
1734 3983 1786 4037 Ar·

144 4071 215 4128 scio.
230 4073 265 4128 Et
280 4075 351 4130 dixit
368 4075 454 4131 abbas
468 4079 606 4134 Antonius
624 4098 630 4132 ε
647 4080 719 4134 Vere
733 4079 820 4134 abbas
840 4081 944 4153 loseph
986 4081 1056 4148 seni,
1072 4080 1096 4135 si
1110 4080 1265 4134 monachus
1279 4095 1319 4144 es,
1333 4077 1403 4130 vade
1412 4076 1442 4130 in
1456 4079 1591 4129 montem.
1605 4074 1641 4127 Et
1647 4072 1722 4126 inter
1728 4070 1787 4124 haee

146 4160 224 4217 solus
234 4162 339 4219 invenit
352 4165 436 4232 viam,
452 4168 543 4238 quise
557 4169 665 4224 nescire
675 4170 829 4240 respondit.
921 4164 923 4168 ’
986 4174 1169 4227 occurrerunt
1183 4167 1209 4222 oi
1224 4166 1380 4222 Alexander
1392 4169 1420 4220 et
1433 4163 1526 4218 Zoilus
1539 4161 1668 4232 discipuli
1683 4159 1737 4216 sui.
1752 4158 1788 4213 Et

184 4249 210 4306 5.
221 4252 382 4309 Astiterunt
399 4255 551 4328 aliquando
565 4257 661 4313 abbati
674 4258 792 4313 Arsenio
805 4258 946 4315 daemones
987 4277 1051 4317 enm
1065 4258 1231 4314 cecidissent
1244 4255 1280 4310 ad
1294 4254 1379 4325 pedes
1393 4253 1464 4323 ejus,
1480 4250 1600 4323 proiecit
1613 4264 1643 4302 se
1658 4262 1743 4302 senex
1756 4245 1787 4300 in

145 4340 178 4398 in
191 4344 262 4399 cella
276 4345 394 4413 sedenti,
402 4352 431 4401 et
437 4348 610 4404 tribulabant
620 4366 685 4404 eum
699 4367 705 4402 ε
723 4356 945 4421 supervenerunt
984 4356 1070 4416 terra,
1087 4353 1116 4402 et
1129 4346 1235 4401 flebant
1244 4342 1338 4399 simul.
1350 4341 1427 4397 Dixit
1436 4345 1625 4396 autemsanex
1640 4355 1645 4390 :
1658 4337 1722 4392 Non
1734 4349 1787 4389 au-

146 4436 244 4488 xutem
258 4433 369 4503 iratres,
381 4436 429 4507 qui
439 4437 600 4494 ministrare
614 4437 742 4494 solebant
755 4440 790 4506 ci;
801 4444 978 4515 etstantesl)
989 4439 1070 4496 distis
1080 4437 1147 4508 quia
1158 4433 1307 4506 aegrotavit
1322 4433 1358 4487 Et
1371 4431 1504 4486 dixerunt
1518 4429 1543 4484 ei
1562 4447 1568 4482 :
1584 4426 1687 4494 Etiam,
1705 4422 1788 4480 audi·

147 4527 228 4577 extra
236 4523 559 4583 cellamaudiebanteum
568 4528 944 4597 clamantemadDominum,
987 4530 1087 4585 vimus.
1105 4527 1140 4581 Et
1152 4523 1296 4580 illedixit:
1308 4522 1401 4588 Quare
1415 4537 1472 4576 non
1486 4517 1602 4574 venistis
1615 4515 1710 4571 videre
1719 4510 1788 4568 mei

147 4614 179 4665 et
193 4609 348 4667 dicentem:
364 4614 492 4682 Domine,
508 4632 565 4671 non
578 4633 625 4671 ma
637 4616 947 4689 derelinquas,quiani·
989 4620 1024 4675 Et
1043 4617 1115 4673 dixit
1133 4613 1310 4669 Alexander:
1328 4611 1401 4676 Quia
1419 4608 1518 4665 divisio
1530 4615 1581 4663 tua
1603 4603 1715 4660 anobis
1729 4617 1787 4658 non

149 4699 191 4756 bil
209 4701 276 4757 boni
294 4702 347 4758 feci
365 4721 459 4760 coram
473 4711 511 4760 te.
527 4706 582 4762 Sed
597 4711 699 4778 praesta
713 4707 794 4773 mihi,
816 4708 945 4776 Domine,
988 4708 1043 4763 luit
1053 4705 1134 4761 nobis
1144 4700 1448 4773 tolerabilis,quoniam
1459 4703 1487 4753 et
1499 4696 1581 4752 multi
1596 4712 1629 4751 ex
1639 4710 1673 4749 ea
1685 4691 1789 4748 contri-

147 4792 305 4848 necandum
320 4792 522 4867 benignitatem
536 4800 625 4866 tuam,
637 4797 737 4852 saltem
750 4797 834 4852 modo
846 4797 949 4853 babere
990 4797 1057 4853 stati
1072 4799 1147 4862 sunt,
1157 4793 1297 4848 dicentes:
1310 4789 1372 4846 Nisi
1385 4786 1578 4844 inobedientes
1592 4780 1787 4850 luissentseni,

148 4878 224 4937 bene
237 4884 347 4939 vivendi
361 4886 509 4958 principia.
670 4927 672 4930 >
989 4901 1136 4958 nunquam
1150 4900 1179 4937 se
1191 4885 1349 4954 separasset
1358 4878 1395 4933 ab
1409 4876 1460 4934 eis.
1481 4876 1516 4932 Et
1536 4874 1608 4930 dixit
1620 4873 1661 4929 eis
1678 4887 1763 4928 senex
1779 4890 1786 4928 ε

187 4971 213 5027 6.
229 4972 365 5028 Dicebant
384 4981 479 5030 autem
499 4977 534 5031 de
554 4992 587 5031 oo
609 4976 657 5048 qui
679 4993 773 5049 supra,
790 4977 857 5049 quia
878 4976 951 5033 sicut
991 4977 1028 5032 Et
1048 4990 1099 5046 ego
1117 4971 1233 5042 cognovi
1249 4969 1316 5042 quia
1334 4968 1387 5023 hoc
1402 4966 1543 5022 diceretur
1554 4981 1561 5032 ;
1572 4964 1622 5019 sed
1635 4961 1792 5018 tamenite·

151 5060 220 5116 dum
232 5061 262 5116 in
276 5061 380 5133 palatio
390 5070 474 5132 esset,
495 5080 577 5119 nemo
597 5065 761 5121 melioribus
774 5065 898 5121 vestibus
917 5083 950 5121 eo
991 5076 1056 5117 rum
1070 5056 1173 5112 dicturi
1189 5059 1256 5110 snat
1270 5052 1398 5108 homines
1414 5068 1419 5104 :
1433 5050 1505 5116 Quia
1517 5065 1574 5104 1¹0ss
1588 5047 1733 5103 issltfliffl
1746 5061 1791 5102 ω·

151 5148 301 5218 utebatur3
316 5151 358 5206 ita
378 5158 407 5207 et
424 5154 491 5208 dum
506 5153 535 5207 in
555 5155 765 5209 conversatione
778 5159 949 5221 moraretur,
991 5147 1088 5205 lumba
1100 5145 1227 5217 requiem
1241 5141 1359 5216 pedibus
1373 5141 1440 5208 suis,
1456 5155 1569 5195 reversa
1583 5143 1626 5195 est
1639 5138 1675 5194 ad
1688 5137 1748 5192 Noe
1761 5133 1792 5191 iu

152 5254 236 5295 nemo
251 5256 284 5295 eo
294 5241 375 5296 vilius
388 5241 537 5312 tegebatur
547 5245 638 5310 tltuff,
652 5247 670 5297 t.
686 5258 729 5312 111,
746 5260 775 5300 a.
787 5241 841 5312 37).
992 5254 1087 5295 arcam
1107 5237 1183 5306 (tien.
1200 5237 1271 5301 vurl.
1292 5233 1325 5287 In
1339 5232 1393 5287 hoo
1407 5229 1494 5302 igitur
1515 5228 1599 5285 verbo
1621 5226 1711 5284 curati
1725 5226 1791 5281 suut

189 5329 217 5384 i.
239 5331 311 5385 Cum
328 5331 517 5403 interrogaret
540 5331 691 5404 aliquando
714 5331 802 5387 abbas
816 5332 951 5387 Arsenius
995 5327 1083 5384 animi
1103 5324 1304 5396 discipulorum
1321 5323 1392 5393 ejus,
1411 5324 1440 5376 et
1453 5321 1744 5392 permanseruntcum
1758 5326 1791 5368 eo

154 5420 306 5490 quemdam
321 5436 417 5476 senem
424 5421 628 5494 AEgyptiumde
637 5426 701 5487 (η
710 5422 953 5492 leogitationibus
996 5434 1086 5489 usque
1100 5415 1136 5470 ad
1149 5413 1284 5469 ultimum
1293 5412 1356 5467 vitae
1371 5410 1459 5483 ipsius
1473 5415 1595 5482 tempus.

154 5508 224 5577 suis,
235 5509 309 5565 alius
322 5510 419 5566 videns
429 5528 494 5566 eum
504 5512 575 5566 dixit
585 5530 591 5566 ε
602 5510 681 5566 Abba
690 5511 803 5581 Arseni,
814 5511 952 5583 quomodo
1031 5507 1085 5573 Qui
1093 5522 1157 5560 cum
1163 5500 1440 5571 moreretur,turbati
1448 5505 1517 5556 sunt
1528 5499 1608 5554 valde
1618 5495 1789 5569 (bulini-¹1¹»

132 5602 198 5670 «ω,
215 5599 264 5671 qui
277 5604 364 5659 tautae
382 5601 547 5659 eruditionis
556 5602 587 5659 in
598 5602 699 5659 Latina
709 5606 737 5659 et
748 5602 846 5659 Graeca
856 5600 955 5672 lingua
997 5615 1026 5659 n.
1039 5595 1112 5668 leat.
1128 5595 1162 5652 Et
1176 5593 1247 5652 dixit
1259 5594 1315 5650 eis:
1328 5591 1464 5651 Nondum
1474 5589 1552 5648 venit
1562 5589 1648 5657 hora3
1664 5598 1730 5642 oum
1743 5595 1793 5643 cu·
