3818 6120
127 301 181 361 575
636 303 1250 366 aav1r1sexrauunaaaen1uus
1711 283 1763 345 ⁵7⁶

130 439 230 491 teactae
239 436 303 491 vitae
313 435 486 507 paenitudine
501 434 616 490 affectus
627 441 670 491 est
682 455 688 502 ;
700 442 785 508 atque
796 437 961 497 condem-A
1004 437 1133 491 Theudas
1148 433 1233 506 igitur
1250 432 1294 486 his
1314 427 1405 484 verbis
1429 424 1583 481 institutus,
1608 416 1706 473 statim
1730 430 1763 469 ex

130 531 196 579 nato
211 526 349 580 idolorum
359 542 463 590 errore,
474 526 628 597 adpictatis
640 526 729 580 lucem
748 527 878 592 accurrit,
895 543 927 581 ac
968 524 1032 579 aula
1047 525 1163 589 excedit,
1185 528 1269 593 atque
1282 520 1317 574 ad
1332 519 1496 573 sceleratam
1506 510 1670 583 speluncam
1685 519 1765 558 suam

130 615 259 684 deinceps
270 632 287 667 a
297 615 432 669 scelerata
440 616 712 670 etexsecrandavitre
721 616 829 669 ratione
838 632 927 687 usque
968 614 1117 685 proiectus.
1129 612 1254 681 magicos
1266 609 1351 664 libros
1361 622 1426 660 suos
1440 609 1576 673 braquam
1589 594 1766 652 scelerisome

130 704 199 756 adeo
214 721 274 758 sese
293 706 419 769 removit,
435 710 602 774 tantumque
617 722 680 758 cuni
697 705 825 776 turpibus
840 706 927 759 animi
969 704 1012 757 nis
1024 702 1171 774 primitias,
1181 718 1212 755 ac
1222 686 1764 753 diabolicorumarcanorumthesauros,

130 793 322 847 allectionibus
333 793 724 864 magicisqueartibusbellum
732 795 828 865 gessit,
842 812 929 865 quan·
969 792 1098 848 excussit.
1116 792 1178 862 lpse
1194 794 1287 843 autem
1303 787 1338 840 ad
1357 781 1527 838 sacrosancti
1542 778 1619 832 illius
1642 774 1707 839 viri,
1733 770 1767 824 ad

130 886 190 935 tum
201 887 266 936 ante
277 884 380 937 amoris
391 884 479 937 faedus
489 900 553 937 cum
563 884 630 954 ipsis
642 883 764 938 ferierat.
787 885 858 939 Nam
868 890 928 939 tum
969 900 1053 954 quem
1065 882 1150 936 etiam
1161 880 1273 935 Naclror
1282 878 1451 948 perrexerat.
1459 877 1571 925 antrum
1580 881 1642 921 sese
1650 861 1766 926 confert,

131 970 159 1023 in
170 972 386 1026 mediononcilio
395 974 656 1044 stanspraesidente
667 991 740 1043 rege,
753 990 929 1046 magnavoce
970 989 1120 1045 rerumque
1134 986 1248 1026 suarum
1265 966 1391 1022 omnium
1402 967 1506 1017 statum
1518 958 1572 1030 ipsi
1587 952 1713 1026 exponit,
1726 966 1769 1004 ca·

132 1060 313 1115 exclamavit:
332 1063 412 1128 Vere,
429 1079 512 1125 orex,
525 1063 640 1134 spiritus
653 1063 741 1117 Delia
750 1064 806 1118 filio
816 1069 865 1119 tuo
877 1066 928 1119 ha·
970 1064 1022 1135 piti
1037 1080 1087 1117 suo
1095 1069 1201 1116 terram
1211 1072 1372 1130 aspergens,
1383 1045 1665 1124 gravesquegemitus
1673 1042 1767 1105 edens,

132 1148 213 1214 bitat,
229 1167 294 1204 vere
304 1149 666 1222 fractiacsuperatisumus,
679 1169 730 1207 nec
739 1154 928 1209 defensionem
971 1170 1003 1208 ac
1015 1153 1137 1224 seipsum
1152 1148 1283 1220 lacrymis
1294 1143 1472 1217 perfundens,
1483 1137 1647 1205 nefariaque
1658 1129 1768 1186 suassa-

93 1267 97 1275 ·
132 1239 219 1292 ullam
235 1239 380 1306 habemus,
396 1258 447 1294 nec
461 1242 495 1295 ad
506 1258 539 1295 ea
553 1259 614 1312 queo
630 1241 664 1295 ab
680 1242 739 1314 ipso
759 1260 929 1298 commemo·
970 1243 1041 1314 gitia
1054 1242 1114 1297 seni
1130 1240 1227 1295 ordine
1243 1248 1474 1291 commemorans.
1490 1228 1540 1284 llle
1554 1230 1662 1286 autem,
1676 1225 1709 1275 ut
1723 1217 1769 1289 qui

134 1333 195 1381 rata
208 1335 283 1392 sunt,
303 1330 344 1383 vel
354 1331 530 1401 oculosipsos
543 1331 686 1386 obvertere
698 1349 856 1402 possumus.
873 1334 930 1387 Ma-
972 1332 1070 1386 salutis
1085 1330 1184 1384 animae
1195 1325 1352 1387 afferendae,
1369 1328 1452 1391 atque
1462 1336 1495 1374 ex
1504 1312 1661 1385 versipellis
1675 1310 1770 1363 draco-

133 1433 205 1487 gnus
219 1418 307 1487 igitur
322 1435 417 1473 revera
426 1420 650 1474 Christianorum
662 1422 736 1475 Deus
752 1427 814 1488 est,
828 1439 931 1493 magna
972 1416 1302 1488 nisfaucibuseripiendae
1312 1411 1499 1485 peritissimus
1507 1411 1590 1469 esset,
1598 1397 1769 1498 salutaribus

134 1506 221 1577 ipsius
236 1508 315 1568 tides,
333 1525 436 1577 magna
451 1511 593 1581 mysteria.
972 1510 1063 1565 verbis
1072 1497 1769 1569 eumdemulcetaoeoeaevelutexcantat,venram

170 1598 325 1650 Conversus
335 1597 429 1668 itaque
440 1598 474 1652 ad
486 1600 560 1668 regis
571 1600 669 1660 filium,
681 1601 737 1655 ait:
753 1602 812 1668 Dic,
825 1619 929 1674 quaeso,
972 1600 1100 1671 spondet,
1117 1614 1149 1651 aa
1163 1595 1314 1668 propitium
1331 1597 1359 1645 et
1373 1589 1481 1643 facilem
1503 1585 1555 1656 ipsi
1572 1581 1700 1652 iudicem
1715 1577 1772 1630 fore

133 1701 149 1736 o
164 1685 240 1738 claro
253 1702 286 1739 ac
302 1686 402 1740 illustri
415 1688 509 1741 animo
521 1690 643 1759 praedite,
662 1691 774 1745 Deusne
792 1707 836 1746 me
850 1710 930 1746 exce·
972 1689 1128 1761 pollicetur.
1145 1687 1184 1740 nc
1201 1689 1297 1756 postea
1312 1697 1376 1735 cum
1391 1694 1455 1733 eum
1466 1672 1632 1730 Christianae
1647 1667 1714 1722 fidei
1729 1681 1773 1718 ru·

133 1779 232 1843 pturus
246 1780 297 1837 est,
310 1776 333 1828 si
343 1775 377 1828 ab
395 1776 529 1847 improbis
539 1778 695 1833 actionibus
710 1780 870 1847 abscedens,
896 1783 931 1836 ad
942 1777 1105 1856 Bdimentis
1119 1774 1276 1835 imbuisset,
1292 1770 1502 1837 multorumque
1512 1763 1620 1817 dierum
1631 1755 1773 1829 jejunium

133 1877 198 1917 eum
213 1867 546 1932 meconverteroiSane,
568 1868 659 1938 inquit
682 1870 808 1924 veritatis
831 1888 930 1941 praeco,
973 1866 1028 1939 ipsi
1043 1866 1201 1927 indixisset,
1218 1877 1282 1916 eum
1297 1858 1389 1914 divino
1410 1855 1549 1926 baptismo
1573 1845 1715 1903 lustravit.
1737 1843 1775 1897 Ac

135 1952 932 2031 sane,inquamdeexcipiet,omnesqueitemquiadipsum
973 1956 1104 2027 deinceps
1120 1968 1291 2026 peromnem
1307 1949 1491 2003 vitaecursum
1502 1942 1549 1996 ille
1559 1939 1671 1994 sincero
1681 1934 1774 2032 animo

134 2056 195 2094 sese
210 2044 406 2097 converterint.
418 2045 475 2099 Nec
486 2062 550 2099 vero
562 2046 669 2117 vulgari
693 2049 775 2101 modo
791 2050 909 2121 excipiet
924 2068 930 2118 ;
973 2047 1008 2100 de
1024 2045 1154 2099 admissis
1170 2041 1321 2097 sceleribus
1335 2033 1530 2108 paenitentiam
1544 2029 1611 2099 agit,
1627 2027 1774 2096 lacrymis·

133 2146 229 2184 verum
244 2137 276 2185 ut
288 2132 371 2187 filiae
386 2134 539 2205 longinqua
557 2136 670 2206 regione
695 2136 822 2191 redeunti
847 2142 933 2205 (Lara
974 2152 1027 2207 que
1040 2152 1072 2188 ac
1085 2131 1238 2203 gemitibus
1253 2130 1342 2184 Deum
1358 2127 1470 2197 placare
1484 2120 1600 2176 studuit.

135 2224 187 2283 xvi,
204 2219 255 2273 hoc
270 2226 321 2286 est,
340 2237 356 2273 a
371 2222 506 2276 scelerata
522 2224 582 2278 vitae
599 2225 708 2279 ratione
727 2226 762 2279 ad
787 2227 932 2281 meliorem
1010 2225 1074 2278 Car.
1090 2235 1189 2276 xxxnx.
1202 2253 1233 2264 -
1244 2218 1311 2283 Qua
1326 2232 1388 2270 cum
1400 2215 1434 2268 ad
1449 2213 1524 2267 hunc
1538 2208 1655 2263 modum
1670 2201 1774 2258 evenis·

134 2309 243 2378 frugem
259 2327 319 2363 sese
334 2312 516 2378 convertenti,
539 2311 646 2366 obviam
663 2314 793 2384 prodibit,
812 2332 932 2387 eumque
974 2320 1045 2370 sent,
1062 2329 1109 2365 rex
1124 2299 1640 2379 consiliiinapiaundiquedcstitutus,
1657 2295 1686 2349 in
1696 2291 1773 2364 gravi

135 2399 320 2468 amplectetur
335 2406 363 2453 et
381 2400 604 2468 exosculabitur;
625 2419 657 2455 ac
681 2405 786 2475 peccati
807 2404 933 2461 foeditate
974 2404 1056 2475 planc
1072 2416 1190 2455 moerore
1205 2397 1378 2459 versabatur,
1391 2393 1540 2460 animoque
1552 2399 1725 2456 magnopere
1734 2384 1775 2452 ja·

135 2483 271 2549 detracta,
284 2487 377 2540 statim
387 2488 439 2556 ipsi
448 2489 643 2544 vestimentum
655 2492 787 2546 salutaris
797 2493 931 2564 imponet,
975 2491 1112 2546 ctabatur.
1123 2490 1227 2543 Coacta
1239 2493 1333 2540 autem
1344 2497 1456 2538 rursum
1471 2485 1580 2539 senatu,
1596 2474 1735 2545 quidnam
1742 2470 1775 2525 de

136 2573 356 2644 charissimaque
370 2576 466 2645 gloriae
478 2578 550 2631 stola
562 2595 626 2632 eum
640 2579 767 2646 induem,
786 2583 934 2654 mysticum
975 2582 1032 2636 tilio
1048 2572 1464 2646 suoiaceretdispiciebat.Cum
1475 2574 1569 2622 autern
1578 2563 1661 2619 multi
1672 2562 1776 2616 multas

136 2662 264 2730 supernis
279 2662 427 2718 virtutibus
437 2667 550 2735 epulum
563 2674 685 2739 peraget,
698 2669 733 2723 ob
745 2677 886 2743 receptam
897 2674 935 2727 vi·
975 2668 1128 2725 sententias
1141 2668 1169 2721 in
1183 2665 1306 2720 medium
1321 2660 1513 2733 protulissent,
1529 2654 1656 2710 Arar-lies
1670 2651 1728 2712 ille,
1743 2649 1776 2702 de

136 2749 236 2803 delicet
249 2766 327 2805 ovem
337 2753 474 2822 perditam
482 2755 582 2809 festum
591 2757 666 2810 diem
678 2758 932 2832 celebrandurn),
976 2775 1031 2830 quo
1047 2756 1176 2828 superius
1191 2753 1363 2808 mentionem
1371 2749 1497 2809 fecimus,
1509 2745 1556 2816 qui
1564 2750 1592 2798 et
1602 2743 1709 2796 ducum
1717 2755 1776 2794 om·

136 2839 258 2909 ipsemet
273 2840 348 2894 enim
358 2842 598 2915 Dominusingens
609 2847 638 2901 in
654 2848 722 2901 coelo
731 2850 934 2918 gaudiumesse
976 2849 1053 2902 niun]
1069 2844 1318 2909 clarissimuserat‚
1332 2846 1360 2895 ct
1372 2838 1525 2911 principem
1532 2835 1562 2889 in
1575 2837 1676 2887 senatu
1685 2831 1777 2884 locum

136 2926 206 2980 dixit
220 2944 305 2999 super
317 2946 372 2984 uno
384 2939 528 3002 peccatore
544 2935 736 3005 paenitentiam
761 2947 870 3009 agente.
896 2942 935 2995 Ac
976 2934 1129 2992 obtinebat.
1146 2934 1191 2987 his
1205 2933 1240 2986 ad
1255 2946 1351 3000 regem
1367 2927 1458 2981 verbis
1468 2941 1534 2979 usus
1548 2928 1603 2978 est:
1622 2919 1774 2985 Quidnam,

135 3033 247 3071 rursum
261 3036 266 3070 :
280 3019 343 3073 Non
354 3021 416 3074 veni
430 3038 526 3076 vocare
536 3025 636 3093 justos,
652 3026 701 3079 sed
718 3034 878 3098 peccatores
900 3029 936 3084 ad
977 3044 993 3081 o
1006 3043 1063 3090 rex,
1080 3024 1137 3078 filio
1152 3029 1201 3077 tuo
1215 3020 1306 3074 facere
1319 3017 1444 3090 aportuit
1458 3013 1531 3086 quod
1543 3029 1599 3067 non
1615 3009 1776 3072 fecerimus,

135 3105 329 3176 poenitentiam
353 3110 440 3175 (luca
464 3118 497 3176 v).
521 3112 555 3165 Et
581 3129 632 3183 per
656 3115 840 3186 proplietam:
866 3114 1009 3174 VivoCut
1023 3115 1057 3169 ad
1069 3111 1212 3184 sequenda
1222 3109 1468 3178 nostradogmata,
1477 3105 1780 3173 deosquenostrosco·

135 3211 195 3265 ego,
213 3196 280 3250 dicit
296 3197 451 3264 Dominus;
472 3201 536 3254 nolo
560 3209 678 3256 mortem
698 3206 860 3274 peccatoris.
884 3207 934 3262 sed
975 3205 1071 3258 lendos
1086 3219 1151 3257 eum
1165 3198 1380 3255 induceremus?
1390 3197 1546 3250 Verum.ut
1559 3190 1652 3255 video,
1667 3189 1775 3259 impos·

135 3286 224 3355 magis
234 3291 266 3339 ut
277 3293 456 3343 convertatur
466 3307 482 3343 a
492 3290 536 3343 via
545 3307 596 3345 sua
607 3297 634 3346 et
647 3292 728 3346 vivat.
748 3294 934 3350 Convertimi·
975 3291 1269 3363 sibiliaaggredimur:
1282 3287 1551 3360 siquidemanatura
1560 3277 1775 3351 ipsi,autetiam

135 3373 164 3426 ni
180 3391 196 3429 a
213 3375 255 3429 via
269 3383 363 3431 vestra
383 3379 475 3444 mala,
499 3386 528 3433 et
551 3396 637 3451 quare
663 3382 819 3437 moriemini
835 3385 934 3440 domus
975 3383 1093 3438 fortasse
1107 3400 1124 3435 a
1142 3382 1263 3446 fortuna,
1281 3376 1435 3450 pervicacia
1449 3380 1477 3430 et
1491 3372 1578 3427 animi
1594 3369 1717 3424 durities
1734 3367 1774 3421 in·

134 3463 244 3518 Israeli
259 3465 394 3537 iniquitas
404 3467 493 3538 iniqui
506 3485 561 3522 non
576 3470 687 3525 nocebit
697 3472 932 3546 elinquacunque
976 3473 1031 3526 sita
1047 3479 1098 3526 est.
1120 3472 1218 3540 lt'aque
1233 3469 1256 3523 si
1271 3469 1363 3540 ipsum
1384 3463 1527 3536 suppliciis
1551 3478 1582 3515 ac
1605 3455 1772 3514 cruciatibus

135 3552 180 3606 die
194 3570 342 3608 conversus
362 3555 447 3609 fuerit
463 3556 498 3610 ab
522 3557 671 3628 iniquitate
695 3576 754 3626 sua,
783 3567 811 3615 et
836 3561 932 3619 fecerit
973 3561 1084 3615 afficere
1108 3559 1138 3613 in
1159 3559 1285 3612 animum
1310 3554 1462 3616 induxeris,
1492 3558 1553 3606 tum
1573 3550 1636 3621 ipse
1670 3552 1772 3601 natum

133 3642 283 3711 justitiam,
309 3649 338 3697 et
355 3644 384 3698 in
408 3645 541 3700 mandato
565 3647 627 3701 vitm
654 3649 847 3716 ambulaverit,
876 3653 932 3707 rita
973 3652 1082 3705 hostem
1109 3655 1136 3703 te
1168 3646 1319 3719 praebebis,
1348 3643 1491 3716 patrisque
1519 3656 1624 3695 nomen
1648 3637 1770 3699 amittes,

135 3730 216 3794 viret,
231 3738 322 3785 etnon
332 3733 468 3787 morietur
494 3735 596 3789 Omnia
609 3744 723 3806 peccata
733 3756 793 3809 quae
808 3741 930 3809 admisit,
972 3746 1034 3794 tum
1058 3739 1146 3811 ipsius
1171 3739 1312 3808 jacturam
1335 3733 1429 3799 facies,
1453 3736 1486 3785 ut
1508 3729 1557 3800 qui
1585 3745 1638 3800 pro
1666 3727 1771 3782 Christo

136 3836 191 3873 non
202 3820 443 3887 memorabuntur,
455 3824 520 3893 quia
533 3825 705 3894 judiciumot
709 3828 850 3897 justitiam
859 3830 932 3898 fecit,
976 3833 1095 3884 mortem
1120 3830 1252 3899 appetere
1273 3830 1389 3896 paratus
1412 3821 1459 3875 sit.
1485 3818 1635 3890 Reliquum
1659 3821 1704 3871 est
1726 3815 1771 3886 igi·

136 3908 165 3962 in
180 3909 247 3979 ipsis
262 3909 334 3963 vivet
344 3911 448 3976 (doceb.
458 3918 563 3982 xxxm).
578 3914 617 3967 nc
631 3931 743 3970 rursum
755 3934 805 3987 per
814 3918 934 3974 alterum
975 3923 1022 3972 tur
1050 3923 1081 3972 ut
1108 3917 1181 3970 hanc
1207 3914 1346 3969 rationem
1368 3913 1456 3970 ineas,
1483 3924 1585 3979 nempe
1608 3912 1640 3961 ut
1659 3920 1772 3977 τεςηιιω

128 3999 302 4073 proplietam
319 4000 745 4069 exclamat·Laramini,mundi
765 4012 933 4074 estote‚·au-
975 4024 1039 4062 cum
1054 4024 1087 4060 eo
1102 4005 1242 4077 partiaris,
1269 4003 1350 4074 eique
1370 4001 1399 4055 in
1423 4016 1457 4055 ea
1473 4007 1561 4070 »parto
1577 4014 1640 4068 quae
1661 3997 1772 4050 adeum

135 4088 204 4143 ferte
216 4088 698 4160 malumcogitationumvestrarum
708 4094 743 4148 ab
756 4096 842 4150 oculis
851 4098 930 4164 meis,
974 4096 1122 4151 attinuerit
1145 4095 1215 4166 regii
1243 4092 1367 4146 muneris
1396 4086 1674 4145 administrationem
1702 4101 1772 4139 com·

135 4178 271 4251 quiescite
281 4195 364 4249 agere
374 4195 514 4251 perverse,
529 4180 628 4235 discite
637 4181 806 4239 benefacere.
829 4186 858 4240 Si
872 4186 932 4242 fue·
974 4186 1080 4240 mittas.
1097 4186 1136 4238 Ac
1151 4184 1173 4238 si
1187 4183 1300 4254 quidem
1312 4179 1489 4251 negotiorum
1500 4180 1611 4242 natura,
1623 4189 1773 4245 rerumque

134 4268 193 4322 rint
207 4274 320 4339 peccata
335 4274 427 4323 vestra
441 4269 514 4323 sicut
522 4271 673 4338 coccinum,
688 4275 877 4344 tanquamnix
888 4276 934 4330 de·
975 4274 1182 4329 mundanarum
1197 4287 1336 4326 curaeum
1350 4269 1384 4322 ad
1393 4267 1554 4322 institutum
1565 4263 1773 4318 nostrumvita

135 4358 323 4425 amabuntur,
357 4365 386 4412 ct
406 4358 429 4411 si
444 4358 548 4413 fuerint
563 4359 649 4413 rubra
664 4362 740 4416 relat
754 4364 931 4430 vermiculus,
975 4360 1359 4435 quagenusamplectendnm
1374 4355 1571 4429 pertraxerint,
1587 4370 1632 4407 res
1648 4350 1773 4407 nobisex

134 4447 284 4502 Sissuilassst
297 4446 360 4500 ‘liba
370 4452 454 4500 esunt
467 4449 555 4513 (isaia
569 4452 598 4509 li·
610 4448 680 4504 Oum
697 4451 783 4521 igitur
799 4453 840 4507 hae
854 4455 933 4527 polli-
943 4451 1113 4533 Dsententia
1128 4451 1265 4505 succedet.
1283 4450 1374 4503 liores
1392 4446 1497 4501 etenim
1519 4444 1548 4498 in
1576 4443 1675 4497 animo
1695 4441 1772 4496 rebe·

133 4537 282 4590 citationes
290 4534 324 4588 iis
335 4534 573 4605 quiadmeliorem
581 4537 759 4608 frugemscse
766 4544 930 4613 receperint,
974 4547 1084 4596 menter
1098 4539 1269 4594 corroborati
1285 4553 1358 4609 aegre
1372 4534 1495 4607 expungi
1508 4538 1594 4604 atque
1617 4529 1773 4587 oblitterati

135 4640 152 4678 a
165 4625 222 4678 Deo
233 4623 456 4694 propositaesint3
474 4639 509 4677 nc
519 4626 692 4690 cuncteris,o
705 4628 799 4694 homo,
811 4647 862 4685 nec
872 4650 932 4687 mo·
974 4636 1100 4703 possunt,
1117 4629 1320 4698 verborumque
1326 4622 1566 4698 potiusblanditiis
1574 4638 1662 4692 quam
1670 4621 1697 4675 vi
1703 4636 1774 4674 com-

135 4728 196 4766 ram
212 4714 297 4767 ullam
305 4712 440 4767 adhibeas
453 4732 459 4780 3
471 4729 565 4766 rerum
578 4715 611 4767 ad
624 4716 766 4772 Christum
779 4718 931 4791 benignum
973 4725 1128 4774 mutantur.
1145 4719 1195 4773 Sin
1218 4723 1312 4772 autem
1335 4716 1365 4770 in
1390 4712 1616 4769 Christianorum
1637 4709 1774 4780 religione

134 4802 223 4856 Deum
239 4808 367 4857 nostrum
382 4803 491 4868 accede,
503 4808 532 4856 et
545 4803 714 4871 illuminare,
732 4813 760 4861 et
774 4808 857 4863 facies
882 4817 933 4865 tua
972 4808 1136 4881 perstiterit,
1151 4807 1220 4861 illud
1237 4807 1327 4877 ipsum
1343 4808 1428 4868 certe,
1444 4801 1520 4872 quod
1535 4799 1592 4854 filio
1606 4814 1665 4854 non
1681 4799 1721 4854 sis
1734 4815 1774 4853 or·

134 4905 192 4943 non
206 4891 391 4946 confundetur
406 4894 488 4957 (bsai.
505 4895 600 4961 xxxvl).
618 4894 689 4947 Nam
706 4895 790 4950 simul
805 4910 890 4970 atque
902 4900 931 4955 in
972 4897 1064 4958 batus,
1077 4912 1226 4951 merorem
1241 4900 1322 4949 tuum
1337 4893 1432 4963 aliqua
1455 4909 1488 4947 ex
1512 4894 1593 4962 parte
1621 4887 1773 4959 mitigabit.

134 4979 220 5032 divini
234 4979 410 5051 baptismatis
424 4980 559 5050 piscinam
583 4980 732 5039 immersus
752 4985 847 5052 fueris,
872 4993 932 5044 tota
973 4986 1280 5041 Hancorationemcum
1289 4976 1775 5050 Aracheshabuisset.omnesipsiua

134 5068 235 5122 veteris
249 5067 370 5122 hominis
385 5069 542 5140 spurcities,
559 5075 642 5141 atquc
656 5071 931 5132 universascelerum
974 5075 1142 5131 sententiam
1161 5072 1389 5145 comprobarunt,
1412 5087 1446 5125 ac
1471 5068 1588 5142 proinde
1611 5084 1663 5122 rex
1685 5084 1716 5123 se
1737 5067 1776 5122 ita

134 5156 244 5212 sarcina
258 5157 287 5211 in
300 5173 373 5227 aqua
387 5158 546 5228 sepelietur,
563 5166 647 5230 atque
656 5160 685 5214 in
695 5161 814 5219 nihilum
829 5164 932 5223 diram
973 5173 1101 5220 actarum
1116 5163 1243 5218 assensit.

133 5254 199 5312 tur;
216 5252 305 5317 tuque
320 5262 407 5300 novus
422 5247 498 5300 illinc
513 5263 545 5300 ac
559 5264 666 5315 recena,
692 5256 777 5322 atque
798 5252 832 5307 ab
856 5256 933 5310 omni
1009 5247 1775 5326 ltaqucpostridiecumilluxisset,filiumaocivit,eum·

132 5337 195 5393 labe
207 5352 295 5408 purus
310 5336 487 5401 conscendes,
508 5336 613 5391 nullam
638 5340 744 5408 peccati
766 5341 858 5397 labem
881 5351 931 5401 aut
971 5361 1025 5417 que
1039 5345 1080 5397 ita
1093 5348 1135 5397 est
1148 5343 1301 5396 allocutus:
1319 5340 1365 5395 llic
1382 5339 1460 5403 mihi,
1484 5355 1501 5392 o
1519 5342 1595 5404 nate,
1614 5344 1793 5408 postremas.

133 5443 233 5498 rugam
245 5431 340 5480 tecum
353 5423 454 5478 ferens.
469 5424 687 5497 Aadeincepsin
698 5433 725 5483 te
739 5430 824 5486 situm
839 5434 932 5489 eritut
972 5434 1006 5488 ad
1020 5439 1048 5488 te
1066 5436 1215 5497 sermoest,
1228 5430 1273 5485 cui
1287 5429 1341 5484 nisi
1354 5428 1564 5501 quamprimum
1578 5426 1721 5498 parueris,
1737 5431 1776 5480 at·

134 5516 331 5590 purgationem
344 5530 395 5586 per
402 5514 507 5569 viscera
515 5513 713 5573 misericordiae
720 5518 769 5574 Dei
775 5523 934 5580 nostrihinc
976 5539 1030 5596 qua
1045 5523 1074 5577 in
1088 5522 1140 5576 hac
1151 5520 1250 5576 saltem
1262 5517 1480 5592 repectorismei
1490 5516 1617 5573 dolorem
1632 5514 1774 5580 leniveris,

133 5609 308 5662 matrastam
324 5605 431 5661 tuearis
446 5609 531 5676 atque
545 5618 701 5663 conserves.
975 5628 1032 5669 non
1041 5611 1126 5681 ulem,
1140 5610 1209 5666 mihi
1223 5605 1777 5680 0r2d0‚1ndulgenoert00umagmpffi

975 5705 1106 5759 contante
1116 5706 1210 5759 summ
1224 5699 1273 5755 illo
1285 5698 1361 5773 quad
1374 5696 1428 5756 sibi
1441 5697 1495 5755 hoc
1514 5710 1648 5754 samone
1672 5693 1775 5752 vellat:
