3818 6120
133 269 184 330 667
635 271 683 328 DE
700 271 796 330 Vl'rls
814 273 963 331 PATRUM
982 272 1089 331 LIBER
1107 270 1253 330 PRIMUS.
1721 263 1770 324 668

132 398 294 457 tabularum
306 395 348 473 (9)
357 411 409 470 per
420 395 532 454 eosdem
540 412 653 470 pueros,
664 399 704 455 ita
716 399 924 457 continentem:
936 403 997 463 Ate
1011 396 1210 473 exspectabant
1221 414 1306 472 opera
1319 396 1384 465 ista,
1392 395 1449 453 scio
1464 394 1539 469 qnod
1549 411 1581 451 os
1595 391 1768 450 maumetis.

135 510 147 543 ι
173 492 276 546 Sancto
297 487 433 561 discipulo
461 486 574 555 Christi,
589 489 729 561 peccatrix
749 495 779 545 et
792 490 930 563 discipula
971 489 1006 546 Et
1027 488 1123 544 atatim
1142 487 1301 545 transmisit
1319 502 1431 543 mecum
1444 485 1590 542 dominam
1613 483 1769 540 &manaan

132 578 244 636 diaboli.
260 576 362 634 Audiri
378 576 414 633 de
434 576 493 633 Deo
508 581 567 645 tuo,
582 578 658 650 qnod
669 579 753 635 coelos
768 579 927 648 inclinavit,
970 578 1092 652 primam
1113 578 1346 635 diaconissarum.
1363 577 1431 643 Quae
1444 574 1569 642 veniens,
1586 572 1697 629 invenit
1708 587 1768 627 mm

133 674 162 724 et
175 666 319 724 descendit
331 683 417 739 super
429 672 544 734 terram,
561 684 617 723 non
629 675 744 741 propter
755 670 856 741 justos,
879 670 930 727 sad
970 669 1062 724 adhuc
1076 668 1112 723 ad
1129 669 1214 741 pedes
1229 667 1319 724 sancti
1336 664 1430 722 Nonni
1444 663 1577 738 episcopi,
1590 662 1636 719 cui
1646 661 1692 717 vix
1706 677 1767 734 per-

131 762 164 814 ut
177 762 336 830 peccatores
349 756 472 811 adnatet
485 758 592 825 (Motlb.
608 762 648 828 aa)
659 777 665 825 ;
677 759 819 815 intantum
835 759 930 815 humi·
970 758 1060 813 suasit
1071 774 1188 829 surgere
1199 774 1218 813 a
1230 754 1350 830 pedibas
1367 756 1437 823 suis,
1449 754 1545 810 dicens
1560 773 1567 808 :
1584 752 1688 825 Surge,
1701 750 1766 818 filis,

131 846 226 913 liatus,
247 851 280 901 ut
294 845 450 918 publicanis
465 844 741 919 appropinquaverit,
759 853 787 903 et
801 848 831 904 in
845 865 929 921 quern
969 847 1179 904 utexorcizeris.
1191 846 1371 921 Dixitqueei:
1389 845 1532 900 confitere
1547 841 1645 899 omnia
1657 844 1769 914 peccata

131 934 280 991 cherubim
294 935 433 1007 respicere
456 951 514 991 non
529 936 643 1003 audent,
657 954 721 994 cum
733 938 928 1010 peccatoribus
968 942 1028 992 tua.
1040 938 1107 1002 Qua
1117 936 1283 1012 respondit:
1296 935 1327 993 Si
1338 938 1514 1008 perscrutata
1528 932 1608 989 suero
1622 929 1768 988 mantiam

131 1029 313 1081 conversatus
336 1025 382 1080 sit.
399 1025 434 1080 Et
447 1028 488 1092 tu,
509 1025 622 1081 domine
637 1043 727 1092 meus,
747 1027 795 1100 qui
809 1028 929 1084 multam
969 1026 1136 1094 cordismei,
1146 1024 1319 1082 noninvcnio
1327 1025 1357 1081 in
1366 1040 1412 1080 me
1420 1024 1516 1097 aliqua
1525 1038 1613 1096 opera
1625 1021 1764 1077 bonorum

131 1115 311 1171 sanctitatem
323 1113 418 1180 habes,
433 1114 487 1169 ctai
499 1114 658 1171 carnalibus
672 1116 858 1188 oculisipsum
873 1100 947 1172 llo·¹
970 1122 1096 1174 anuum.
1115 1116 1233 1172 Peccata
1246 1115 1321 1172 enim
1335 1132 1400 1171 mea
1412 1114 1481 1180 scio,
1491 1112 1567 1186 qnod
1580 1127 1670 1167 arena
1681 1108 1764 1165 maris

132 1204 242 1260 minum
262 1204 358 1258 lesum
374 1202 527 1270 Christum,
543 1204 591 1276 qni
609 1222 640 1261 se
655 1206 695 1260 illi
710 1206 821 1261 mulieri
835 1223 928 1262 mere·
968 1205 1099 1277 graviora
1112 1205 1178 1274 sint,-
1190 1204 1348 1277 aquaenim
1357 1206 1611 1276 perparvaestpraa
1624 1199 1701 1255 mole
1710 1214 1768 1271 pec

132 1293 197 1349 trici
209 1292 392 1349 Samaritana
404 1292 635 1350 manifestavitad
648 1301 764 1368 puteum
774 1282 866 1365 ¹(loco.
879 1298 926 1365 ml,
968 1300 1095 1352 catorum
1109 1310 1246 1352 meorum.
1258 1293 1374 1351 &addo
1386 1309 1452 1351 vero
1461 1292 1496 1348 de
1510 1292 1568 1347 lleo
1577 1286 1769 1362 tuo,quoddi·

133 1401 189 1440 non
202 1383 344 1455 aspexisti,
360 1387 456 1439 tamen
469 1400 552 1439 verus
566 1385 657 1441 cultor
670 1384 746 1440 illius
772 1402 812 1453 es,
825 1386 898 1441 sicut
912 1401 929 1440 a
969 1383 1065 1441 mittat
1079 1384 1188 1456 pondus
1201 1382 1374 1457 inqultatum
1388 1382 1527 1450 mmm,
1543 1376 1771 1452 etrcspiciatsu·

133 1471 300 1529 Christianis
309 1471 605 1528 audivirescrentibus.
618 1474 647 1529 si
661 1475 809 1530 varoillius
825 1474 930 1530 Christi
970 1490 1021 1546 per
1035 1491 1089 1528 me.
1104 1474 1183 1528 Tunc
1192 1470 1263 1528 dixit
1276 1472 1312 1527 ad
1327 1488 1389 1527 eam
1402 1476 1516 1526 sanctam
1532 1468 1652 1527 Nonnus
1667 1467 1768 1540 episco-

131 1579 214 1619 verus
230 1561 432 1633 esdiscipnlus,
448 1577 505 1617 non
517 1579 563 1617 me
577 1579 703 1635 respuas,
718 1580 768 1636 per
782 1570 810 1619 tc
825 1564 932 1620 deside·
971 1580 1024 1636 pus
1040 1581 1046 1617 :
1063 1564 1113 1619 llic
1128 1564 1202 1637 qnod
1217 1563 1254 1618 sit
1269 1578 1372 1619 nomen
1384 1567 1466 1617 tunm
1482 1561 1494 1614 l
1515 1560 1583 1625 Quae
1598 1557 1766 1630 respondit:

131 1656 241 1707 rentem
256 1650 350 1705 videre
362 1650 545 1717 Salvatorem‚
563 1656 595 1706 ut
606 1668 657 1725 per
669 1656 697 1707 te
711 1669 820 1708 merear
837 1653 931 1709 videre
971 1653 1101 1709 Naturali
1116 1652 1229 1709 nominc
1243 1652 1358 1724 Pelagia
1371 1655 1469 1707 vocata
1487 1666 1551 1705 sum
1567 1664 1585 1704 a
1602 1645 1769 1721 parentibus

130 1741 238 1797 vultum
253 1744 382 1795 sanctam
396 1755 489 1796 suurn.
506 1760 519 1793 s
533 1740 611 1796 'lunc
626 1742 768 1814 rescripsit
781 1743 807 1797 ei
816 1746 929 1798 sanctus
939 1727 961 1786 Β
970 1743 1040 1798 meis
1054 1762 1061 1811 ;
1078 1742 1150 1798 cives
1162 1759 1228 1798 vero
1242 1741 1398 1797 Antiochia
1405 1738 1590 1812 mrgarium
1603 1740 1767 1801 merocant,

130 1830 249 1886 Nonnns
263 1829 429 1902 episcopus:
455 1850 466 1883 a
483 1830 662 1902 Quaecunque
681 1848 721 1899 es,
738 1832 885 1887 manifesta
899 1850 929 1889 es
970 1839 1085 1905 propter
1098 1833 1208 1904 pondus
1222 1834 1452 1887 ornamentorum
1470 1829 1573 1902 quibus
1586 1843 1635 1883 me
1649 1826 1769 1881 adom

130 1919 198 1985 Deo,
211 1923 241 1974 et
248 1923 290 1987 tn,
302 1924 331 1974 et
343 1922 482 1975 tractatus
496 1925 574 1986 tuus,
587 1925 616 1975 et
629 1921 760 1977 voluntas
774 1927 834 1977 tna.
852 1924 930 1978 Atta·
969 1927 1070 1978 verunt
1085 1927 1200 1995 peccata
1213 1926 1310 1987 mo
1323 1937 1396 1976 mea.
1413 1920 1471 1990 Ego
1490 1917 1565 1975 enim
1588 1932 1669 1972 cram
1690 1930 1770 1971 oms·

131 2023 198 2064 men
211 2008 273 2064 dico
284 2006 347 2074 tibi,
362 2024 400 2064 ne
413 2006 482 2066 anis
499 2013 610 2065 tentare
623 2010 813 2067 humilitatem
824 2028 927 2080 meam,
970 2017 1098 2068 mentum
1127 2016 1156 2066 et
1169 2015 1311 2083 comptum
1327 2008 1513 2081 ergasterium
1526 2005 1643 2063 diaboli.
1662 2006 1769 2062 lterum

131 2096 275 2168 egoenim
295 2114 358 2154 sum
380 2098 464 2153 homo
486 2103 616 2170 peccator
635 2117 731 2155 servus
756 2101 817 2156 Dei.
834 2102 864 2158 Si
878 2119 931 2175 pro
969 2101 1040 2158 dicit
1053 2102 1090 2157 ad
1104 2117 1168 2157 eam
1188 2105 1303 2157 sanctus
1328 2101 1445 2154 Nonnns
1461 2097 1626 2170 episcopus:
1641 2093 1770 2151 Naturali

132 2191 209 2241 certo
227 2185 314 2241 babes
340 2186 512 2243 desiderium
534 2188 698 2257 divinitatis,
715 2190 849 2246 virtutem
870 2192 930 2247 adi-
970 2191 1084 2248 nomine
1109 2191 1225 2263 Pelagia
1237 2189 1364 2245 vocaris?
1378 2189 1446 2254 Qua
1459 2185 1604 2259 respondit
1621 2201 1627 2238 :
1649 2185 1704 2252 lta,
1719 2183 1771 2239 do·

132 2274 257 2347 piscandi
277 2280 307 2331 et
329 2275 424 2343 ssdem,
441 2282 470 2332 et
483 2293 529 2332 mc
543 2277 583 2333 vis
602 2278 707 2346 videre,
723 2284 790 2335 sunt
816 2296 929 2337 mecum
969 2281 1055 2336 mine.
1072 2282 1133 2347 Quo
1149 2281 1256 2347 audito,
1274 2284 1388 2335 sanctus
1401 2279 1519 2334 Nonnus
1533 2276 1685 2348 episcopus
1696 2288 1772 2329 exor-

131 2364 253 2436 episcopi
263 2364 321 2433 alii;
330 2365 404 2433 veni,
418 2370 447 2421 ct
456 2371 522 2422 ante
537 2384 585 2422 eos
600 2384 645 2422 me
656 2366 772 2436 videbis,
788 2386 854 2424 nam
869 2371 929 2427 sola
970 2370 1067 2426 cinarit
1080 2386 1152 2437 earn,
1163 2377 1191 2425 ct
1205 2368 1369 2442 baptizavit3
1382 2364 1585 2439 etimposnitci
1594 2362 1772 2436 signumllo·

130 2470 177 2509 mc
190 2453 285 2510 videre
300 2471 358 2511 non
373 2455 510 2527 poteris.»
525 2457 596 2512 Cum
610 2456 669 2513 hac
681 2458 828 2530 relegisset
841 2477 931 2515 mere
972 2459 1051 2527 mini,
1065 2458 1237 2531 tradiditque
1248 2458 1288 2513 illi
1301 2473 1403 2530 corpus
1417 2455 1530 2511 Christi.
1543 2453 1666 2525 Fuitqne
1680 2451 1773 2524 illipa·

129 2543 195 2611 trix,
209 2543 314 2615 gaudio
326 2544 443 2616 repleta,
456 2560 541 2601 cursu
561 2546 637 2602 venit
651 2547 687 2601 ad
698 2546 843 2603 basilicam
855 2548 931 2605 beati
972 2554 1016 2606 ter
1028 2550 1164 2622 spiritalis
1179 2553 1278 2604 sancta
1292 2547 1408 2602 domina
1419 2546 1556 2612 Romana,
1571 2542 1668 2616 prima
1681 2540 1773 2597 diaco·

129 2632 385 2705 martyrislnliani,
397 2633 660 2690 etnuntiavitnobis
669 2637 926 2709 depraesentiasua.
972 2639 1198 2713 messanamque
1213 2637 1367 2709 acccipiens
1379 2652 1451 2703 eam,
1468 2631 1594 2691 ascendit
1603 2630 1773 2688 incatechu·

131 2721 192 2787 Quo
202 2722 299 2778 audito
309 2727 423 2778 sendus
434 2725 552 2780 Nonnus
565 2725 721 2798 episcopus,
731 2728 838 2784 vocarit
853 2729 888 2785 ad
897 2746 928 2785 ss
969 2744 1084 2784 menum
1100 2726 1165 2799 (li),
1181 2744 1214 2783 eo
1229 2727 1303 2798 quod
1322 2730 1352 2781 et
1362 2741 1414 2781 nos
1426 2724 1467 2780 ihi
1487 2737 1681 2780 maneremus.
1695 2720 1772 2776 lhne

130 2827 228 2867 omnes
235 2812 284 2884 qui
293 2812 349 2867 illic
356 2813 475 2868 aderant
482 2813 635 2887 episcopos,
648 2821 678 2870 et
682 2816 768 2887 jussit
779 2834 842 2872 eam
849 2819 929 2875 veni·
969 2817 1037 2872 dicit
1050 2818 1144 2873 adme
1159 2822 1271 2873 sanctus
1286 2817 1404 2871 Nonnus
1422 2813 1571 2887 episcopus
1592 2830 1599 2867 :
1616 2809 1682 2867 Tibi
1696 2809 1767 2875 dico,

128 2916 160 2955 rs
178 2900 214 2955 ad
228 2917 267 2955 se.
283 2900 351 2965 Quae
365 2902 498 2958 accedens
507 2903 815 2976 ubicongrqgatierant
824 2909 930 2979 episco-
970 2905 1057 2962 irater
1070 2906 1196 2973 diacone,
1223 2907 1351 2961 latemur
1365 2904 1448 2959 hodie
1462 2919 1526 2959 cum
1541 2900 1651 2974 angelis
1666 2899 1731 2966 Dei,
1744 2901 1771 2954 et

129 2988 167 3062 pi,
176 2990 295 3062 jactavit
309 3008 339 3046 se
349 2991 378 3047 in
390 2992 592 3063 pavimentum,
605 2999 634 3049 et
645 2996 832 3067 apprehendit
842 2997 928 3069 pedes
970 2996 1063 3050 oleum
1076 3001 1155 3051 extra
1172 2995 1403 3052 consuetudinem
1412 3007 1557 3049 sumamus
1571 2991 1601 3046 in
1616 2988 1690 3057 cibo,
1698 2985 1770 3045 etvi-

128 3077 305 3135 bcatiNonni
319 3081 559 3155 episcopidicens:
570 3084 649 3155 Rogo
658 3090 696 3151 te,
709 3086 823 3141 domine
833 3103 922 3152 meus,
937 3055 1038 3141 Catum
1050 3103 1114 3142 cum
1129 3085 1227 3141 laetitia
1241 3084 1361 3157 spiritali
1372 3083 1550 3156 accipiamus,
1565 3083 1685 3154 propter
1699 3077 1768 3133 saln-
1819 3098 1824 3110 ·

127 3168 654 3243 imitaremagistrnmtuumllominum
664 3175 760 3230 Jcsum
772 3176 925 3245 Christum,
971 3181 1028 3231 tem
1038 3176 1122 3246 hujus
1136 3175 1246 3247 puellae.

128 3262 159 3313 et
171 3258 283 3313 eilande
297 3276 382 3330 snper
393 3265 523 3315 metuam
534 3260 736 3329 bonitatem,ct
744 3263 791 3319 fac
800 3265 930 3320 meChri-
1006 3261 1499 3321 Oar.lll.-Sumentibusreronobis
1507 3258 1767 3328 cibum,audinntur

129 3346 261 3403 stianam.
276 3349 499 3419 Egocnimsum,
516 3350 728 3420 dominamus,
740 3354 856 3426 polagus
866 3372 929 3426 pec·
969 3370 1049 3410 voces
1063 3353 1166 3422 subito,
1182 3355 1259 3410 velut
1270 3353 1392 3409 hominis
1406 3353 1455 3425 qui
1463 3350 1625 3407 violentiam
1639 3349 1763 3423 potibat:

128 3442 255 3492 catorum
269 3442 297 3493 et
312 3437 429 3511 abyssus
442 3439 611 3512 iniquitatis.
631 3441 700 3498 Peto
718 3459 764 3498 me
779 3443 926 3515 baptizari.
968 3444 1096 3500 diabolus
1108 3445 1184 3501 enim
1194 3443 1335 3510 clamavit,
1347 3442 1460 3499 dicens:
1484 3442 1543 3508 Va,
1558 3457 1599 3496 aa
1610 3441 1617 3495 !
1630 3438 1702 3513 quid
1718 3452 1765 3511 pa·

167 3526 232 3582 Car.
250 3527 325 3583 Vlll.
343 3559 376 3569 -
391 3529 463 3584 Cum
478 3528 523 3584 vix
537 3546 601 3586 eam
612 3532 799 3604 persuasisset
811 3538 927 3590 sanctus
967 3533 1024 3589 tior
1040 3551 1058 3589 a
1074 3534 1217 3607 decrepito
1231 3551 1300 3589 sene
1315 3534 1370 3589 isto
1392 3533 1405 3587 ἲ
1420 3533 1484 3589 Non
1498 3531 1550 3587 tibi
1563 3529 1713 3586 suffidnnt
1722 3526 1768 3583 tri·

128 3615 247 3672 Nonnus
257 3617 403 3689 episcopus
412 3635 558 3690 surgeres
576 3620 694 3691 pedibus
703 3622 771 3689 suia,
790 3638 854 3677 cum
864 3640 928 3678 sur·
968 3623 1048 3695 ginta
1063 3623 1152 3678 millia
1166 3624 1395 3690 Sarracenorum,
1412 3639 1482 3695 quos
1497 3620 1567 3676 mihi
1581 3616 1733 3691 abripuisti
1742 3618 1768 3672 et

128 3705 256 3776 ruisset,
271 3706 340 3762 dicit
353 3707 389 3762 ad
403 3725 483 3762 cam:
512 3709 642 3764 Canoncs
668 3709 724 3781 (ln)
740 3712 929 3769 sacerdotales
969 3711 1127 3785 baptizasti,
1141 3717 1171 3768 ct
1185 3712 1311 3769 obtulisti
1321 3712 1530 3769 lleotuolNon
1545 3708 1598 3765 tibi
1612 3705 1768 3765 sufficiebat

129 3794 483 3868 continentnonbaptizari
493 3799 738 3866 meretriccm‚niai
748 3801 928 3873 fidejussores
972 3802 1134 3875 Heliopolis,
1151 3802 1283 3875 qnoniam
1294 3819 1359 3858 cnm
1369 3802 1534 3874 etipsamaa
1544 3803 1628 3864 esset,
1638 3802 1768 3853 etonancs

129 3882 301 3953 presbiterii,
313 3889 345 3940 ut
359 3900 416 3939 non
428 3902 459 3940 se
471 3885 576 3944 iterum
585 3887 614 3942 in
624 3888 692 3962 ipsis
702 3888 783 3945 malis
792 3893 925 3947 revolvat.
969 3891 1017 3965 qui
1032 3891 1062 3947 in
1076 3890 1298 3959 cohabitabant,
1314 3908 1359 3948 mc
1378 3891 1539 3956 adorarent,
1565 3893 1599 3944 tn
1610 3886 1684 3943 mihi
1698 3882 1767 3942 abri-

130 3969 197 4034 Qua
206 3971 323 4028 audiens
331 3973 418 4028 talem
428 3975 551 4047 episcopi
571 3978 750 4045 sententiam,
765 3980 883 4050 jactavit
897 3998 928 4037 se
968 3981 1055 4053 puisti
1069 3986 1098 4036 et
1111 3980 1238 4037 obtulisti
1256 3983 1315 4037 Deo
1326 3982 1399 4036 tuo?
1414 3981 1468 4037 Sed
1483 3984 1513 4035 ct
1526 3994 1602 4034 nnnc
1616 3975 1765 4033 maximam

129 4059 233 4116 iterum
242 4061 271 4117 in
282 4062 484 4134 pavimentum.
495 4068 525 4119 et
535 4065 721 4138 apprehendit
733 4068 820 4140 pedes
834 4070 925 4125 sancti
968 4087 1048 4143 spem
1060 4087 1152 4127 meam
1166 4070 1333 4127 abstulistis
1345 4086 1400 4137 me,
1413 4071 1474 4142 jam
1484 4084 1559 4125 nnnc
1571 4066 1699 4123 nontero
1712 4080 1766 4121 me

128 4151 232 4218 Nonni,
248 4156 277 4207 ct
294 4151 370 4224 ipsos
385 4153 516 4226 lacrymis
533 4155 592 4211 suis
607 4156 684 4223 lavit,
703 4163 732 4212 et
746 4157 855 4231 capillis
868 4159 928 4215 suis
969 4159 1254 4217 chinationestnas.0
1264 4161 1324 4231 jam
1333 4159 1500 4232 quidpatior
1514 4152 1765 4212 adamnabiliistol

128 4241 298 4313 extergebat,
307 4242 413 4299 dicens:
424 4244 572 4301 Rationem
583 4246 684 4302 reddas
703 4247 929 4321 Deoproanima
969 4249 1118 4304 Maledicta
1132 4250 1191 4306 dies
1205 4250 1265 4317 illa,
1277 4249 1370 4323 inqua
1384 4254 1469 4305 natus
1483 4264 1514 4304 cs
1530 4252 1579 4303 tu:
1597 4244 1719 4302 flumina
1730 4243 1765 4298 la·

128 4330 293 4397 mea‚ettibi
303 4332 443 4389 ascribam
452 4334 616 4406 iniquitates
632 4335 771 4392 factorum
787 4353 925 4407 meorum,
968 4354 1128 4411 crymarum
1140 4339 1252 4395 infirmo
1266 4337 1542 4411 hospitioinundant,
1552 4337 1615 4408 jam
1629 4350 1697 4407 spes
1706 4345 1765 4388 maa

129 4419 154 4475 si
169 4419 313 4475 distuleris
332 4438 377 4477 me
390 4422 516 4494 iniquam
528 4424 759 4497 etturpissimam
770 4427 922 4500 baptizare.
937 4421 1109 4484 Dabstracta
1123 4434 1174 4484 cst.
1195 4430 1251 4485 lsta
1264 4428 1360 4484 omnia
1372 4427 1513 4484 clamabat
1525 4424 1668 4493 diabolus,
1684 4428 1715 4479 et
1725 4422 1764 4477 n·

129 4510 193 4566 Non
208 4510 334 4566 invenias
355 4511 515 4583 portionem
538 4513 611 4584 apud
627 4515 717 4571 Deum
732 4532 796 4572 cum
812 4517 925 4585 sanctis,
967 4517 1337 4589 mentabatnrantejanuas,
1348 4515 1621 4588 etandiebaturipse
1634 4508 1766 4569 abomni·

128 4599 232 4655 nisime
248 4617 323 4657 nunc
332 4599 430 4656 feceris
439 4601 562 4657 alienam
571 4603 710 4659 malorum
721 4622 839 4677 operum
849 4623 927 4663 mco·
967 4607 1019 4662 bns
1034 4608 1204 4663 hominibus.
1221 4608 1255 4662 Et
1268 4607 1371 4663 iterum
1384 4610 1524 4679 repetens,
1543 4604 1580 4660 ud
1595 4603 1765 4677 neophytam

127 4690 300 4762 rumNegcs
313 4691 413 4759 Deum,
426 4696 456 4747 et
464 4690 540 4747 idola
548 4690 657 4759 adores,
671 4693 726 4748 nisi
744 4712 790 4751 mc
805 4695 926 4752 hodiein
967 4698 1091 4770 puellam
1101 4697 1183 4753 dixit:
1203 4697 1265 4753 llaec
1275 4697 1345 4753 mihi
1359 4696 1437 4764 facia,
1448 4695 1634 4751 dominamea
1642 4689 1764 4764 Pelasgis,

128 4793 262 4849 sponsam
276 4780 382 4836 Christi
396 4782 505 4838 renasci
528 4781 636 4847 feceris,
663 4788 692 4837 et
709 4782 843 4840 obtuleris
855 4786 923 4841 Deo.
968 4791 998 4841 ct
1009 4790 1041 4841 tu
1056 4803 1151 4841 meum
1164 4785 1266 4843 ludam
1280 4784 1417 4841 imitaris?
1427 4784 1477 4839 Ille
1487 4782 1561 4839 enirn
1576 4781 1672 4853 gloria
1681 4781 1767 4838 etho·

126 4866 205 4922 Tunc
219 4885 317 4925 omnes
327 4870 449 4944 episcopi
460 4877 490 4927 et
500 4872 593 4929 clerici
607 4871 656 4946 qui
667 4879 867 4942 convenerunt,
883 4875 925 4930 vi·
967 4891 1035 4930 nore
1045 4881 1237 4943 coronatus,et
1245 4875 1388 4948 apostolus
1396 4874 1576 4941 constitutus,
1585 4870 1768 4949 tradiditllo·

126 4954 316 5013 dentestalem
327 4961 510 5030 peccatricem
518 4979 569 5034 pro
579 4962 699 5020 Deitatis
708 4962 848 5020 desiderio
858 4965 927 5020 talia
967 4964 1075 5021 minum
1090 4982 1183 5032 auum,
1201 4964 1241 5020 ita
1255 4971 1284 5020 et
1297 4971 1329 5022 tn
1343 4964 1413 5020 mibi
1432 4964 1534 5020 fecisti.
1555 4963 1637 5019 ‘l'unc
1652 4961 1722 5018 dicit
1732 4959 1767 5017 nd

125 5042 298 5115 loquentem,
313 5049 485 5106 admirantes
498 5051 628 5107 dicebant
636 5069 783 5125 nunqnam
797 5071 827 5109 se
838 5055 926 5111 talem
966 5070 1029 5110 eam
1039 5061 1153 5112 sanctus
1163 5056 1281 5111 Nonnua
1290 5055 1455 5129 episcopus:
1470 5054 1592 5126 signate
1600 5050 1768 5109 crnceChri·

125 5131 537 5197 vidisselldemetdeaiderium
546 5141 821 5214 salutis,aicnthujus
836 5161 926 5199 merc-
965 5144 1012 5210 sti,
1034 5150 1062 5201 ct
1088 5145 1259 5201 abrenuntia
1272 5145 1308 5200 ci.
1325 5146 1393 5210 Quae
1412 5142 1533 5216 signarit
1546 5159 1577 5198 se
1604 5142 1636 5198 in
1655 5141 1769 5199 nominc

126 5220 212 5277 tricis.
225 5224 359 5280 Etatatim
374 5232 925 5305 metransmisernntpeccatoremdiaco-
965 5234 1078 5301 Christi,
1086 5234 1479 5301 ctinsusslaritindaemoncrn,
1488 5238 1518 5289 et
1524 5231 1769 5306 statimnusquarn

125 5327 194 5367 num
206 5313 242 5368 ad
252 5313 413 5386 episcopum
436 5317 566 5387 civitatis,
581 5327 614 5376 ut
627 5323 686 5379 haec
700 5323 794 5380 omnia
812 5323 839 5378 ci
855 5323 924 5379 insi-
964 5326 1131 5398 comparuit.

124 5417 253 5468 nuaram,
273 5407 302 5457 et
326 5419 412 5461 unam
434 5406 470 5463 de
484 5407 648 5467 diaconissis
662 5411 718 5483 (ll)
732 5413 851 5485 ljuberet
863 5415 924 5486 ejus
1000 5415 1069 5471 cnr.
1085 5417 1119 5470 X.
1136 5416 1242 5473 -Post
1254 5415 1371 5472 biduum
1387 5431 1463 5488 ergo,
1484 5413 1644 5470 dormiente
1654 5430 1691 5471 ea
1703 5430 1769 5471 oum

125 5488 270 5548 beatitudo
279 5493 473 5551 transmittere
482 5510 601 5556 mecum.
609 5500 663 5566 Qui
673 5502 801 5572 audiens,
812 5504 922 5560 letatus
963 5509 1061 5560 sancta
1075 5505 1203 5561 Romana
1216 5509 1370 5561 commatre
1384 5521 1437 5561 sua
1449 5504 1479 5560 in
1494 5502 1622 5560 cubiculo
1637 5520 1701 5572 suo,
1716 5520 1770 5578 ap-

125 5585 170 5639 est
180 5581 285 5655 gaudio
303 5596 417 5657 magno,
427 5584 631 5661 dicens2Bcne,
645 5596 727 5666 pater
740 5593 920 5665 honorabilis,
963 5593 1195 5670 parnitdiabolus
1207 5600 1299 5664 nocte,
1315 5594 1496 5653 etsnscitavit
1506 5593 1703 5653 mcillachi
1717 5594 1771 5652 Pe·
