3818 6120
134 407 188 467 ⁴65
341 415 424 471 Vl'l'll
442 416 662 474 sanctonum
680 417 852 476 BARLAAM
871 420 1038 479 ERElssTAE
1057 421 1101 479 ET
1119 419 1302 478 JOSAPHAT
1319 423 1431 481 INDIAE
1449 423 1564 480 REGIS.
1717 421 1770 481 too

134 535 245 593 arbitrii
251 539 421 610 libertatem;
432 543 468 598 ad
480 543 692 599 similitudinem
702 551 806 613 autem,
821 552 966 618 proptera
1009 549 1065 603 Alii
1080 549 1155 605 enim
1169 566 1236 605 casu
1249 566 1281 604 ae
1293 549 1408 604 fortuito
1423 549 1518 604 omnia
1531 549 1607 616 ferri,
1620 549 1769 621 providen-

133 626 247 684 nauus
262 630 359 702 ipsius,
372 633 464 703 quoad
471 634 532 704 ejus
547 634 607 688 lieri
622 639 722 705 potest,
736 635 931 691 imitationem.
973 636 1075 709 tiaeque
1090 639 1215 709 expertia
1229 654 1290 692 esse
1305 643 1491 704 censuerunt;
1505 644 1641 708 tanquam
1665 637 1771 693 scilicet

134 716 218 772 llunc
232 735 316 790 porro
335 721 487 789 hominem,
509 722 618 777 arbitrii
637 723 766 778 libertate
778 731 863 796 atque
878 726 932 780 im·
973 726 1067 781 nullus
1078 727 1214 781 Dominus
1229 728 1266 781 sit
1281 727 1328 798 qui
1341 743 1374 780 ea
1387 733 1466 796 regat
1479 743 1512 779 ac
1527 727 1697 780 moderetur.
1713 726 1769 781 alii

132 807 307 864 mortalitate
321 810 465 877 donatum,
482 827 655 884 eorumquae
670 812 698 866 in
714 818 791 868 terra
809 819 877 869 sunt
890 832 933 870 re·
973 813 1770 884 fatuminvexerunt,natalitiisquesideribusomniacom-

131 908 200 962 gem
218 897 384 966 constituit,
402 904 486 970 atque
502 917 534 953 ex
553 901 614 971 ipso
637 900 779 970 seminam,
802 919 863 974 quae
878 903 931 974 ipsi
973 904 1120 958 miserunt.
1136 905 1192 959 Alii
1200 904 1305 959 multos
1315 904 1381 958 deos
1395 905 1494 968 malos,
1510 904 1648 959 aemultis
1662 904 1769 959 vitiosis

130 982 236 1037 auxilio
251 991 333 1053 esset,
350 987 404 1059 ipsi
418 988 538 1044 similem
553 989 652 1044 eliecit.
974 992 1165 1047 affectionibus
1189 993 1348 1047 laborantes
1379 993 1535 1058 coluemnt,
1566 1010 1621 1063 quo
1641 992 1770 1047 videlicet

168 1071 340 1145 Consitoque
352 1075 383 1130 in
396 1076 472 1131 Eden
486 1077 522 1133 ad
539 1077 683 1133 Orientem
698 1080 838 1149 paradiso,
852 1080 931 1135 rolu-
972 1097 1087 1136 suarum
1098 1081 1276 1136 affectionum
1285 1086 1314 1135 et
1325 1080 1453 1151 gravium
1464 1080 1635 1150 flagitiorum
1645 1081 1770 1136 defenso·

132 1161 220 1231 piatis
234 1163 325 1217 omnis
349 1169 434 1236 atque
455 1165 652 1221 oblectamenti
669 1167 758 1239 pleno,
776 1168 929 1236 hominem,
972 1185 1017 1224 res
1031 1176 1060 1224 et
1074 1177 1207 1241 patronos
1217 1186 1265 1224 eos
1276 1169 1420 1224 haberent.
1435 1169 1561 1233 Quorum
1572 1168 1657 1223 etiam
1666 1169 1769 1223 formas

132 1264 218 1321 quem
233 1250 390 1321 effinxerat,
403 1252 433 1307 in
455 1253 516 1326 ipso
533 1254 689 1322 collocavit;
706 1256 883 1326 sicquidem,
900 1263 932 1312 ut
972 1258 1082 1329 pictura
1096 1259 1292 1330 exprimentes,
1302 1258 1402 1313 surdas
1413 1263 1521 1312 statuas
1531 1274 1563 1311 ae
1574 1273 1657 1312 sensu
1673 1274 1770 1313 caren-

131 1335 228 1392 dirina
237 1336 346 1394 bonitas
356 1341 606 1412 omnialignaquae
622 1343 678 1397 illic
692 1349 772 1397 erant
782 1344 843 1399 sine
854 1346 931 1400 nullo
971 1345 1012 1400 tia
1025 1346 1174 1401 simulacra
1189 1347 1217 1401 in
1233 1348 1321 1401 altum
1335 1352 1492 1409 erexerunt,
1510 1362 1599 1416 eaque
1613 1345 1643 1399 in
1656 1346 1770 1417 templis

132 1425 334 1496 impedimento
355 1446 420 1486 eum
436 1430 579 1502 percipere
591 1431 721 1501 juberet;
736 1433 820 1487 unius
835 1439 930 1488 auum
971 1433 1080 1488 inclusa
1089 1436 1236 1489 coluerunt
1250 1440 1279 1490 et
1288 1435 1619 1500 adoraruntservientes
1633 1434 1768 1488 nimirum

131 1511 270 1570 duntaxat
286 1516 480 1587 degustatione
499 1519 553 1589 ipsi
569 1520 750 1575 interdiceret
765 1522 848 1592 (quod
868 1522 931 1593 qui·
972 1527 1106 1577 creaturae
1121 1522 1309 1594 potiusquam
1320 1522 1586 1586 Creatori.Quidam
1600 1521 1770 1577 enimsolem

131 1601 197 1658 dem
209 1603 319 1674 lignum
333 1606 455 1662 scientim
474 1607 539 1662 boni
559 1614 587 1663 et
601 1610 669 1664 mali
683 1611 853 1681 appellatum
866 1615 929 1680 est),
972 1614 1001 1663 et
1016 1610 1111 1664 lunam
1121 1627 1153 1664 ac
1163 1611 1264 1679 sidera,
1276 1628 1337 1681 quat
1348 1613 1423 1665 Deus
1432 1611 1468 1665 ad
1478 1611 1569 1665 lucem
1580 1614 1695 1664 terreno
1703 1610 1769 1665 huic

131 1690 176 1745 his
187 1692 280 1747 verbis
290 1699 389 1749 utens:
404 1696 575 1766 Quaounque
595 1697 640 1751 die
654 1699 831 1753 comederitis
844 1716 876 1753 ex
886 1716 928 1767 eo,
973 1699 1077 1753 mundo
1090 1699 1261 1754 atterendam
1276 1700 1378 1771 posuit,
1395 1700 1541 1753 coluerunt
1553 1716 1559 1751 :
1572 1714 1634 1770 quae
1656 1698 1770 1769 quidem

131 1786 223 1835 morte
237 1782 406 1838 moriemini.
423 1784 570 1839 Enimvero
585 1802 658 1840 unus
678 1802 709 1840 ex
725 1787 865 1857 predictis
880 1804 931 1842 an·
972 1785 1066 1840 anima
1090 1794 1118 1841 et
1141 1804 1223 1841 sensu
1247 1792 1353 1846 carent.
1376 1804 1408 1841 ac
1430 1786 1570 1841 Creatoris
1594 1785 1770 1856 providentia

130 1869 229 1940 geticis
242 1871 338 1944 copiis,
356 1873 405 1943 qui
419 1872 468 1926 uni
480 1873 585 1943 agmini
600 1879 728 1944 praeerat,
740 1891 803 1929 eum
818 1865 962 1930 natura-B
972 1875 1168 1930 illuminantur
1182 1882 1210 1931 et
1219 1882 1428 1941 conservantur,
1444 1892 1500 1929 non
1509 1880 1605 1929 autem
1616 1873 1768 1945 quidquam

130 1958 165 2014 lis
178 1960 241 2014 vitii
258 1977 294 2015 ne
313 1961 463 2016 minimum
481 1962 595 2033 quidem
609 1964 756 2034 vestigium
770 1982 787 2019 a
807 1971 932 2020 creatore
973 1979 1023 2035 per
1037 1980 1067 2017 se
1080 1964 1182 2019 virium
1198 1964 1310 2020 habent.
1325 1963 1381 2018 atii
1395 1969 1489 2018 alitem
1512 1963 1607 2033 ignem
1622 1968 1652 2016 et
1665 1977 1769 2033 aquam

128 2048 297 2120 accepisset,
321 2067 419 2105 rerum
441 2050 508 2105 boni
529 2067 614 2106 causa
638 2059 799 2124 procreatus
822 2054 930 2123 luisset,
972 2066 1005 2105 ac
1019 2052 1220 2123 reliquaterrae
1235 2053 1383 2117 elementa,
1406 2051 1508 2124 quibus
1531 2067 1582 2105 nec
1603 2050 1698 2104 anima
1717 2066 1770 2104 nee

129 2137 220 2192 bbere
235 2139 338 2193 mentis
352 2139 541 2194 inductiones
555 2139 628 2194 bono
642 2141 672 2195 in
686 2141 792 2196 malum
807 2143 929 2212 dellexit,
972 2156 1070 2194 sensus
1081 2140 1164 2195 inest.
1180 2142 1277 2212 Neque
1287 2157 1334 2195 eos
1349 2140 1396 2212 qui
1407 2140 1537 2194 animast
1545 2139 1655 2193 ratione
1660 2137 1770 2210 praediti

129 2230 216 2298 atque
226 2227 376 2282 insolentia
387 2228 488 2295 elatus,
500 2229 632 2284 adsersus
642 2230 831 2285 Dominumac
841 2231 930 2287 Deum
972 2233 1038 2283 sunt
1051 2230 1188 2300 ejusmodi
1204 2228 1286 2284 rebus
1300 2230 1406 2283 cultum
1427 2227 1560 2282 adhibere
1578 2226 1688 2298 puduit.
1714 2224 1770 2280 alii

131 2314 270 2370 rebellare
284 2317 381 2370 voluit.
397 2318 437 2371 Ac
455 2323 604 2389 propterea
620 2335 653 2372 ex
667 2319 766 2373 ordine
779 2336 830 2374 suo
845 2337 877 2374 ac
891 2321 932 2375 di·
971 2314 1048 2383 feris,
1064 2324 1093 2372 et
1107 2317 1262 2389 reptilibus,
1279 2324 1308 2372 et
1324 2315 1486 2389 pecudibus,
1504 2313 1769 2387 etquadrupedibus

127 2403 241 2474 gnitate
256 2404 388 2476 expulsus
403 2409 454 2472 est,
470 2409 555 2476 atque
569 2423 620 2477 pro
634 2405 718 2460 beata
737 2407 786 2461 illa
796 2409 889 2478 ‘gloria
903 2415 932 2463 et
973 2405 1162 2460 animantibus
1178 2406 1384 2460 venerationem
1393 2405 1554 2460 tribuerunt
1565 2424 1571 2458 :
1583 2404 1650 2458 hinc
1663 2402 1770 2457 scilieet

128 2491 257 2562 angelico
273 2492 509 2558 nomine,diaboli
520 2510 552 2548 ac
565 2495 676 2549 Satanae
690 2512 792 2551 nomen
803 2512 933 2551 consecu.
974 2510 1034 2549 sese
1050 2494 1166 2549 rationis
1181 2496 1270 2564 magis
1285 2500 1411 2566 expertes
1428 2494 1608 2548 ostendentes
1629 2479 1714 2563 quam
1735 2506 1770 2545 ea

127 2583 176 2633 tus
200 2583 254 2632 est.
274 2579 350 2634 Deus
371 2580 446 2635 enim
465 2582 568 2653 ipsum,
591 2588 620 2637 et
639 2583 744 2637 coelesti
757 2584 933 2652 gloriaindi-
973 2581 1035 2656 ipsa
1049 2599 1110 2654 quae
1122 2583 1259 2637 colebant.
1274 2583 1328 2639 alii
1343 2583 1468 2655 turpium
1479 2578 1665 2653 quorumdam
1680 2584 1709 2634 et
1722 2577 1770 2633 ab·

127 2682 228 2738 gnurm
241 2668 412 2739 precipitem
427 2686 442 2723 e
457 2671 528 2724 eoelo
543 2670 710 2725 exturbavit.
726 2673 796 2726 Cum
806 2689 838 2726 eo
849 2689 932 2745 porro
970 2672 1109 2741 jactorum
1118 2672 1263 2727 hominum
1274 2673 1377 2726 formas
1385 2671 1579 2743 depinxerunt,
1592 2685 1695 2740 eosque
1701 2666 1770 2722 deos

128 2754 215 2810 simul
225 2756 322 2809 avulsa
337 2763 365 2810 et
379 2757 468 2828 ejecta
478 2759 627 2829 estingens
642 2761 807 2830 angelorum
820 2762 867 2832 qui
879 2762 931 2832 ipsi
973 2759 1160 2830 appellarunt,
1172 2759 1274 2830 partim
1283 2760 1432 2825 masculos,
1442 2757 1547 2830 partim
1556 2756 1688 2812 leminea:
1700 2772 1770 2827 quos

129 2841 266 2898 suberant
279 2844 429 2899 multitudo
445 2863 451 2898 :
468 2845 515 2917 qui
530 2846 643 2916 quidem
657 2847 759 2901 mentis
770 2847 931 2903 inductione
973 2847 1057 2901 etiam
1073 2847 1186 2920 ipsimet
1195 2848 1347 2914 adulteros,
1359 2852 1388 2901 et
1399 2846 1563 2913 homicidas,
1575 2844 1768 2912 etiracundos,
1868 2839 1874 2846 ’

130 2931 198 2986 mali
212 2932 314 2999 effecti,
331 2949 363 2987 ac
378 2932 443 2989 boni
458 2935 518 2989 loco
533 2935 666 3006 principis
684 2936 726 2990 sui
748 2935 932 2991 desectionem
973 2940 1002 2990 et
1015 2934 1133 3003 invidos,
1144 2940 1173 2990 et
1186 2936 1314 3003 furiosos,
1330 2940 1359 2990 et
1372 2935 1535 3007 parricidas,
1563 2940 1591 2988 et
1601 2933 1767 3000 fratricidas,

129 3021 231 3085 secuti,
246 3021 405 3076 damonum
420 3039 533 3090 nomen,
550 3028 581 3078 ut
595 3029 762 3096 impostores
771 3041 803 3078 ac
815 3025 932 3080 circum·
973 3028 1001 3077 et
1015 3023 1100 3090 sures,
1116 3028 1213 3090 βω
1224 3029 1253 3079 et
1259 3028 1393 3095 raptores,
1403 3028 1431 3078 et
1440 3024 1561 3089 claudos,
1574 3026 1602 3077 et
1615 3021 1730 3090 debiles,
1742 3027 1771 3076 et

129 3109 291 3180 scriptores,
309 3116 485 3182 aeceperunt.
972 3112 1118 3178 veneticos,
1136 3115 1165 3166 et
1178 3112 1292 3166 insanos
1302 3112 1556 3176 essetradiderunt,
1572 3115 1657 3182 atque
1667 3110 1769 3164 horum

164 3196 299 3252 Diabolus
314 3199 409 3268 igitur,
426 3200 556 3270 abjurato
571 3217 685 3271 prorsus
697 3200 780 3267 bono,
801 3203 931 3274 malaque
942 3210 962 3273 c
972 3201 1122 3254 nonnullos
1138 3206 1257 3255 mortem
1271 3200 1383 3266 obiisse,
1407 3199 1557 3254 nonnullos
1570 3197 1688 3252 fulmine
1703 3212 1768 3268 per·

131 3289 236 3340 natura
252 3292 406 3358 assumpta,
418 3289 552 3343 invidiam
567 3289 699 3344 adversus
714 3290 856 3345 hominem
869 3309 933 3346 con·
973 3305 1068 3344 cuseos
1085 3288 1183 3352 luisse,
1193 3290 1343 3343 nonnullos
1358 3289 1518 3343 hominibus
1533 3287 1671 3354 serviisse,
1684 3292 1769 3356 atque

130 3374 204 3445 cepit
218 3373 295 3444 (Sap.
309 3379 352 3442 11),
370 3382 519 3449 propterea
530 3378 604 3448 quod
617 3378 739 3450 seipsum
757 3385 862 3434 etanta
870 3380 931 3451 glo·
973 3378 1081 3432 exsules
1095 3377 1245 3442 exstitisse,
1261 3377 1410 3431 nonnullos
1429 3377 1545 3431 vulnera
1560 3375 1711 3446 accepisse,
1736 3390 1770 3428 ac

131 3461 174 3516 ria
186 3463 320 3532 ejectum,
336 3463 414 3519 illum
429 3471 524 3521 autem
538 3467 574 3520 ad
596 3471 708 3522 tantum
722 3468 857 3523 honorem
868 3468 932 3523 sub
972 3465 1096 3520 lamenta
1109 3466 1239 3530 edidisse,
1250 3471 1334 3536 euque
1348 3464 1383 3520 ob
1398 3463 1527 3536 improba
1540 3469 1568 3518 et
1574 3464 1648 3518 foeda
1661 3462 1769 3533 flagitia

129 3556 240 3605 rectum
266 3553 459 3623 perspiceret:
484 3571 604 3625 eumque
621 3572 637 3609 e
657 3555 741 3610 beata
760 3556 809 3610 illa
821 3558 931 3612 vivendi
972 3555 1002 3609 in
1018 3554 1151 3608 animalia
1165 3570 1225 3609 sese
1237 3555 1410 3609 immutasse.
1427 3554 1487 3618 Quo
1498 3551 1584 3607 siebat
1594 3557 1627 3607 ut
1639 3551 1769 3606 homines

131 3639 241 3694 renone
253 3639 558 3710 deJiceremoliebatur,
572 3643 664 3708 Quare
674 3650 832 3716 serpentem
844 3646 931 3718 impe·
971 3642 1007 3698 ab
1015 3643 1086 3714 ipsis
1095 3643 1148 3697 diis
1158 3643 1332 3697 occasionem
1346 3647 1500 3706 sumentes,
1509 3641 1586 3696 omni
1596 3638 1769 3711 impuritatis

128 3732 212 3783 sturae
229 3744 287 3782 suae
302 3729 444 3783 officinam
459 3736 566 3795 nactus,
582 3748 633 3803 per
644 3749 709 3786 eum
723 3732 856 3790 feminam
867 3751 931 3789 con·
970 3748 1075 3802 genere
1089 3748 1149 3786 sese
1163 3731 1395 3786 contaminarent.
1411 3732 1451 3785 Ac
1463 3735 1523 3785 tum
1543 3729 1684 3785 horrenda
1704 3727 1768 3798 qui-

128 3817 213 3871 renit.
238 3817 366 3888 Cumque
381 3834 444 3872 eam
463 3836 512 3890 spe
536 3820 690 3875 divinitatis
704 3821 873 3889 adduxisset,
899 3829 931 3878 ut
971 3820 1035 3875 dem
1050 3820 1139 3890 caligo
1152 3837 1241 3890 genus
1257 3825 1384 3874 nostrum
1397 3819 1525 3885 tenebat,
1541 3833 1632 3889 neque
1645 3821 1708 3871 erat
1719 3815 1768 3887 qui

127 3903 309 3961 interdictum
335 3906 444 3977 lignum
472 3909 642 3978 degustaret,
668 3927 719 3982 per
744 3926 806 3965 earn
834 3917 931 3983 postea
971 3908 1151 3979 intelligeret,
1168 3926 1219 3964 nec
1234 3909 1282 3980 qui
1295 3908 1385 3963 Deum
1394 3907 1551 3979 requireret
1561 3907 1647 3974 (Psat.
1663 3905 1731 3975 xllx).

129 3993 214 4061 etiam
226 3994 367 4048 adamum
381 3996 518 4063 (namhoc
531 3997 622 4068 primo
638 3999 855 4053 homininomen
867 4000 927 4066 luit)
1008 3999 1048 4052 Ea
1063 4006 1157 4052 autem
1177 3995 1638 4052 aetatellbrabamsolusinventus
1656 3986 1769 4064 estqui

128 4079 158 4137 in
169 4081 301 4138 fraudem
315 4083 437 4155 impulit.
455 4085 541 4140 Porro
557 4092 661 4152 numm,
678 4092 711 4141 ut
724 4088 832 4158 primus
846 4088 931 4143 homo
972 4086 1073 4141 anima
1087 4102 1200 4140 sensum
1216 4088 1329 4140 lirmum
1343 4103 1376 4140 ae
1388 4085 1527 4139 valentem
1541 4082 1667 4149 haberet,
1681 4088 1767 4154 atque

128 4171 705 4242 eontmdivinumimperiuminterdictam
714 4175 933 4246 plantamdegu·
973 4190 1007 4228 ex
1021 4191 1116 4228 rerum
1129 4175 1305 4229 conditarum
1321 4179 1470 4245 prospectu
1485 4172 1658 4227 conditorem
1680 4187 1768 4240 agno-

129 4260 223 4325 stavit,
239 4275 257 4312 a
271 4276 381 4315 summo
392 4268 508 4332 parente
523 4268 607 4333 atque
617 4265 769 4318 architecto
784 4283 799 4318 e
814 4264 932 4319 delicia·
972 4268 1071 4316 sceret.
1083 4264 1155 4317 Nam
1171 4280 1234 4317 cum
1248 4263 1358 4326 coelum,
1373 4267 1527 4325 aeterram,
1542 4266 1571 4314 et
1583 4275 1670 4322 mare,
1681 4258 1768 4312 solem

132 4362 194 4402 rum
204 4347 335 4419 paradiso
350 4350 562 4417 exterminatur,
576 4356 660 4423 atque
670 4352 760 4407 beate
774 4352 847 4406 illius
860 4360 887 4407 et
897 4352 932 4407 ab
972 4350 1040 4404 item
1056 4357 1085 4405 et
1098 4352 1194 4405 lunam
1209 4368 1241 4405 ac
1255 4350 1364 4420 reliqua
1378 4349 1589 4413 considerasset,
1607 4345 1767 4417 hujusmodi

131 4435 216 4491 exitio
234 4436 368 4491 immunis
389 4438 452 4492 rite
472 4428 532 4493 loeo
556 4440 585 4493 in
601 4441 674 4494 hanc
692 4442 756 4505 (heu
768 4442 784 4506 lt
801 4441 933 4495 miseram
974 4446 1103 4494 ornatum
1118 4439 1314 4493 concinnitatis
1324 4438 1438 4509 plenum
1449 4436 1604 4490 admiratus
1617 4438 1669 4492 est.
1686 4433 1769 4488 Cum·

131 4523 219 4580 vitam
232 4524 341 4591 incidit,
361 4543 394 4580 ac
413 4534 555 4597 postremo
575 4536 664 4583 morte
679 4530 824 4584 multator.
840 4531 964 4620 Atquen
974 4544 1028 4599 que
1043 4526 1190 4582 mundum.
1206 4533 1276 4580 etea
1288 4544 1349 4598 quae
1364 4526 1393 4579 in
1406 4525 1467 4596 ipso
1481 4528 1557 4590 sunt,
1566 4521 1767 4594 conspexisset,

131 4609 195 4668 bine
208 4613 284 4668 vires
296 4619 394 4669 nactus
409 4614 546 4681 diabolus,
564 4622 592 4670 et
601 4617 716 4672 victoria
730 4619 828 4683 elatus,
850 4624 932 4672 aucto
973 4633 1029 4671 non
1045 4633 1110 4670 casu
1125 4632 1158 4669 ae
1172 4616 1288 4670 fortuito
1300 4632 1333 4670 ea
1348 4614 1485 4669 exstitisse
1508 4618 1593 4684 atque
1611 4611 1769 4666 conservari

130 4698 277 4756 bominum
291 4719 404 4772 genere,
420 4721 503 4758 omne
518 4705 705 4775 improbitatis
717 4723 807 4776 genus
821 4707 889 4777 ipsis
903 4706 933 4760 in
973 4704 1150 4759 existimarit.
1165 4706 1223 4759 Nec
1234 4720 1347 4759 rursum
1353 4710 1436 4758 tene
1448 4702 1604 4767 elementis,
1620 4705 1669 4754 aut
1681 4699 1770 4752 inani-

129 4789 256 4844 mimum
270 4790 376 4860 injecit.
388 4792 428 4846 Ex
439 4809 493 4864 quo
503 4792 606 4847 factum
616 4799 695 4849 estut
705 4796 779 4850 Deus
789 4795 932 4865 ingentem
973 4794 1026 4848 mis
1041 4794 1198 4848 simulacris
1213 4800 1328 4848 ornatus
1343 4791 1536 4864 hujuscemodi
1555 4805 1668 4844 causam
1681 4788 1769 4842 ascri-

129 4878 235 4947 peoeati
245 4879 383 4949 impeturn
393 4896 561 4935 coercereac
571 4883 725 4953 reprimere
735 4884 838 4945 volens,
850 4889 932 4937 terrea
972 4882 1044 4954 psit;
1060 4882 1110 4937 sed
1122 4884 1212 4937 Deum
1226 4899 1323 4938 verum
1339 4898 1389 4953 per
1401 4882 1459 4935 haec
1474 4877 1595 4949 agnovit,
1605 4882 1690 4948 atque
1705 4877 1769 4931 uni·

129 4963 265 5021 diluvium
280 4967 429 5034 induxerit,
447 4974 531 5039 atque
544 4972 931 5025 omnemanimamrirentem
971 4972 1045 5026 versi
1061 4972 1219 5026 effectorem
1234 4975 1263 5025 et
1283 4975 1506 5024 consumatorem
1531 4983 1592 5021 esse
1615 4965 1765 5023 intellexit.

128 5054 292 5110 exstinxerit
301 5055 376 5126 (Gen.
396 5057 451 5120 ru).
470 5059 540 5112 Cum
552 5065 646 5113 autem
654 5077 741 5116 unum
751 5060 888 5114 duntaxat
902 5061 931 5114 in
972 5060 1048 5115 Deus
1061 5066 1156 5115 autem
1167 5061 1228 5130 ejus
1236 5057 1403 5130 probitatem
1414 5055 1500 5110 animi
1512 5061 1597 5126 atque
1608 5055 1769 5121 candorem,

133 5140 179 5198 illa
188 5148 275 5198 aetate
286 5144 394 5214 justum
410 5145 499 5199 sirum
514 5147 673 5212 invenisset,
690 5148 763 5202 hunc
774 5164 837 5202 curn
846 5165 931 5203 uxore
977 5154 1141 5220 rectumque
1148 5147 1285 5219 judicium
1298 5144 1490 5217 comprobans,
1503 5143 1627 5216 seipsum
1633 5143 1659 5198 ei
1667 5143 1772 5214 patefe-

133 5230 274 5286 aeliberis
284 5232 314 5285 in
328 5248 394 5286 arca
408 5234 529 5304 quadam
542 5242 693 5302 serratum,
709 5237 799 5291 solum
815 5237 843 5290 in
856 5242 933 5292 terra
973 5237 1011 5292 eit
1041 5238 1105 5304 (non
1120 5236 1233 5307 quidem
1248 5238 1396 5288 utnatura
1413 5239 1465 5299 est,
1492 5249 1583 5303 neque
1610 5232 1686 5286 enim
1709 5232 1771 5286 fleri

132 5320 287 5375 constituit.
304 5320 490 5393 Posteaquam
506 5330 600 5378 autem
616 5341 728 5379 rursum
742 5326 870 5382 homines
883 5343 933 5382 nu·
974 5331 1066 5398 potest
1080 5330 1111 5379 ut
1125 5330 1220 5377 ereata
1234 5329 1335 5377 natura
1353 5324 1442 5376 Deum
1466 5326 1572 5387 cernat,
1598 5337 1696 5375 verum
1720 5336 1772 5391 per

133 5424 208 5465 mero
232 5409 332 5479 augeri
352 5418 506 5482 caeperunt,
528 5413 580 5467 Dei
602 5413 739 5468 oblivione
758 5415 831 5486 capti
856 5422 931 5482 sunt,
974 5411 1524 5484 dispensatoriasqnasdamDeivisiones,
1533 5408 1770 5480 quemadmodum

132 5502 214 5568 atque
225 5497 261 5552 ad
273 5504 432 5568 graviorem
447 5501 621 5573 impietatem
633 5509 831 5575 proruperunt,
844 5504 932 5575 utqui
973 5503 1033 5574 ipse
1047 5503 1143 5568 norit),
1157 5501 1367 5572 plenioremque
1379 5500 1423 5554 sui
1439 5499 1626 5570 cognitionem
1640 5498 1669 5551 in
1683 5494 1772 5567 ipsius

132 5584 249 5641 dirersis
261 5588 383 5658 peccatis
397 5589 427 5643 in
440 5590 604 5647 servitutem
615 5608 646 5646 se
664 5592 832 5659 addixerint,
848 5596 933 5667 atque
974 5590 1070 5647 animo
1080 5590 1216 5656 inserens,
1228 5589 1389 5660 gloriaeum
1399 5588 1502 5654 affecit,
1514 5586 1623 5658 sibique
1635 5582 1771 5640 famulum

131 5669 158 5733 in
168 5673 248 5729 varia
260 5673 504 5748 enommgenera
517 5679 712 5743 disbaxerint.
974 5678 1082 5735 ascivit.
1098 5677 1151 5745 Qui
1166 5679 1280 5751 quidem
1302 5688 1355 5749 per
1370 5677 1573 5732 successionem
1598 5671 1642 5726 bis
1664 5669 1712 5742 qui
1736 5665 1772 5722 ab
