3818 6120
129 276 185 339 tot
781 283 902 344 VERBA
920 280 1116 344 SENIORUM.
1714 290 1768 353 906

131 408 238 472 antem,
251 403 364 460 nanavi
386 420 421 460 ea
435 404 580 476 fratribus,
599 414 629 464 ct
654 409 802 467 audientes
815 427 850 467 ea
862 409 1116 483 mul-Alosephin
1130 411 1190 467 loco
1207 410 1255 486 qui
1266 408 1369 471 dicitur
1385 412 1530 491 Pauepho,
1550 390 1768 479 credensseali·

129 498 192 550 tum
207 493 338 550 aedidcati
352 501 429 552 sunt.
971 515 1057 571 quam
1068 500 1213 557 duriorem
1227 503 1428 561 continentiam
1435 507 1561 564 invenire
1567 510 1642 581 apud
1654 513 1769 571 eumllt

165 581 211 641 tl.
234 584 334 640 Frater
346 585 532 658 interrogavit
544 603 640 644 senem
651 591 802 662 quemdam
816 591 927 647 dicens:
970 589 1126 661 suscipiens
1149 606 1214 645 eum
1237 608 1321 649 senex
1336 611 1399 649 cum
1419 595 1532 667 gaudio,
1555 599 1631 669 quod
1645 599 1767 657 habebat

129 672 162 730 Si
172 673 253 730 fuero
265 674 296 729 in
305 674 401 747 aliquo
413 676 517 744 loco,ot
526 678 684 734 natafuerit
693 680 765 737 mihi
774 680 928 749 tribulatio,
970 677 1037 733 iecit
1046 679 1072 733 ei
1085 695 1137 750 pro
1146 680 1282 737 charitate
1294 684 1398 755 parari.
1419 685 1556 742 Dixeruut
1573 693 1669 743 autem
1685 689 1767 748 disci-

128 767 226 820 ctnon
235 763 361 820 habuero
375 765 420 820 cui
434 781 479 820 me
493 768 679 836 committam,
692 774 721 824 et
739 770 859 825 indicem
871 787 931 843 pas
971 767 1030 839 puli
1044 768 1153 839 Eulogii
1169 787 1176 822 ε
1192 769 1256 824 Non
1272 771 1393 826 comedit
1403 773 1549 846 presbyter
1560 775 1614 831 nisi
1626 793 1728 849 panem
1740 784 1769 835 et

129 853 239 909 sionem
253 852 341 909 animi
347 854 418 922 mei;
430 855 498 927 quid
506 856 577 912 facio
586 856 681 913 lDixit
694 859 720 913 ei
735 875 827 915 senex:
842 860 931 916 Crede
972 857 1070 919 salem.
1085 856 1171 913 abbas
1185 865 1280 915 autem
1294 860 1505 933 Josephtacitus
1514 864 1769 932 manducabat.Qui

128 941 161 998 iu
171 943 230 998 Deo
239 944 307 1015 quia
317 943 480 1016 ipsemittet
499 945 630 1016 angelum
639 952 668 1002 et
676 949 797 1019 gratiam
808 954 931 1016 suam,et
972 962 1036 1001 cum
1051 947 1181 1003 fecissent
1192 953 1250 1004 tres
1265 949 1334 1016 dies,
1350 966 1407 1005 non
1418 951 1569 1007 audierunt
1578 960 1684 1010 eosaut
1696 957 1769 1029 psal-

128 1031 192 1104 ipse
209 1032 262 1088 tibi
283 1038 328 1089 est
353 1034 515 1103 consolatio,
543 1035 611 1090 siin
628 1037 765 1093 charitate
788 1038 930 1109 rogaveris
971 1037 1061 1090 lentes
1075 1042 1253 1104 autorantes,
1266 1040 1491 1095 occultumenim
1502 1048 1643 1114 eratopus
1654 1044 1767 1102 illomm

129 1135 208 1177 eum.
223 1121 259 1178 Et
272 1121 382 1177 addidit
390 1122 486 1178 dicens
502 1124 621 1179 :Audivi
636 1126 711 1181 enim
726 1127 930 1200 quiainScythi
971 1130 1001 1180 et
1013 1125 1142 1181 exierunt
1151 1127 1222 1182 nihil
1244 1127 1382 1183 aedificati.
1407 1130 1465 1184 Deo
1481 1135 1576 1186 autem
1587 1132 1768 1204 dispensante

129 1209 240 1282 aliquid
253 1211 424 1267 talciactum
439 1219 491 1268 est.
507 1213 575 1268 Erat
594 1215 671 1269 enim
684 1215 723 1271 ibi
738 1217 852 1288 quidam
882 1217 930 1289 qui
971 1213 1097 1270 factaest
1111 1216 1210 1288 caligo,
1224 1221 1253 1272 ct
1267 1222 1394 1273 errantes
1409 1218 1444 1273 de
1465 1219 1510 1274 via
1524 1221 1629 1276 reversi
1652 1224 1768 1279 suntad

129 1299 291 1356 sustinebat
299 1301 470 1357 tentationes
499 1307 528 1357 et
555 1320 611 1358 non
624 1303 730 1360 habens
756 1306 888 1361 fiduciam
899 1307 930 1362 in
970 1320 1068 1359 senem
1084 1323 1090 1360 :
1107 1310 1136 1360 et
1156 1306 1323 1377 priusquam
1333 1307 1480 1378 pulsarent
1491 1309 1605 1378 ostium,
1617 1311 1770 1368 audierunt

130 1388 227 1461 aliquo
239 1389 283 1445 cui
293 1391 698 1465 confiteretur,parabatasero
710 1394 841 1450 melotem
849 1412 931 1450 suam
971 1394 1123 1466 psallentes
1135 1413 1141 1462 ;
1158 1399 1187 1449 et
1201 1411 1265 1449 cum
1280 1401 1488 1468 exspectassent
1500 1398 1549 1453 diu
1572 1404 1605 1455 ut
1627 1400 1768 1470 audirent,

130 1481 165 1533 ut
176 1477 353 1548 discederet3
368 1485 551 1538 eteccenocte
560 1483 692 1555 apparuit
701 1483 727 1538 ei
740 1484 833 1555 gratia
842 1484 931 1539 Deiin
972 1487 1070 1554 postca
1079 1482 1302 1554 pulsaverunt‚et
1310 1485 1433 1557 suscepit
1440 1502 1487 1541 eos
1495 1486 1598 1542 iterum
1607 1505 1692 1544 senex
1699 1505 1767 1562 gau-

129 1566 223 1640 specie
232 1564 358 1639 uirginis,
375 1574 404 1624 et
424 1569 543 1641 rogabat
562 1588 637 1638 eum,
653 1573 765 1628 diceus:
783 1573 931 1646 Nusquam
972 1570 1050 1626 dens.
1061 1572 1207 1642 Htjautem
1219 1572 1267 1645 qui
1276 1590 1339 1628 cum
1352 1573 1468 1645 Eulogio
1479 1581 1568 1643 amnt,
1577 1583 1693 1650 propter
1706 1596 1771 1635 cau·

130 1656 229 1727 radas,
239 1657 289 1712 sed
303 1658 370 1713 sede
385 1658 431 1714 hic
442 1676 563 1728 mecum,
575 1661 645 1716 nihil
657 1661 733 1717 enim
750 1663 823 1718 male
835 1664 885 1718 net
897 1677 930 1718 ex
972 1661 1701 1728 matuleruntsurisculam,etdederunteiutbiberet:
1709 1673 1771 1724 erat

130 1745 178 1801 his
194 1762 256 1817 quae
270 1746 384 1802 audisti.
400 1748 454 1813 Qui
472 1749 589 1805 credens
611 1750 703 1807 verbis
717 1752 778 1823 ejus
804 1752 886 1820 sedit,
902 1730 1068 1808 etBautem
1080 1766 1153 1822 aqua
1168 1752 1304 1822 permista
1320 1752 1355 1807 de
1369 1753 1441 1807 mari
1452 1758 1480 1808 et
1490 1753 1770 1828 flumineetnonpo·

130 1835 231 1891 statim
245 1842 376 1893 sanatum
393 1843 436 1893 est
450 1855 498 1893 cor
512 1840 582 1910 ejus.
970 1840 1027 1895 tuit
1039 1838 1144 1896 bibere.
1157 1841 1347 1905 Quicumhaec
1355 1840 1385 1896 in
1397 1841 1491 1898 animo
1500 1859 1552 1898 suo
1560 1843 1705 1915 cogitaret,
1717 1862 1770 1901 em-

353 1961 528 2020 L'BELLUS
542 1965 716 2022 OCTAVUS·
973 1929 1015 2002 pit
1036 1945 1135 2000 rogare
1149 1945 1256 1998 senem,
1272 1935 1305 1986 ut
1320 1931 1439 1987 disceret
1451 1932 1513 2002 eius
1534 1932 1705 2002 institutum,
1731 1935 1772 1990 di·

974 2035 1053 2074 cens:
1071 2019 1144 2083 Quid
1154 2025 1197 2074 est
1204 2020 1266 2086 hoc,
1276 2019 1524 2093 abba,quiaprimo
1531 2037 1587 2078 non
1595 2023 1769 2095 psallebatis,

181 2088 219 2144 ⁰⁶
232 2105 261 2143 ω
274 2089 346 2159 ΨΜ
360 2090 434 2145 nihil
445 2106 496 2160 W
508 2095 689 2147 ⁰⁸i⁶¹i³i⁰n⁶m
703 2095 768 2160 lit?i
780 2093 882 2149 dssbffli·
974 2108 1024 2162 sed
1034 2122 1108 2161 nunc
1117 2107 1224 2178 coepisti
1233 2112 1416 2179 posteaquam
1426 2123 1477 2163 nos
1494 2124 1592 2165 sumus
1608 2112 1723 2182 egressi,
1743 2119 1772 2169 ct

169 2193 195 2252 1.
211 2194 325 2251 Audivit
336 2197 487 2268 aliquando
502 2197 588 2253 abbas
597 2199 736 2254 Antonius
754 2200 790 2255 de
810 2201 932 2272 quodam
975 2195 1115 2266 quiscum
1127 2195 1771 2267 aquambiberevolui‚invenicamsalsamllli-

128 2285 235 2356 juvene
251 2286 389 2342 monacho
404 2287 470 2359 quia
484 2286 599 2358 signum
616 2288 758 2360 quoddam
770 2288 933 2361 hujusmodi
973 2285 1011 2340 cit
1026 2285 1051 2339 ei
1057 2300 1159 2341 senex:
1181 2285 1281 2340 Frater
1302 2285 1404 2356 aliquis
1418 2291 1511 2342 motus
1522 2293 1574 2355 est,
1594 2294 1624 2343 ct
1637 2305 1688 2361 per
1698 2307 1773 2346 erro-

131 2372 233 2430 fecerit
245 2379 344 2442 582
356 2376 387 2430 in
400 2375 455 2444 via,
469 2376 562 2444 idest,
577 2393 642 2432 cum
656 2377 772 2433 vidisset
796 2378 933 2449 quosdam
973 2389 1033 2429 rem
1043 2374 1157 2429 miscuit
1171 2390 1275 2446 aquam
1289 2375 1439 2430 marinam.
1462 2376 1596 2447 Eulogius
1610 2394 1675 2434 vero
1690 2396 1771 2452 roga·

132 2477 217 2519 senes
228 2463 283 2519 iter
296 2469 412 2535 agentes
427 2470 456 2520 et
467 2463 627 2522 laborantes
638 2465 668 2522 in
682 2465 936 2534 ambulandoona-
976 2461 1137 2530 batsenem,
1146 2463 1560 2535 volensagnoscereveritatem.
1578 2466 1611 2521 Et
1619 2465 1774 2524 dixiteise·

131 2552 194 2625 gris
205 2553 291 2624 iussit
298 2559 331 2608 ut
341 2553 469 2609 venirent
483 2560 512 2609 et
525 2560 674 2626 portarent
687 2572 746 2622 eos,
772 2555 860 2612 donec
874 2573 937 2629 per·
976 2568 1045 2607 nex:
1063 2553 1169 2608 Parvus
1178 2552 1226 2607 ille
1242 2552 1315 2608 calix
1333 2552 1370 2607 ad
1384 2552 1480 2609 vinum
1498 2561 1541 2609 est
1560 2556 1635 2627 quod
1651 2557 1774 2613 charitas

132 2641 265 2698 venirem
277 2642 313 2697 ad
329 2659 359 2698 se
376 2661 382 2710 ;
398 2642 440 2698 illi
454 2649 550 2699 autam
560 2660 646 2700 senes
660 2644 816 2701 indicantes
828 2644 937 2701 hocab-
976 2640 1112 2714 providet,
1130 2641 1320 2698 hicautemad
1334 2658 1532 2715 aquamquam
1551 2643 1664 2701 assidue
1673 2647 1774 2703 iratres

134 2729 196 2787 bati
208 2731 342 2799 Antonio,
367 2731 436 2788 dixit
450 2731 537 2788 abbas
550 2733 707 2789 Antonius:
725 2733 844 2790 Videtur
866 2733 935 2791 mihi
977 2729 1124 2786 bibuntEt
1132 2729 1176 2786 his
1186 2731 1278 2786 verbis
1285 2731 1380 2787 docuit
1388 2749 1453 2787 enm
1459 2732 1564 2789 habere
1578 2727 1775 2791 discretionem

133 2821 291 2876 menachus
314 2821 368 2876 iste
390 2820 490 2877 similis
505 2838 566 2877 csse
579 2821 643 2877 navi
660 2828 783 2879 onerata
805 2822 936 2878 omnibus
976 2818 1190 2890 cogitationum,
1207 2825 1236 2875 et
1255 2820 1375 2875 abscidit
1388 2820 1424 2876 ab
1439 2837 1472 2877 eo
1496 2818 1592 2878 omnia
1612 2823 1776 2879 humanitus

134 2908 228 2978 bouis,
242 2910 278 2965 de
293 2926 349 2982 qua
362 2909 502 2967 incertum
520 2916 563 2967 est
577 2915 672 2967 utrum
688 2912 834 2984 pervenire
848 2913 937 2984 possit
977 2909 1121 2963 moventia
1133 2914 1258 2964 mentem
1274 2910 1354 2981 cJ‘us;
1384 2915 1413 2964 et
1426 2910 1516 2966 factus
1543 2917 1587 2966 est
1607 2912 1773 2979 communis,

134 2997 169 3054 in
181 3004 307 3071 portum.
321 2999 357 3056 Et
372 3006 437 3072 post
449 2999 874 3074 aliquantumtemporia‚subito
884 3018 938 3056 ece·
978 2997 1151 3053 manducans
1165 2997 1200 3053 de
1213 3003 1314 3053 caetero
1325 2998 1419 3054 omnia
1434 3016 1496 3070 qum
1508 3000 1637 3072 apposita
1648 3007 1715 3057 sunt
1737 3003 1774 3061 ei.

135 3086 180 3160 pit
193 3086 280 3143 abbas
293 3089 434 3145 Antonius
447 3091 524 3158 llere,
548 3090 698 3146 attrahere
711 3090 764 3146 sibi
775 3089 899 3163 capillos,
909 3089 968 3152 etc
978 3086 1053 3142 Dicit
1079 3087 1164 3142 etiam
1191 3086 1252 3160 ipse
1263 3087 1294 3142 in
1305 3093 1413 3144 secreto
1421 3088 1543 3160 operari,
1559 3094 1588 3144 et
1601 3088 1672 3145 dixit
1686 3090 1747 3146 seni
1765 3109 1773 3146 t

134 3174 243 3246 lugere.
259 3175 341 3242 Quod
357 3193 421 3233 cum
435 3177 572 3233 vidissent
585 3177 933 3251 discipulicjusdicuntei:
977 3175 1032 3231 Pro
1046 3176 1164 3231 certain
1174 3175 1311 3232 charitate
1325 3181 1369 3232 est
1383 3193 1453 3248 opus
1467 3182 1602 3234 vestrum.

134 3263 407 3337 Qnidploras,abbal
417 3267 452 3322 Et
461 3267 606 3340 respondit
617 3284 710 3323 senex:
725 3268 937 3340 Magnacolum·
1014 3265 1040 3320 5.
1055 3264 1132 3321 Dixit
1143 3264 1231 3321 abhas
1247 3266 1340 3321 Zenon
1355 3264 1509 3339 discipulus
1523 3265 1635 3323 abbatis
1649 3266 1773 3325 Silvani:

135 3369 176 3410 aa
192 3354 317 3410 ecclesiae
331 3354 432 3411 cecidit
446 3355 661 3414 modo.Dicebat
674 3356 869 3413 antemhocde
879 3373 938 3412 mo-
978 3353 1130 3426 Nunquam
1146 3370 1260 3410 maneas
1270 3354 1300 3410 in
1313 3355 1374 3411 loro
1392 3355 1548 3425 nominato,
1563 3373 1655 3429 neque
1677 3357 1776 3414 sedeas

137 3443 230 3501 nacho
239 3443 288 3499 illo
299 3445 412 3516 juvene,
429 3451 458 3502 et
475 3446 595 3518 adjecit:
611 3445 805 3503 Ambulatead
818 3462 892 3514 eum,
909 3450 939 3501 et
981 3460 1045 3499 cum
1059 3442 1174 3498 homine
1195 3442 1316 3499 habente
1326 3460 1582 3517 magnumnomen,
1601 3462 1694 3518 neque
1707 3446 1777 3502 mit·

134 3533 229 3589 videte
243 3534 319 3606 quod
332 3534 438 3590 factum
451 3539 504 3594 est.
528 3537 715 3592 Perrexemnt
735 3536 824 3607 igitur
852 3535 936 3591 disci·
975 3539 1020 3589 tas
1033 3532 1258 3600 fundamentum,
1275 3538 1308 3589 ut
1317 3534 1438 3590 aedifices
1447 3534 1602 3591 tibicellam
1612 3535 1775 3609 aliquando.

135 3621 197 3695 puli
215 3623 286 3694 ejus,
307 3628 337 3679 et
358 3623 527 3680 invenerunt
550 3625 719 3681 monachum
744 3624 824 3680 illnm
852 3640 937 3698 super
1011 3622 1038 3678 6.
1053 3621 1138 3677 Venit
1161 3622 1313 3695 aliquando
1333 3622 1421 3678 irater
1443 3621 1558 3696 quidam
1589 3624 1625 3680 ad
1644 3624 1776 3682 abbatem

135 3716 258 3767 mattam
271 3712 426 3782 sedentem,
442 3719 471 3769 et
485 3715 753 3787 tlentempcccatum
768 3714 843 3786 quod
863 3713 937 3769 fece·
978 3711 1157 3768 Theodorum
1170 3713 1205 3767 de
1232 3712 1362 3781 Pherme,
1382 3717 1412 3768 et
1442 3712 1509 3768 iecit
1522 3718 1580 3769 tres
1599 3714 1659 3769 dics
1673 3730 1776 3786 rogans

136 3806 193 3857 rat.
207 3800 312 3857 Videas
326 3807 422 3857 autem
444 3803 595 3875 discipulos
605 3804 691 3871 senis,
702 3805 743 3859 ait
757 3803 816 3858 eis:
846 3803 936 3858 Dicite
979 3817 1045 3857 eum
1054 3806 1087 3856 ut
1105 3801 1216 3857 audiret
1230 3800 1265 3856 ab
1287 3818 1321 3856 eo
1335 3818 1505 3867 sermonem.
1530 3802 1580 3858 llle
1602 3809 1699 3859 autem
1719 3820 1777 3860 non

135 3889 200 3945 seni
212 3894 246 3945 ut
263 3889 391 3948 obsecret
400 3892 489 3947 Deum
504 3891 601 3947 decem
615 3897 727 3948 tantum
746 3892 936 3948 dierumdari
978 3890 1123 3962 respondit
1136 3890 1172 3958 ei,
1189 3895 1219 3946 et
1232 3907 1362 3962 egressus
1388 3891 1544 3947 esttristis.
1560 3890 1633 3948 uicit
1663 3910 1731 3965 crgo
1750 3894 1776 3949 ei

136 3979 209 4034 mihi
221 3979 359 4048 inducias,
377 3986 405 4035 et
418 3996 500 4054 spero
528 3997 574 4036 me
588 3981 799 4037 satisfacturum
825 3980 862 4036 ei.
883 3980 937 4046 Qui
979 3979 1132 4050 discipulus
1144 3995 1224 4034 suus:
1241 3979 1330 4047 abba,
1348 3997 1434 4052 quare
1445 3980 1481 4041 ei,
1492 3998 1548 4037 non
1567 3998 1597 4037 es
1613 3983 1731 4049 locutus,
1748 3990 1777 4043 et

135 4067 344 4142 intraquinque
355 4069 415 4125 dics
430 4074 559 4125 mortuus
572 4075 625 4129 est.
979 4084 1042 4123 ecce
1056 4084 1186 4140 egressus
1200 4072 1243 4123 est
1258 4068 1368 4123 tristis?
1392 4069 1427 4124 Et
1444 4069 1517 4125 dixit
1543 4086 1627 4125 senex
1649 4088 1655 4125 :
1686 4071 1777 4127 Crede

173 4156 205 4216 2.
225 4159 368 4214 Laudatus
383 4158 648 4230 estquidamfrater
663 4176 680 4214 a
699 4160 845 4217 monachis
862 4159 937 4233 apud
979 4157 1059 4224 mihi,
1074 4157 1140 4229 quia
1153 4172 1209 4212 non
1220 4156 1347 4212 dicebam
1361 4156 1388 4212 ei
1395 4173 1563 4226 sermonem,
1580 4159 1713 4231 quoniam
1728 4176 1777 4215 ne·

136 4246 270 4306 abbatem
283 4247 438 4304 Antonium
447 4266 453 4303 :
462 4248 511 4304 ille
520 4255 617 4305 autem
626 4265 690 4304 cum
701 4250 821 4305 venisset
831 4250 939 4304 adeum
978 4247 1102 4318 gotiator
1115 4251 1167 4314 est,
1181 4245 1280 4300 alienis
1294 4244 1385 4301 verbis
1399 4247 1459 4300 vult
1471 4247 1596 4317 gloriari.

136 4326 258 4394 tentam
271 4337 296 4392 si
310 4341 436 4409 portaret
448 4338 583 4410 injuriam
600 4357 607 4407 ς
638 4344 744 4394 etcum
765 4338 940 4411 cognovisset
1016 4337 1042 4391 7.
1054 4335 1229 4391 Altertrater
1242 4335 1427 4407 interrogavit
1438 4335 1530 4408 ipsum
1548 4335 1775 4392 abbatam'l'heo·

136 4426 205 4500 qaia
217 4443 275 4483 non
288 4433 383 4500 posset
400 4427 483 4495 serre,
505 4427 576 4484 dixit
591 4428 634 4483 ei:
656 4428 762 4484 Similis
786 4445 817 4483 ee
845 4416 1201 4492 domuiDdorum‚dicens:
1216 4424 1265 4480 Vis
1278 4424 1430 4497 aliquantis
1440 4425 1539 4480 diebus
1561 4441 1619 4481 non
1638 4424 1777 4482 manduco

137 4519 202 4588 qnae
217 4516 316 4573 atacis
331 4517 445 4590 quidem
466 4523 566 4574 ornata
578 4524 630 4587 est,
646 4518 681 4574 de
701 4523 776 4574 retro
787 4534 851 4574 vero
866 4534 884 4574 a
897 4518 936 4573 la·
976 4514 1092 4586 panem?
1109 4515 1143 4569 Et
1156 4513 1227 4569 dixit
1240 4531 1343 4570 senex:
1360 4514 1524 4583 benefacis,
1537 4531 1603 4570 nam
1619 4519 1648 4569 et
1663 4514 1777 4586 egoteci

138 4604 269 4662 monibus
275 4606 441 4679 despoliata.
978 4605 1028 4660 sic.
1044 4604 1079 4660 Et
1092 4604 1162 4659 dixit
1171 4604 1197 4659 ei
1220 4603 1309 4660 irater
1324 4603 1408 4671 ;Volo
1419 4608 1532 4676 portare
1548 4603 1689 4660 modicum
1704 4604 1778 4661 cicer

172 4694 201 4750 3.
216 4694 352 4751 Dicebant
369 4696 404 4752 de
422 4695 524 4753 abbate
543 4697 664 4753 Arsenio
679 4702 709 4753 et
726 4696 827 4753 abbate
848 4697 937 4753 Theo·
978 4694 1013 4749 ad
1032 4693 1194 4766 pistrinum,
1220 4698 1249 4749 et
1262 4693 1353 4748 iacere
1376 4692 1442 4748 inde
1457 4692 1595 4749 farinam!
1617 4694 1652 4748 Et
1670 4693 1741 4749 dixit
1750 4692 1777 4750 ei

136 4782 209 4840 doro
223 4783 258 4839 de
270 4783 400 4853 Pherme,
416 4785 485 4856 quia
495 4802 581 4859 super
595 4787 690 4842 omnia
702 4787 856 4842 humanam
878 4785 938 4856 glo·
977 4781 1063 4839 abbas
1081 4783 1244 4840 Theodorus
1260 4800 1267 4837 ε
1284 4783 1347 4838 lam
1362 4782 1386 4837 si
1400 4782 1435 4837 ad
1450 4779 1602 4854 pistrinum
1620 4781 1708 4849 vadis,
1732 4782 1777 4839 sac

137 4872 212 4929 riam
226 4872 292 4930 odio
306 4873 456 4930 haberent:
469 4874 556 4930 abbas
572 4876 647 4931 enim
662 4874 798 4931 Arsenius
814 4891 870 4930 non
881 4874 938 4929 cito
979 4872 1031 4928 tibi
1046 4889 1168 4945 panom3
1184 4879 1211 4927 et
1226 4871 1293 4944 quid
1303 4887 1373 4943 opus
1387 4876 1430 4926 est
1441 4871 1496 4926 ista
1510 4870 1650 4941 adiectio!

137 4960 304 5019 occurrebat
312 4963 396 5019 alicui
406 4985 414 5031 ς
425 4962 512 5020 abbas
523 4979 588 5020 vero
598 4965 761 5021 Theodorus
773 4963 939 5020 occurrebat
1013 4958 1041 5018 8.
1053 4961 1133 5017 nlius
1146 4961 1234 5016 frater
1246 4959 1431 5032 interrogavit
1440 4960 1571 5015 eumdem
1585 4976 1680 5016 senem
1688 4960 1776 5018 abba-

138 5049 266 5125 quidem,
282 5050 331 5107 sed
346 5057 379 5107 ut
390 5053 502 5123 gladius
512 5060 574 5109 erat
583 5053 619 5108 ei.
978 5056 1037 5107 tem
1046 5051 1234 5118 Theodorum,
1255 5054 1285 5105 et
1297 5050 1381 5121 eoepit
1392 5049 1468 5121 loqui
1481 5054 1509 5105 et
1521 5049 1668 5122 exquirere
1686 5050 1721 5106 de
1736 5067 1778 5106 re⁴

155 5161 158 5165 ·
173 5136 201 5197 l.
210 5139 345 5212 Eulogius
352 5142 468 5213 quidam
476 5142 756 5216 nomine,discipulus
762 5142 817 5197 fnit
823 5141 939 5197 ioannis
979 5140 1032 5195 bus
1043 5138 1240 5212 quasnec'dum
1253 5139 1346 5194 suerat
1359 5143 1501 5211 operatus.
1522 5136 1557 5194 Et
1570 5138 1641 5195 dixit
1649 5138 1675 5195 ei
1681 5156 1776 5195 senex:

142 5227 357 5302 archiepiscopi:
367 5231 414 5304 qui
423 5232 556 5303 Eulogius
567 5232 714 5304 presbyter
724 5237 796 5300 erat,
811 5236 841 5287 et
851 5230 940 5286 absti-
980 5229 1078 5285 Adhuc
1090 5244 1142 5283 nec
1162 5226 1214 5283 tibi
1235 5244 1335 5283 navem
1355 5227 1496 5295 invenisti,
1512 5243 1564 5283 nec
1588 5245 1656 5284 vasa
1684 5234 1734 5285 tua
1747 5228 1778 5283 in

137 5319 710 5392 ncusatquaJ'ejuaansbiduanaslevando
722 5318 940 5392 (dilaliquando
982 5335 1044 5374 eam
1064 5316 1191 5390 posuisti,
1207 5334 1259 5373 nec
1273 5316 1404 5389 navigare
1426 5316 1544 5389 coepisti,
1565 5318 1665 5389 etjam
1687 5317 1718 5371 in
1730 5316 1779 5371 illa

136 5408 225 5465 etiam
248 5414 278 5465 et
297 5425 387 5481 usque
399 5409 605 5466 hebdomadam
631 5408 763 5466 trahebat
786 5408 938 5482 jejunium,
982 5406 1154 5474 civitate,ubi
1169 5405 1336 5479 disponebas
1350 5406 1522 5480 pervenisti?
1537 5407 1608 5463 Cum
1627 5403 1779 5477 ergoprius

135 5512 241 5572 paam
267 5503 431 5556 mammet
459 5500 548 5558 salem
567 5499 741 5568 comedens3
771 5504 801 5555 ct
822 5515 874 5572 per
887 5498 940 5554 hoc
981 5502 1112 5570 operatus
1136 5496 1223 5554 fueris
1241 5513 1302 5555 rem
1317 5496 1352 5554 dc
1366 5513 1421 5573 qua
1440 5496 1572 5577 loqueris,
1589 5500 1701 5554 tuuccx
1716 5492 1779 5570 ipsa

136 5586 309 5653 laudabatur
322 5587 358 5646 ab
380 5589 552 5648 homiuibus.
577 5590 633 5661 Qui
652 5588 728 5651 veuit
751 5587 788 5649 ad
810 5587 941 5649 abbatem
981 5585 1147 5666 reloquere.

263 5688 398 5782 temon
420 5689 559 5761 txxllt.
1619 5683 1660 5754 tt
