3818 6120
166 268 216 328 651
679 260 726 319 DE
743 262 839 319 VITIS
858 261 1006 319 Parnon
1023 262 1130 319 LIBER
1147 261 1293 320 PRIMUS.
1701 299 1706 306 ·
1750 269 1803 328 65⁸2

166 391 305 450 nuntiavit
313 389 409 446 omnia
418 385 651 443 abbati.Veniens
660 391 755 441 autem
767 385 853 441 abbas
863 386 963 441 cecidit
968 394 995 455 Α
1003 385 1102 452 Deum,
1113 386 1220 459 gratias
1227 391 1341 458 agentes
1352 387 1378 442 ei
1387 389 1467 460 cujus
1477 394 1544 445 sunt
1553 389 1649 445 omnia
1655 406 1717 463 quae
1727 390 1802 448 bona

167 497 334 555 supeream,
346 484 376 534 et
391 477 500 549 ejulans
519 474 646 531 dicebat:
660 475 845 547 Euphrosyne
859 490 963 546 sponsa
1003 481 1078 530 sunt.
1088 476 1265 549 Multumque
1278 477 1426 533 confortati
1437 484 1464 534 et
1478 478 1617 549 aedificati,
1629 481 1802 554 sepelierunt

167 570 280 634 Christi,
297 574 324 624 et
337 568 394 622 filia
404 570 575 632 sanctorum,
588 581 624 620 ne
634 563 804 620 obliviscaris
814 580 962 619 conservo·
1003 582 1065 620 eam
1081 565 1109 620 in
1118 572 1302 623 monumento
1312 574 1437 639 patrum.
1454 569 1538 624 Pater
1550 586 1615 625 vero
1629 572 1692 642 ejus
1706 571 1802 627 omnia

165 678 228 716 rum
243 664 355 715 tuorum
372 662 401 712 et
414 657 499 728 hujus
511 654 685 721 monasterii,
695 654 743 709 sed
757 670 806 708 ora
820 671 871 725 pro
881 649 961 709 n'obis
1004 671 1064 727 quae
1078 654 1186 724 habuit,
1197 655 1227 711 in
1237 657 1354 711 ecclesia
1363 663 1391 712 et
1405 659 1575 714 xenodochio
1586 665 1616 715 et
1628 661 1801 717 monasterio

165 747 200 804 ad
208 749 359 805 Dominum
369 748 466 802 Jesum
476 745 629 811 Christum,
641 748 673 798 ut
691 743 834 798 iaciatnos
844 742 963 797 viriliter
1003 745 1131 812 offerens,
1143 761 1292 801 conversus
1303 748 1384 802 estin
1394 748 1491 802 eodem
1502 750 1685 817 monasterio,
1703 755 1732 806 et
1742 751 1801 822 plu·

163 838 296 894 certando
308 835 495 910 perveniread
514 839 627 907 portum
644 832 752 898 salutis,
764 838 793 886 et
804 831 961 903 portionem
1003 833 1104 888 n‘mam
1119 843 1227 906 partem
1251 835 1415 892 substantia
1434 855 1491 894 suae
1510 838 1616 894 ibidem
1633 839 1755 894 offerens
1776 841 1803 899 in

163 928 266 984 habere
279 944 374 983 secum
389 931 417 980 et
428 941 492 980 cum
502 923 606 979 sanctis
619 923 687 977 suis.
705 923 739 976 Et
753 922 839 993 jussit
849 927 881 977 ut
893 938 960 977 con·
1002 924 1101 978 eadem
1112 924 1288 980 eellaibidem
1301 926 1463 982 demoratus
1473 934 1525 996 est,
1533 929 1562 986 in
1572 929 1671 984 eodem
1681 929 1803 1001 psiathio

161 1021 348 1089 gregarentur
361 1031 459 1071 omnes
474 1014 584 1078 fratres,
604 1017 637 1067 ut
658 1029 721 1067 cum
739 1012 846 1066 honore
866 1010 960 1066 debito
1003 1011 1042 1080 (l)
1055 1013 1197 1069 dormiens
1211 1015 1240 1069 in
1256 1032 1311 1086 quo
1327 1016 1520 1089 Euphrosyne.

162 1111 291 1162 sanctum
300 1105 482 1177 corpusillius
493 1103 643 1175 sepulturae
653 1101 820 1156 traderetur.
830 1101 960 1155 Dumau-
1036 1102 1113 1157 Vixit
1121 1109 1215 1159 autem
1231 1105 1408 1176 Paphnutius
1417 1106 1446 1161 in
1454 1112 1551 1163 sancto
1558 1108 1705 1181 proposito
1713 1125 1801 1164 annos

161 1205 219 1251 tem
233 1195 396 1267 congregati
413 1194 554 1260 adessent,
571 1197 599 1247 et
613 1191 747 1247 vidissent
767 1198 826 1246 tam
841 1197 958 1263 stupen-
1000 1191 1106 1256 decem,
1118 1194 1343 1264 etemigravitad
1354 1195 1611 1269 Dominunr:J'uxta
1621 1198 1709 1253 filiam
1720 1215 1800 1254 suam

162 1285 229 1341 dum
248 1284 416 1340 miraculum
432 1282 626 1355 glorificabant
640 1281 740 1348 Deum,
761 1280 808 1353 qui
828 1280 914 1335 etiam
928 1280 957 1335 in
1000 1281 1171 1352 sepelierunt
1183 1299 1246 1337 eum
1261 1284 1421 1354 glorificans
1435 1286 1525 1340 Deum
1540 1284 1628 1343 abbas
1640 1304 1706 1342 cum
1723 1288 1799 1343 omni

161 1370 958 1444 femineosexusragilitantamiraculaoperatur,Quidam
999 1373 1399 1444 mscongregationebies
1409 1380 1504 1430 autem
1513 1376 1690 1448 migrationis
1702 1394 1799 1433 eorum

161 1471 255 1521 autem
271 1463 358 1519 irater
375 1480 463 1519 unum
478 1461 586 1516 habens
610 1460 732 1527 oculum,
759 1459 900 1514 osculatus
915 1465 959 1514 est
998 1459 1033 1513 ad
1048 1461 1199 1516 Dominum
1208 1462 1366 1518 celebratur
1375 1463 1404 1518 in
1419 1465 1518 1519 eodem
1528 1467 1799 1539 monasteriousque

159 1555 266 1609 vultum
275 1554 337 1624 ejus
346 1569 410 1607 cum
420 1551 563 1624 lacrymis,
573 1549 725 1620 statimque
739 1554 772 1604 ut
783 1564 845 1603 eam
853 1548 954 1620 tetigit,
997 1549 1027 1604 in
1041 1555 1208 1621 presentem
1222 1552 1307 1618 diem,
1318 1552 1508 1623 glorificantes
1522 1556 1615 1610 Deum
1630 1557 1756 1624 Patrem,
1769 1562 1797 1612 et

158 1643 256 1699 oculus
266 1643 292 1698 ei
311 1643 459 1698 restitutus
473 1645 524 1696 est.
541 1640 577 1695 Et
590 1639 715 1694 videntes
735 1654 832 1693 omnes
854 1637 955 1693 fratres
997 1638 1107 1707 Filium,
1120 1645 1148 1695 et
1158 1640 1293 1711 Spiritum
1304 1648 1442 1710 sanctum,
1454 1643 1497 1698 cui
1509 1650 1551 1699 est
1562 1644 1652 1700 bonor
1661 1650 1691 1700 et
1706 1645 1797 1716 gloria

158 1733 206 1803 qui
234 1733 351 1788 aderant
373 1732 426 1787 hoc
453 1730 527 1803 quod
550 1729 654 1784 iactum
681 1733 725 1782 est
751 1720 1441 1787 benedixeruntltinseculasaeculorum.nn1en.

788 1853 980 1909 ROSWEYDI
999 1855 1168 1911 ΝΟΤΑΤΙΟ.
1252 1917 1255 1922 ,

193 1954 228 2030 (l)
239 1951 689 2026 aopornyne.]n1artyrologium
701 1950 869 2019 Romanum,
883 1951 894 2005 l
910 1952 955 2006 la·
1032 1950 1067 2020 (3l
1083 1954 1218 2023 Ptocbia.]
1233 1955 1305 2009 Mira
1323 1956 1369 2009 hic
1383 1956 1524 2011 variorum
1542 1956 1680 2013 librorum
1704 1959 1795 2015 lectio.

157 2027 249 2082 nuarii
262 2046 268 2082 :
282 2026 481 2082 «Alexandriae
495 2025 632 2096 depositio
646 2029 749 2078 sanetae
763 2023 954 2094 Euphrosyne
995 2023 1138 2094 Pleraque
1158 2025 1294 2081 editiones
1315 2027 1419 2083 habent
1432 2033 1543 2097 tapetio,
1560 2029 1747 2100 ineptissime.
1763 2031 1795 2087 ln

155 2099 281 2170 virginis,
298 2115 359 2169 quae
378 2100 407 2153 in
422 2096 592 2152 monasterio
612 2096 715 2149 virtute
735 2093 911 2149 abstinentiae
925 2099 955 2149 et
994 2095 1184 2169 manuscripto
1201 2098 1406 2153 audomarensi
1425 2106 1486 2154 crat
1509 2102 1626 2169 topatio.
1646 2101 1766 2158 Indubie
1776 2118 1796 2172 p

156 2170 298 2226 miraculis
314 2170 423 2225 claruit.
439 2166 649 2238 rMenologium
668 2165 836 2232 Graecorum,
851 2165 886 2221 25
902 2165 952 2220 Se·
993 2168 1234 2237 transponendum
1252 2168 1459 2242 legendumque
1480 2173 1599 2239 ptochio,
1623 2183 1750 2246 πτωχεῑα,
1767 2173 1796 2229 id

154 2241 307 2313 ptembrie:
323 2241 561 2297 «Natalissancte
571 2239 670 2293 matris
680 2243 782 2292 nostra
789 2236 952 2309 Euphrosy-
993 2243 1036 2292 est
1044 2255 1199 2308 pauperum
1209 2242 1315 2294 doinus.
1329 2242 1426 2296 Solent
1436 2241 1554 2297 subinde
1562 2243 1654 2297 Latini
1665 2249 1794 2300 auctores

154 2329 208 2377 nae,
222 2311 297 2368 beati
313 2311 465 2384 Paphnutii
543 2309 599 2435 ptii
614 2309 688 2364 filiae.
701 2307 890 2390 alienanti>
901 2308 951 2363 Se·
977 2308 1096 2364 'Graecis
1108 2310 1248 2365 vocabulis
1262 2312 1314 2378 uti,
1336 2330 1400 2367 cum
1418 2314 1520 2368 Latina
1533 2315 1623 2369 versio
1643 2316 1794 2370 commoda

153 2383 289 2454 ptembris
299 2383 424 2439 versibus
432 2382 532 2438 iambis
566 2382 634 2435 itam
643 2380 766 2435 breviter
778 2384 948 2451 exprimunt.
991 2395 1047 2435 non
1061 2382 1191 2436 occurrit.

189 2454 357 2537 Gelasimus,
380 2460 469 2510 ΰθῑὸῒ·
489 2454 524 2539 ὃξῖ
538 2451 695 2536 ΜΒΓἙΥΓΟῙἿ
714 2451 755 2505 ait
776 2452 849 2532 *lanc
863 2451 950 2505 etiam
1026 2469 1315 2542 (Diliemcomialita
1323 2473 1374 2527 Ms.
1384 2473 1573 2531 bertinianus.
1584 2475 1683 2530 Prima
1691 2476 1787 2543 editio,

151 2524 366 2581 flbfllsssdlssfflm
381 2527 574 2608 soporatam,
584 2539 700 2605 elussllu,e
712 2527 949 2604 Πέθῃῖῑῦῃθωθῧξθ
990 2543 1146 2607 ierocomia,
1159 2542 1232 2614 quod
1238 2549 1369 2597 ortumex
1379 2546 1529 2617 scriptione
1535 2549 1693 2601 icrocomio.
1703 2547 1790 2603 Intel-

152 2592 949 2724 {pppisDpprcppcepiffltfftffipaeffl&gbzssssssffffid
989 2610 1046 2736 lipo
1061 2614 1235 2680 hierocomia,
1251 2614 1299 2669 ubi
1312 2621 1447 2671 curantur
1460 2617 1508 2688 qui
1523 2634 1600 2672 sucro
1615 2621 1719 2687 morbo,
1737 2621 1789 2693 ἱερῇ

150 2686 487 2822 ¹Damascenumqmentio,
502 2684 551 2793 sgd
562 2754 618 2791 non
634 2681 830 2820 superogare,
842 2681 909 2806 qua}
913 2736 948 2790 ab
989 2684 1217 2828 voff'ssbmnt'
1258 2776 1293 2830 b
1357 2780 1362 2790 .
1414 2777 1473 2811 v„
1533 2777 1557 2831 G
1615 2778 1637 2808 -,
1782 2779 1788 2791 ·

151 2809 377 2866 illadrversaest.
389 2811 456 2866 Dies
465 2816 559 2865 autem
570 2808 673 2863 natalis
683 2808 948 2876 Euphroneoccur·
989 2773 1066 2898 hffz
1103 2790 1257 2901 “wmow
1273 2776 1395 2859 immiti
1414 2797 1511 2849 etitm
1559 2794 1638 2832 ‘⁸2⁰¹‘
1659 2778 1790 2834 m⁰⁰³⁰h¹

149 2880 345 2938 ritl3biartii.
358 2882 429 2937 Vide
440 2882 485 2936 hic
500 2881 583 2952 paulo
598 2885 664 2935 ante
675 2879 703 2933 in
719 2879 884 2948 Ereptroaia.
1008 2860 1053 2898 ³¹
1068 2862 1109 2899 ⁰⁸·
1151 2863 1196 2900 ¹2
1235 2854 1418 2903 mmmmm·

185 2952 375 3027 Euphrosyne
381 2954 474 3008 Vitam
485 2952 570 3007 habes
583 2968 632 3023 per
645 2950 865 3021 Metaphrastem
871 2949 946 3074 alpad
1025 2934 1058 3002 ⁴3)
1073 2937 1191 2989 Jasslavl'i
1206 2939 1238 2991 Μ
1252 2938 1351 3004 saliem
1364 2942 1423 3007 ΘΜ
1440 2938 1566 3009 aquam]
1583 2940 1625 2993 stst
1640 2940 1708 2994 ⁰¹i¹¹¹
1722 2955 1788 2996 ⁰¹⁸·

148 3023 345 3096 Lipomanum‚
373 3031 450 3081 tomo
470 3024 518 3088 pl¹
542 3028 571 3078 et
592 3021 717 3087 Surium,
738 3029 807 3075 tom,
833 3020 854 3075 1,
907 3037 947 3074 Μ
987 3005 1442 3131 η’ἰηιαῖίεΐνίἱίᾱααὶῑυηάᾒεοίἰῐᾳ.
1459 3010 1559 3093 Supra,
1577 3011 1643 3092 llita
1659 3012 1788 3083 Euphra.

149 3111 235 3166 quam
249 3096 349 3151 damus
363 3096 499 3151 hactenus
511 3095 585 3150 inter
594 3094 673 3148 Vitas
688 3093 805 3147 Petrum
819 3090 873 3146 tuit
890 3092 945 3145 cir·
987 3093 1044 3143 ⁸¹³³,
1062 3077 1149 3150 cap-‘2
1188 3099 1198 3130 ⁸
1217 3095 1319 3151 aquam
1332 3097 1361 3134 m
1371 3081 1469 3135 tactem
1483 3098 1544 3152 eJus
1558 3089 1643 3136 misit.
1659 3101 1671 3134 ι

147 3167 279 3222 cumlate.
293 3166 524 3240 comparavimus
539 3182 601 3221 eam
616 3181 678 3221 eum
693 3163 834 3218 veteribus
848 3163 946 3220 editio·
1022 3164 1057 3234 47)
1073 3168 1106 3221 Ia
1120 3168 1210 3222 eoderu
1219 3169 1362 3240 patellae]
1371 3170 1422 3225 lis.
1437 3170 1634 3226 bertinianus:
1649 3174 1681 3226 in
1692 3175 1786 3228 ecdem

147 3237 230 3294 nibus
244 3243 273 3294 et
287 3239 335 3295 lis,
983 3237 1116 3305 pitriolo.
1134 3238 1217 3304 Enni,
1231 3243 1264 3293 in
1283 3243 1372 3295 eodem
1395 3247 1497 3297 stratu.
1514 3242 1601 3297 Recta
1614 3242 1696 3298 lectio
1714 3248 1786 3312 psia-

184 3307 218 3380 θ)
235 3311 434 3392 Paphnutius]
449 3309 639 3380 Menologium
653 3308 823 3373 Graecorum,
848 3306 882 3364 25
898 3309 946 3363 Se-
986 3308 1086 3374 titiam,
1100 3308 1129 3362 id
1145 3315 1188 3364 est
1210 3311 1338 3378 mattula,
1354 3317 1387 3366 ut
1406 3314 1466 3383 J‘am
1482 3329 1554 3384 saepe
1576 3314 1697 3374 dictum.
1714 3316 1785 3371 Vide

146 3380 251 3452 ptemb.
266 3400 279 3436 a
292 3381 397 3437 Eodem
407 3381 452 3436 dre
462 3378 693 3436 commemoratio
699 3378 773 3433 beati
779 3379 941 3449 Paphnutii,
952 3361 1194 3435 Gonomasticon.

145 3452 234 3522 patris
240 3453 460 3526 Euphrosyne.»
474 3453 507 3507 In
517 3449 941 3508 Mcnaeiseodemdiedeeodem.

835 3729 979 3778 ocrooltls
1000 3732 1084 3778 xlllx-

234 4042 603 4180 SANCTAE
651 3851 1573 4183 Mlufffduuu'rfflcls
1617 4115 1682 4199 m.

581 4246 772 4324 uaeris
796 4247 1034 4323 aeneum
1061 4247 1334 4342 nennium,

510 4403 693 4467 AUCTORE
719 4401 873 4464 sancto
903 4403 1076 4464 EPHRAEM
1103 4403 1408 4481 ARCHIDIACONO,

734 4535 960 4593 INTERPRETE
978 4536 1167 4594 ANONYMO.

467 4664 525 4720 Hac
540 4669 655 4732 estpars
677 4663 737 4717 Vite
750 4665 840 4717 sancti
854 4662 977 4730 abraba,
995 4678 1053 4732 que
1067 4663 1183 4717 babetur
1197 4678 1293 4732 supro,
1311 4665 1360 4718 col.
1378 4663 1441 4719 981.

172 4899 264 4958 claun
278 4916 390 4957 aarunn.
407 4928 439 4942 -
459 4897 648 4964 vomentem,
664 4894 847 4964 dilectissimi,
864 4896 1050 4960 una-Dtibus
1062 4896 1190 4954 orbatam
1211 4898 1271 4954 noti
1286 4896 1424 4970 unicique
1443 4898 1532 4970 patris
1550 4899 1612 4970 ejus
1627 4899 1767 4972 vidissent,

135 4991 258 5049 nimitati
269 4994 366 5046 vestrae
379 4989 465 5045 etiam
479 4986 556 5042 aliud
571 4985 929 5057 admirandumnegotium,
972 4992 1073 5060 patruo
1087 4989 1149 5059 ejus
1159 4987 1220 5044 sine
1230 5005 1310 5063 mqra
1324 4987 1491 5060 producunt.
1508 4989 1636 5062 Cumque
1651 5007 1717 5047 mm
1729 5007 1769 5047 se·

135 5080 210 5154 quod
229 5080 258 5135 in
269 5084 412 5135 senectute
431 5094 482 5133 sua
502 5093 545 5132 mr
558 5075 658 5131 beatus
671 5075 768 5147 gessit,
785 5092 928 5131 enarrare.
971 5077 1035 5131 nior
1048 5081 1183 5145 cerneret,
1200 5078 1231 5133 in
1244 5078 1313 5134 cella
1335 5094 1387 5133 sua
1405 5077 1536 5134 exteriori
1547 5077 1629 5150 jubet
1651 5079 1766 5137 includi.

134 5172 184 5229 list
197 5169 274 5225 enim
288 5167 460 5239 sapientibus
474 5182 507 5221 ac
525 5165 719 5238 spiritualibus
734 5164 800 5220 viris
815 5166 929 5237 plenum
971 5165 1038 5222 Erat
1052 5172 1146 5223 autem
1156 5167 1186 5222 in
1194 5167 1287 5224 medio
1298 5167 1444 5238 utriusque
1458 5168 1563 5223 cellalae
1574 5167 1700 5225 fenestra
1709 5186 1768 5242 per·

132 5257 335 5326 aedificationis,
347 5272 463 5311 necnon
474 5255 731 5326 humilitatisatque
741 5254 930 5326 compunctio·
969 5256 1088 5323 modica,
1101 5271 1243 5328 perquam
1257 5256 1374 5312 docebat
1384 5272 1445 5311 eam
1461 5257 1626 5328 psalterium
1640 5257 1767 5331 aliasque

131 5351 175 5406 nis
185 5346 356 5421 exemplum.
370 5345 426 5400 Res
439 5362 505 5399 vero
518 5350 598 5416 gesta
607 5342 799 5416 hujuscemodi
812 5350 872 5400 est:
969 5344 1131 5419 scripturas,
1139 5351 1235 5401 etcum
1249 5362 1281 5400 eo
1289 5350 1384 5411 369
1393 5345 1422 5400 in
1428 5345 1558 5401 laudibus
1566 5346 1683 5401 Domini
1697 5348 1766 5419 vigi·

165 5442 231 5497 Cre.
256 5436 293 5494 II.
311 5467 343 5479 -
368 5433 474 5490 Habuit
492 5433 533 5488 vir
554 5433 652 5509 beatus
675 5433 817 5489 Abraham
835 5434 927 5489 carnis
968 5433 1053 5501 labat,
1069 5439 1097 5490 et
1111 5436 1234 5507 psalmos
1251 5435 1432 5491 nihilominus
1447 5435 1621 5502 concinebat,
1635 5440 1724 5508 atque
1737 5437 1765 5493 in

128 5527 338 5604 propinquitate
351 5538 517 5596 germanum
531 5538 606 5593 :quo
616 5520 757 5591 delunoto,
772 5523 856 5578 unica
868 5523 927 5579 filia
967 5525 1044 5580 omni
1054 5524 1224 5580 abstinentie
1234 5524 1359 5580 emulari
1369 5541 1451 5581 suum
1466 5531 1599 5598 patruum
1611 5524 1764 5584 nitebatur.

127 5621 332 5690 ejueannorum
346 5620 454 5687 septam
468 5610 647 5684 relinquitur.
657 5613 747 5678 Quam
755 5629 817 5668 cum
828 5630 927 5686 paren·
966 5613 1104 5671 Alacriter
1125 5624 1237 5688 quoque
1260 5614 1290 5670 in
1301 5618 1428 5700 'arrepto
1452 5614 1584 5671 instituto
1602 5614 1762 5690 proficiens,
