3818 6120
139 285 194 346 m
650 280 1264 345 oaurrsmreonnoaareruus.
1494 296 1499 305 ·
1719 287 1773 351 rso

144 413 232 483 irruo
243 423 342 476 xxvnu
356 408 439 463 dccli.
455 408 497 471 n).
513 404 572 458 lloc
586 403 681 474 itaque
702 422 765 461 cum
779 405 879 460 fnisset
893 406 1079 468 fo-Atientiae
1092 424 1218 475 munere,
1234 392 1262 463 et
1272 424 1339 478 erga
1348 409 1438 465 Deum
1453 411 1670 482 proximumque
1682 413 1774 486 puris·

141 511 227 568 0tum,
245 503 357 572 postera
370 494 494 550 dicidem
503 493 935 566 fratermoturoproficiscens,ac
975 497 1047 550 sima
1060 498 1208 552 dilectione
1225 515 1282 568 prm
1292 498 1387 551 niultis
1398 499 1540 554 nitebatur
1551 502 1696 556 excellcre.
1706 502 1774 557 llaec

141 593 218 648 velut
239 586 398 658 exprobans
413 583 463 647 eie,
475 582 570 637 aiebat
586 601 592 637 ε
609 582 661 637 Ubi
675 588 717 637 est
736 585 805 651 sides
824 586 935 638 restra?
976 593 1070 641 autem
1084 588 1194 658 aliaque
1209 588 1269 657 ejus
1284 587 1404 658 plurima
1413 589 1562 643 didicimus
1575 607 1592 645 a
1606 591 1710 645 sanctis
1724 591 1773 645 ho-

141 683 208 736 Post
225 694 292 732 non.
302 673 425 729 multum
438 688 502 727 vero
518 671 652 742 temporis
667 689 783 727 cernens
795 672 932 737 diabolus,
976 675 1098 730 minibus
1112 675 1227 747 Dei,qui
1239 677 1322 730 simul
1339 693 1401 731 curn
1417 694 1449 731 eo
1466 679 1554 733 multo
1568 685 1696 750 tempore
1706 685 1775 735 sunt

139 785 202 824 eum
217 765 270 820 sibi
284 781 333 835 per
346 763 441 820 omnia
454 761 654 831 mancipatum,
677 766 705 815 et
728 761 808 815 broile
823 762 857 815 ad
873 779 934 832 quae
975 766 1091 831 morati;
1107 764 1208 835 quibus
1222 764 1306 818 etiarn
1321 764 1384 818 vitre
1399 766 1554 835 spiritualis
1569 768 1772 839 exemplacon·

138 857 220 912 vellet
228 854 424 908 facinorosum
437 868 518 922 posse
531 850 705 921 compellere,
722 851 934 920 transfiguravit
973 856 1086 919 tulerat,
1102 861 1166 925 post
1179 854 1327 909 lectionem
1343 854 1442 908 divina
1453 855 1523 925 legis
1538 872 1571 910 ea
1581 873 1642 927 quae
1657 857 1693 910 ad
1707 857 1774 912 aedi·

136 962 166 1001 se
176 946 205 998 in
220 942 367 998 mulierem
381 940 536 1011 pulchram,
548 939 701 1010 splendidis
716 938 838 992 restibus
852 940 933 994 ador·
973 943 1131 997 ficationem
1142 943 1300 998 animorum
1316 943 1771 1017 pertinentdiligenterexponens.

134 1039 241 1099 natam,
263 1036 292 1086 et
306 1030 390 1101 erepit
415 1029 518 1083 ostium
533 1029 608 1082 cellae
621 1028 875 1098 ejusrehernonter
888 1046 933 1083 cx·
973 1033 1040 1097 Quae
1064 1032 1130 1102 quia
1153 1032 1242 1086 multa
1256 1037 1331 1092 sunt,
1353 1038 1382 1086 et
1405 1033 1477 1087 vires
1498 1039 1601 1088 nostras
1624 1034 1772 1106 parvitatis

132 1123 261 1178 tundere.
274 1120 400 1184 Quicum
411 1117 577 1188 aperuisset,
589 1116 660 1173 aitei
674 1116 801 1171 diabolus
811 1117 840 1175 in
855 1117 932 1173 habi·
972 1121 1118 1186 excedunt,
1137 1137 1193 1174 non
1213 1121 1308 1174 omnia
1318 1121 1448 1192 prasenti
1460 1123 1532 1194 stylo
1542 1124 1769 1196 perscripsimus.

131 1219 194 1267 tum
209 1209 336 1265 mulieris
352 1208 538 1263 immutatus:
556 1205 722 1271 Obsecrote,
740 1206 807 1276 quia
820 1206 932 1261 nimisa
972 1211 1035 1265 Non
1049 1208 1123 1263 enim
1140 1226 1237 1264 sanius
1252 1210 1353 1277 idonei,
1374 1211 1445 1264 tanti
1464 1211 1517 1264 viri
1537 1212 1638 1266 merita
1658 1211 1771 1283 eloquio

132 1298 317 1354 creditoribus
330 1313 442 1366 urgeor,
450 1301 479 1349 et
487 1300 581 1349 metuo
597 1311 632 1349 ne
642 1310 688 1348 me
702 1294 797 1364 aliqua
807 1295 932 1365 pericula
972 1299 1032 1370 pari
1044 1299 1217 1369 depromere.

137 1387 387 1459 comprehendant,
396 1383 514 1454 recipias
524 1400 569 1437 me
580 1382 608 1436 in
619 1389 697 1437 tuam
712 1384 852 1451 cellulam,
864 1401 931 1456 quo·
1009 1389 1074 1443 Cae.
1090 1386 1142 1442 x1.
1159 1418 1191 1427 -
1208 1387 1297 1457 Igitur
1311 1404 1379 1457 erga
1389 1389 1481 1444 locum
1496 1390 1610 1455 montis,
1622 1389 1669 1444 ubi
1680 1391 1771 1445 sancti

136 1478 211 1533 niam
227 1475 352 1532 debiturn
366 1474 472 1528 solvere
484 1489 602 1543 nequeo,
614 1477 810 1543 quatenusper
819 1480 846 1526 te
856 1475 932 1529 salsa
973 1476 1166 1544 morabantur,
1189 1478 1273 1546 plena
1299 1476 1387 1547 spinis
1408 1494 1520 1532 eremus
1544 1478 1707 1550 adjacebet3
1735 1479 1771 1535 ad

135 1567 218 1632 facta,
234 1564 341 1635 gratias
353 1563 488 1628 referam;
504 1562 579 1616 Deus
594 1561 668 1615 eninr
680 1578 725 1615 me
740 1562 842 1616 direxit
851 1562 929 1617 acite.
973 1582 1057 1636 quam
1072 1583 1144 1636 saepe
1159 1565 1325 1620 Pachomius
1338 1566 1452 1621 veniens
1464 1567 1542 1637 ligna
1561 1568 1665 1639 legere,
1686 1585 1772 1640 super
1808 1600 1817 1610 ν

135 1660 188 1725 Qui
199 1659 352 1713 acaecitate
364 1656 584 1727 montispenitus
596 1646 1066 1725 obscuratae,necralensBspinas
1080 1655 1162 1709 nudis
1178 1654 1295 1727 pedibus
1311 1655 1472 1718 incedebot;
1498 1663 1526 1709 et
1541 1673 1604 1711 cum
1620 1657 1771 1728 infigeren-

133 1749 293 1804 discemere
303 1747 366 1818 quis
378 1751 462 1810 esset,
480 1745 527 1816 qui
538 1744 591 1798 sibi
607 1745 677 1799 talio
687 1745 860 1816 loqueretur,
873 1746 932 1800 dia·
971 1750 1019 1799 tur
1033 1744 1058 1797 ei
1072 1743 1210 1815 plurima,
1224 1743 1380 1810 laetabatur,
1398 1745 1538 1816 patienter
1552 1763 1585 1800 ac
1608 1746 1721 1801 fortiter
1733 1747 1773 1802 le·

133 1837 229 1893 bolum
243 1837 330 1892 miser
344 1836 373 1890 in
385 1851 468 1891 suum
491 1834 597 1904 recepit
610 1833 734 1888 exitium.
750 1836 828 1889 Tunc
842 1835 931 1891 hostis
972 1849 1046 1898 rens,
1062 1834 1187 1887 recolens
1203 1835 1276 1903 quod
1289 1834 1425 1889 Dominus
1440 1840 1535 1889 noster
1551 1836 1579 1889 in
1591 1853 1673 1890 eruce
1688 1836 1772 1893 elaris

132 1932 237 1983 nostrie
251 1924 424 1990 substantie,
440 1923 608 1977 ridenseum
624 1923 660 1976 ad
675 1939 757 1977 omne
772 1924 931 1979 scelusesse
972 1921 1772 1995 sueritdignanterashrushiligebotautemenachoresim

133 2016 315 2088 praecipitem,
327 2013 867 2083 immisiteiturpemconcupiscentiam.
876 2014 929 2079 Qui
971 2011 1135 2081 plurimum,
1152 2011 1313 2082 frequenter
1324 2018 1456 2082 expetens
1469 2013 1659 2068 solitudinem.
1674 2014 1772 2071 Etillic

132 2122 198 2160 mox
212 2103 409 2159 cessitinimiei
420 2101 695 2172 suggestionibus,et
707 2103 768 2172 eJus
779 2103 929 2172 quasimu·
971 2099 1019 2154 diu
1032 2100 1062 2153 in
1075 2101 1201 2154 oratione
1218 2101 1382 2174 persistere,
1400 2102 1519 2157 Domino
1539 2102 1726 2174 supplicabat,
1740 2108 1774 2158 ot

131 2194 233 2249 liebres
244 2192 342 2264 petivit
357 2192 511 2262 amplexus,
527 2191 615 2254 Quem
631 2190 748 2261 spiritus
768 2191 930 2247 immundus
971 2189 1088 2242 stantis
1105 2206 1135 2242 se
1147 2188 1293 2244 fraudibus
1303 2191 1456 2245 clementer
1470 2190 1601 2262 eriperet.

131 2283 274 2348 invadens,
297 2281 372 2335 elisit
384 2278 529 2345 atrociter3
546 2285 575 2333 et
590 2280 732 2333 revolutus
748 2297 832 2351 super
856 2282 930 2352 pavi·
1007 2278 1072 2331 Car.
1092 2277 1154 2332 Xll.
1175 2279 1348 2342 -Quodam
1362 2296 1427 2333 vero
1448 2287 1574 2351 tempore
1597 2280 1717 2353 contigit
1741 2284 1774 2336 ut

131 2369 361 2434 mentum,veluti
372 2374 500 2425 mortuus
515 2368 562 2422 diu
578 2370 753 2440 multumque
763 2372 928 2440 permansit,
971 2367 1139 2420 pachomius
1153 2368 1249 2437 procul
1260 2385 1278 2422 a
1291 2369 1361 2421 cella
1373 2386 1425 2423 sua
1438 2385 1612 2441 progressus,
1623 2368 1774 2423 veniretad

132 2462 200 2516 Post
214 2461 373 2530 aliquantos
384 2463 481 2513 autern
497 2458 556 2511 dies
571 2458 684 2514 tandem
701 2459 926 2527 insereremus,
971 2456 1119 2526 quemdam
1144 2457 1244 2520 ricem,
1266 2457 1310 2510 cui
1325 2474 1426 2513 nomen
1449 2464 1492 2512 est
1504 2458 1689 2513 Tabennenso
1708 2455 1770 2526 (lh,

132 2556 160 2605 et
183 2549 333 2604 dementias
354 2547 474 2618 propriae
498 2563 560 2600 sero
584 2547 731 2617 poenitens
749 2546 785 2600 ad
800 2553 928 2607 sanctum
970 2545 999 2598 in
1016 2561 1070 2614 quo
1085 2551 1152 2598 tunc
1166 2546 1260 2600 nullus
1275 2546 1388 2616 penitus
1400 2547 1541 2602 habitator
1556 2547 1704 2602 existebat.
1719 2546 1772 2603 Ubi

132 2640 319 2694 Polemonem
333 2636 426 2703 venit;
443 2642 471 2689 et
486 2652 550 2689 cum
560 2652 663 2704 magno
675 2636 742 2689 iletu
751 2635 818 2705 quid
826 2636 929 2691 sibiae·
969 2650 1032 2687 cum
1044 2650 1094 2703 pro
1105 2651 1182 2687 inore
1195 2634 1301 2688 diutius
1314 2635 1343 2689 in
1353 2635 1526 2690 orationibus
1535 2636 1713 2706 perduraret,
1722 2652 1772 2689 uox
1807 2646 1811 2656 '

131 2728 247 2782 cidisset
270 2725 406 2797 exposuit,
429 2723 583 2778 vociferans
608 2729 637 2778 et
655 2724 750 2779 dicens
765 2743 771 2777 ι
788 2727 926 2796 Agnosco,
971 2721 1005 2775 ad
1021 2738 1086 2776 eum
1101 2722 1210 2776 coelitus
1225 2724 1318 2777 delata
1331 2730 1382 2791 est,
1400 2724 1494 2779 dicens
1511 2743 1516 2777 :
1537 2727 1615 2780 lione
1626 2725 1682 2790 hic,
1698 2725 1773 2780 ora-

134 2819 228 2877 Pator,
244 2831 376 2886 agnosco,
398 2814 471 2885 quod
490 2830 542 2884 ego
562 2830 647 2867 causo
666 2814 832 2884 perditionis
860 2832 930 2871 meaa
971 2811 1320 2876 chomi,et1nonosteriurn
1335 2819 1474 2871 construe.
1488 2814 1608 2868 Venturi
1619 2819 1771 2868 sumnam-

132 2907 260 2961 existam.
271 2905 347 2959 Bene
362 2903 488 2957 enimme
496 2918 673 2956 commonere
683 2903 815 2976 dignatus
829 2921 868 2970 es,
881 2904 930 2958 sed
972 2915 1025 2969 quc
1040 2900 1076 2953 ad
1091 2906 1117 2953 te
1132 2901 1341 2971 quamplurimi,
1364 2906 1415 2956 tua
1432 2903 1575 2973 cupientes
1595 2903 1772 2957 institutione

132 3013 185 3066 ego
194 2995 301 3060 infelix,
312 2993 359 3064 qui
372 2998 400 3046 te
409 2992 508 3047 audire
517 2992 681 3062 contempsi.
694 2992 872 3063 Quapropter
880 2992 929 3046 ob·
971 2989 1121 3058 prolicere;
1131 2989 1231 3059 quibus
1246 2989 1379 3045 ducatum
1389 2991 1544 3062 prestabis,
1551 2993 1633 3061 juxta
1642 2992 1772 3062 regulam

133 3101 212 3140 seero
226 3089 259 3138 ut
272 3080 431 3137 mesenatis
446 3080 619 3136 orationibus
633 3080 930 3151 tuisatljoraredigne-
972 3093 1056 3146 quam
1069 3079 1328 3134 monstrarerotihi.
1338 3080 1643 3151 Etprotinusapparuit
1653 3080 1771 3150 angelus

132 3175 181 3241 rie,
199 3190 234 3228 ne
248 3172 301 3227 sub
315 3170 423 3242 ingenti
437 3168 560 3240 periculo
580 3167 763 3223 constitutum
790 3169 932 3241 discerpat
972 3166 1093 3233 Doruini,
1121 3167 1250 3221 deferens
1265 3168 1290 3221 ei
1309 3168 1444 3234 tabulam,
1467 3171 1497 3222 in
1520 3174 1659 3241 quaerat
1681 3169 1771 3223 omnis

133 3263 265 3320 inimicus
284 3267 313 3316 et
333 3260 461 3332 perimat.
488 3259 615 3329 Cumque
639 3257 694 3311 ista
713 3274 776 3312 cum
800 3259 930 3314 lamentis
971 3254 1062 3309 forma
1089 3255 1275 3311 institutionis
1299 3258 1429 3328 ascripta,
1446 3275 1503 3329 qua
1527 3258 1644 3312 docendi
1668 3259 1769 3326 forent,

131 3356 349 3426 prosequeretur
370 3347 529 3413 etllctibus,
543 3352 694 3401 etsanctus
708 3347 848 3400 Palaemon
867 3345 931 3401 bea·
972 3344 1130 3415 quicunque
1155 3345 1189 3398 ad
1211 3347 1271 3415 ejus
1285 3346 1441 3416 magisterii
1458 3347 1552 3401 studia
1566 3349 1769 3419 pervenissent.

131 3450 235 3514 iusque
249 3439 416 3496 Pachomius
431 3439 570 3507 lacrymas
583 3453 633 3507 pro
646 3452 678 3489 eo
692 3434 843 3488 funderent
857 3452 931 3489 com·
972 3433 1062 3497 Quam
1078 3434 1203 3504 regulam
1224 3434 1420 3489 Tabennenses
1439 3436 1578 3508 hodieque
1595 3437 1768 3501 custodiunt,

132 3531 266 3605 potientis
278 3530 388 3588 aflectu,
406 3526 498 3581 subito
514 3531 658 3595 correptus
671 3523 706 3577 ab
720 3524 866 3577 immundo
872 3524 929 3594 spi·
971 3522 1069 3577 eodem
1084 3523 1144 3577 cibo
1156 3540 1266 3594 semper
1276 3530 1387 3579 utentes
1402 3525 1546 3591 ethabitu,
1556 3525 1647 3596 ipsam
1658 3542 1770 3598 quoque

133 3623 200 3685 ritu,
214 3621 249 3673 de
264 3621 414 3688 conspectu
429 3630 528 3668 eorum
547 3613 675 3683 prosiliit,
700 3618 729 3666 et
747 3629 798 3682 per
819 3614 930 3667 deserta
970 3611 1146 3683 disciplinam
1155 3613 1273 3666 sollicita
1282 3613 1769 3685 circumspectioneservantes.Nam

133 3711 289 3771 discurens,
304 3704 442 3776 agebatur
456 3701 581 3756 infrenis.
600 3696 832 3755 Pervenitoute'rn
844 3701 880 3755 ad
893 3701 930 3756 ci·
970 3701 1098 3754 monachi
1115 3701 1161 3771 qui
1177 3701 1279 3755 ibidem
1295 3708 1483 3765 commanent,
1500 3719 1556 3758 non
1571 3704 1663 3758 solum
1678 3720 1767 3769 more,

133 3799 250 3853 ritatem
265 3790 558 3863 Panos(lb)nominc,
575 3806 607 3844 ac
621 3789 751 3861 deinceps
773 3789 803 3844 in
819 3792 929 3847 fornace
970 3788 1018 3841 sed
1034 3788 1174 3842 etrobore
1190 3789 1313 3860 corporis
1333 3796 1361 3844 et
1385 3791 1509 3845 locorum
1533 3797 1619 3857 112
1638 3791 1695 3846 situ
1711 3809 1769 3864 prae

133 3888 227 3945 balnei
241 3901 293 3956 per
301 3881 455 3939 ameritiem
465 3895 526 3933 sese
534 3878 721 3950 praecipitans,
730 3879 857 3934 incendio
868 3897 930 3952 pro-
970 3878 1077 3931 caeteris
1088 3878 1171 3961 longe
1185 3879 1287 3933 diversi
1298 3884 1374 3942 sunt,
1389 3884 1418 3932 et
1430 3895 1542 3934 neccsse
1557 3885 1600 3933 est
1615 3897 1665 3935 eos
1679 3880 1770 3936 diver·

135 3980 212 4034 tinus
225 3972 344 4028 interiit.
971 3982 1031 4020 sam
1044 3982 1156 4038 quoque
1171 3968 1298 4035 regulam
1313 3969 1463 4022 custodire.

170 4069 236 4123 Gar.
256 4063 291 4119 X.
313 4091 344 4105 -
365 4057 558 4114 Haecaudiens
577 4057 731 4127 ridensque
751 4058 928 4127 pachomius,
1007 4055 1085 4108 llane
1104 4072 1170 4126 ergo
1189 4073 1283 4110 rocem
1298 4057 1466 4111 Pachomius
1487 4057 1591 4112 mentis
1606 4059 1770 4116 sinceritate

136 4156 274 4228 magisne
289 4149 381 4220 magis
395 4145 702 4203 incubuitabstinentiae
710 4152 807 4201 tenere
817 4166 931 4204 mensu·
971 4143 1140 4209 discernens,
1158 4162 1242 4216 quarn
1268 4145 1308 4199 illi
1323 4145 1416 4199 dirina
1436 4147 1528 4215 gratia
1547 4153 1576 4201 et
1590 4149 1692 4203 merita
1707 4150 1771 4205 rita

135 4264 213 4312 mm3
230 4248 334 4298 etcum
349 4238 379 4292 in
394 4236 534 4301 omnibus,
547 4241 607 4289 tum
620 4236 741 4290 maxime
756 4235 784 4291 in
800 4238 931 4295 orationi·
971 4233 1157 4300 contulerant,
1174 4234 1286 4304 agnovit
1298 4235 1333 4289 ad
1358 4252 1388 4288 se
1408 4235 1518 4290 coelitus
1537 4235 1670 4305 delatam,
1687 4255 1770 4309 regu·

133 4337 186 4392 bug
200 4333 326 4390 animum
342 4343 453 4383 servare
467 4324 642 4397 pervigilem,
662 4326 743 4395 juxta
766 4326 835 4380 illud
855 4328 929 4398 quod
940 4321 1068 4418 Dhisque
1083 4323 1162 4376 raldo
1177 4322 1318 4377 mirabiles
1333 4324 1509 4394 approbarit.
1538 4326 1615 4380 Tunc
1640 4342 1771 4383 reversus

128 4424 331 4497 scriptumest:
341 4413 928 4482 Omnicustodiaservacortuum(Procne).
972 4410 1007 4465 ad
1022 4412 1209 4465 venerabilem
1224 4428 1319 4466 senem
1338 4413 1535 4478 Palaemonem,
1555 4415 1652 4469 retulit
1667 4432 1769 4489 quem·

132 4515 288 4577 Ingentum,
304 4513 337 4563 ut
350 4521 415 4561 eum
429 4519 513 4559 senex
527 4502 679 4556 miraretur
701 4504 847 4571 attonitus,
864 4506 931 4575 quia
971 4499 1122 4555 admodum
1136 4517 1201 4554 voce
1213 4501 1348 4555 sitdirina
1357 4503 1554 4569 commonitus,
1571 4503 1723 4560 obsecrans
1736 4512 1769 4562 ut

133 4619 190 4659 non
203 4602 293 4657 solum
315 4598 477 4651 consuetam
496 4590 671 4647 abstinentiae
693 4592 819 4662 regulam
839 4594 931 4649 alacer
971 4606 1066 4646 secum
1081 4590 1301 4660 periterreniret
1313 4591 1348 4643 ad
1362 4591 1454 4645 locum
1469 4608 1525 4662 quo
1535 4594 1769 4663 possentDomini

134 4692 306 4745 extrinsecus
332 4681 555 4755 exsequebatur,
581 4679 630 4733 sed
653 4679 738 4734 etiam
762 4680 930 4737 intrinsecus
971 4679 1104 4733 mandato
1118 4680 1238 4750 explere.
1253 4679 1307 4743 Qui
1324 4680 1421 4734 nolens
1434 4697 1499 4734 euin
1514 4681 1542 4735 in
1557 4682 1650 4753 aliquo
1664 4685 1771 4741 contri·

135 4775 335 4833 conscientiam
349 4790 430 4829 suam
441 4774 524 4842 juxta
538 4768 693 4824 celestium
708 4768 827 4825 formam
838 4771 930 4826 stude-
972 4773 1056 4835 stare,
1068 4774 1165 4839 utpote
1177 4768 1372 4822 charissimum
1383 4769 1481 4835 silium,
1491 4770 1619 4840 precibus
1627 4773 1770 4842 ejusillico

134 4866 184 4922 bat
196 4865 307 4935 exigere
320 4862 510 4934 purissimam,
526 4859 599 4913 sicut
611 4857 709 4913 beatus
721 4860 871 4930 Apostolus
886 4860 931 4915 di·
971 4858 1075 4928 paruit.
1091 4864 1176 4927 atque
1190 4857 1225 4911 ad
1238 4857 1382 4929 praefatam
1398 4858 1492 4913 villam
1506 4876 1570 4915 cum
1581 4876 1613 4914 eo
1629 4863 1769 4932 peruenit,

133 4957 192 5011 eit:
209 4953 306 5009 Gloria
320 4957 417 5007 nostra
429 4950 488 5005 hato
508 4953 560 5014 est,
578 4947 771 5005 testimonium
790 4949 930 5005 conscien-
971 4946 1771 5018 modicamqueibicellulamconstruenteS,latabanturin

133 5045 181 5101 tiae
193 5047 296 5101 nostra
309 5042 352 5112 (ll
364 5040 425 5096 dor.
441 5041 470 5105 il,
491 5042 583 5092 certus
603 5054 636 5092 ex
658 5037 710 5091 hoe
727 5054 861 5107 magnam
877 5038 929 5093 sibi
970 5035 1099 5100 Domino,
1115 5034 1332 5106 promissionum
1347 5037 1408 5106 ejus
1420 5035 1557 5092 beneficia
1562 5039 1770 5108 prestolantes.

133 5134 162 5189 in
177 5130 336 5188 eoelestibus
352 5144 451 5200 parare
466 5128 633 5182 mercedem.
654 5127 727 5181 Nam
742 5131 771 5180 et
784 5143 847 5179 cum
859 5125 928 5180 divi·
970 5124 1037 5178 Post
1053 5123 1228 5194 aliquantum
1239 5140 1303 5178 raro
1318 5125 1453 5196 temporis
1464 5125 1505 5179 ait
1518 5126 1703 5182 Palaemoned
1714 5128 1771 5184 Pa·

132 5239 184 5278 nas
197 5221 355 5290 Scripturas
366 5218 481 5285 legeret,
494 5215 690 5286 memoriasque
701 5215 859 5282 mandaret,
873 5232 928 5270 non
970 5213 1110 5266 chornium
1125 5231 1130 5265 :
1148 5213 1286 5276 Quoniam
1299 5230 1382 5267 cerno
1395 5215 1518 5284 gratiam
1527 5232 1544 5269 a
1553 5216 1611 5270 Deo
1622 5215 1673 5271 tibi
1684 5218 1771 5275 colla·

131 5313 160 5367 id
171 5309 274 5383 passim
280 5307 510 5379 negligenterque
518 5303 646 5369 faciebat,
654 5304 928 5376 sedunumquodque
969 5309 1038 5367 tam,
1050 5302 1215 5373 etdcineeps
1224 5302 1288 5356 istic
1300 5320 1464 5373 permanere
1474 5304 1610 5376 disponis,
1622 5307 1697 5371 reni,
1709 5312 1770 5362 sta-

133 5405 303 5472 praeceptum
318 5397 436 5451 solerter
450 5393 622 5458 examinans,
638 5409 670 5446 ac
692 5393 738 5464 pia
757 5399 850 5448 niente
866 5410 927 5465 per·
967 5398 1081 5446 tuarnos
1096 5392 1235 5445 internos
1250 5393 1639 5463 paetum,utnondiiidamur
1647 5394 1684 5449 ab
1699 5396 1770 5451 inri-

128 5495 262 5552 tractans,
280 5484 412 5542 studebat
426 5483 454 5537 in
470 5481 529 5536 dies
544 5497 628 5552 opere
642 5483 785 5552 perficere,
795 5499 856 5554 qure
865 5499 925 5537 me·
967 5497 1036 5546 cem,
1055 5480 1103 5534 sed
1118 5481 1243 5551 quandiu
1259 5481 1288 5537 in
1303 5481 1428 5537 hacluce
1442 5483 1769 5553 remearunvisitatione

128 5579 220 5641 moria
231 5574 402 5641 retentabat.
418 5569 560 5642 Praecipue
575 5586 640 5627 vero
653 5570 822 5629 humilitatis
833 5588 865 5627 ac
879 5586 927 5648 pa·
967 5586 1018 5631 nos
1032 5570 1208 5629 consolemur
1215 5570 1337 5627 assidua.
1345 5571 1477 5645 Utrisque
1484 5573 1655 5644 placuithaec
1660 5575 1768 5649 pactio,
