3818 6120
128 296 182 359 aar
512 303 598 362 vrrs
617 309 746 371 sanun
766 310 944 371 eacuouu
962 309 1116 370 locans
1133 306 1393 372 reomaensis.
1714 306 1768 376 att

133 439 220 494 quam
238 428 315 482 omni
338 434 464 500 tempore
492 432 555 491 vita
570 451 629 490 sum
649 444 708 492 mni
730 438 829 497 boatus
848 444 1062 510 senexAptum.
1080 439 1135 494 Sed
1151 438 1249 496 beatus
1264 439 1478 496 Pachorniusad
1492 440 1699 499 humiliandum
1710 457 1768 499 cor-

131 528 218 584 quam
234 514 333 572 beatus
353 518 520 577 pachomius
538 523 685 581 sollicitius
708 535 774 583 sunt
797 528 929 586 exsecuti.
973 545 1025 599 pus
1036 528 1178 599 proprium
1190 527 1325 583 induebat
1336 545 1365 582 se
1377 529 1543 602 plerumque
1552 530 1651 588 cilicio.

1009 617 1043 671 Et
1056 633 1106 687 per
1121 633 1209 671 annos
1224 615 1392 686 quindecim,
1406 617 1538 686 pastillos
1549 618 1678 690 ingentes
1687 619 1769 679 sudo·

973 721 1018 760 res
1028 711 1113 775 atque
1129 704 1238 760 labores
1244 705 1358 761 eximios
1372 705 1531 775 vigiliarum
1543 712 1571 763 et
1581 706 1767 773 abstinentias,

974 808 1029 847 uon
1042 795 1278 862 jacenssomnum
1290 791 1561 864 capiebatnoctibm,
1574 795 1662 854 sedin
1677 795 1769 854 medio
1800 847 1806 855 ,

974 882 1080 938 cellula
1091 898 1148 940 suae
1157 882 1293 947 residens,
1304 882 1373 935 adeo
1387 888 1420 936 ut
1430 898 1480 936 nee
1495 883 1607 939 dorsum
1616 885 1716 941 saltem
1722 901 1770 957 pe·

974 970 1037 1026 rieti
1051 987 1100 1040 pro
1116 969 1320 1026 sustentatione
1334 970 1491 1026 reclinaret.
1508 972 1636 1044 Cumque
1645 973 1729 1031 nimis
1736 990 1770 1032 ex

974 1059 1026 1114 boc
1045 1058 1236 1130 affligeretur,
1258 1058 1365 1114 serebat
1378 1065 1473 1117 tamen
1488 1061 1682 1133 aequanimiter
1695 1062 1771 1122 huuc

168 647 235 701 Car.
248 649 439 706 xlia-mter
449 653 507 708 haec
520 657 687 713 venerabilis
702 660 775 714 idem
794 663 931 718 Palaemon

132 735 230 790 dolore
247 738 359 808 splenis,
377 741 425 811 qui
440 759 472 795 ex
485 743 573 798 nimia
587 748 761 802 continentia
776 749 817 803 illi
833 768 931 821 prove-

133 831 225 890 nerat,
242 830 302 880 toto
318 844 434 900 corpore
452 832 531 901 gravi
542 834 627 905 coepit
641 837 814 906 aegritudinis
829 840 933 894 incom-

133 914 218 967 modo
231 914 369 970 laborare.
393 919 466 973 Nam
481 921 612 976 sumebat
624 941 724 990 escam,
750 933 817 996 potu
832 929 933 1000 saepius

132 1001 296 1066 abstinens;
312 1007 380 1059 item
391 1009 567 1064 solummodo
578 1010 698 1080 bibebat,
715 1015 784 1068 nihil
799 1017 852 1070 cibi
869 1035 932 1089 per-

133 1089 251 1160 cipiens.
264 1094 481 1166 Rogatusigitur
495 1099 530 1152 ab
542 1100 682 1172 aliquibus
692 1103 835 1172 tratribus
844 1107 933 1176 qurad

133 1195 197 1233 eum
212 1182 306 1250 gratia
320 1184 488 1240 visitationis
499 1189 678 1256 advenerant,
695 1209 729 1246 ne
745 1194 856 1263 penitus
867 1212 933 1248 cor-

133 1285 187 1339 pus
202 1270 294 1324 debile
305 1271 456 1343 frangeret,
469 1277 517 1330 sed
531 1279 556 1331 ei
566 1278 773 1349 aliquantulum
784 1284 875 1337 solatii
886 1301 934 1355 pa·

133 1363 245 1412 teretur
258 1359 394 1431 impendi,
412 1365 524 1418 tandem
543 1367 627 1421 cessit
645 1371 800 1436 orantibus
816 1378 848 1425 ut
861 1373 934 1427 victu

133 1463 262 1517 congruo
276 1454 423 1505 attenuata
442 1454 567 1508 membra
582 1456 727 1512 refoveret.
744 1460 796 1514 Sed
812 1478 867 1515 non
882 1463 934 1516 hoc

132 1535 241 1590 diutius
252 1539 376 1608 pertulit.
387 1541 457 1594 Nam
468 1544 610 1612 graviores
619 1547 700 1600 solito
709 1548 819 1602 dolores
829 1551 933 1620 splenis

132 1631 275 1694 expertus,
294 1627 390 1680 relicta
409 1629 534 1684 ciborum
554 1631 712 1700 insolentia,
734 1637 767 1689 ad
785 1638 932 1708 antiquum

131 1712 237 1766 victum
253 1716 454 1773 sinedilatione
466 1720 624 1784 revertitur,
636 1723 741 1777 dicens:
755 1725 782 1779 Si
795 1733 934 1798 martyres

132 1802 238 1856 Christi
253 1805 300 1857 alii
314 1822 365 1875 per
377 1806 466 1862 ilusta
481 1809 605 1877 lacerati,
618 1812 665 1866 alii
676 1813 766 1886 capite
778 1816 850 1881 caesi,
866 1833 934 1870 non-

131 1893 201 1946 nulli
213 1893 301 1947 etiam
311 1894 422 1965 ignibus
430 1904 496 1951 sunt
509 1901 636 1967 cremati,
648 1906 676 1954 et
689 1907 784 1957 tamen
799 1907 933 1977 usquead

133 1982 218 2035 finem
242 1983 411 2055 sortitcrpro
425 1986 479 2040 bde
493 1989 693 2057 toleraverunt,
705 2008 755 2046 cur
765 2010 816 2063 ego
827 1995 934 2065 patien-

130 2070 176 2124 tiae
191 2072 319 2141 praemia,
343 2075 436 2144 parvis
454 2076 556 2130 cedens
576 2079 728 2145 doloribus,
753 2082 934 2156 impatienter

131 2159 275 2229 abjiciam,
288 2167 316 2215 et
324 2161 463 2217 desiderio
474 2165 535 2219 vitm
546 2169 692 2236 praesentis
702 2170 866 2226 afflictiones
876 2189 934 2226 mo-

131 2254 299 2303 mentaneas
309 2250 433 2305 inaniter
447 2258 641 2325 expavescam?
654 2258 779 2330 Denique
792 2261 933 2315 suadenti·

132 2335 317 2410 busacquievi
329 2341 538 2398 cibosinsolitos
551 2362 672 2409 sumere,
685 2348 733 2418 qui
743 2347 812 2401 mihi
824 2349 933 2404 dolores

132 2434 273 2482 auxerunt
287 2430 382 2500 potius
397 2448 481 2502 quam
493 2433 579 2487 ullam
594 2436 719 2506 requiem
731 2438 932 2508 prestiterunt.

133 2517 287 2571 Recurram
303 2519 391 2589 igitur
405 2522 440 2574 ad
457 2523 547 2592 prisca
563 2525 696 2589 remedia,
713 2531 742 2579 et
753 2527 932 2582 continentiae

132 2605 259 2660 subsidia
273 2624 329 2661 non
343 2609 511 2681 relinquam,
524 2612 551 2665 in
565 2613 666 2683 quibus
677 2619 720 2667 est
733 2617 832 2686 (utego
839 2623 932 2671 certus

133 2699 205 2764 snm)
220 2697 314 2750 onmis
324 2705 389 2768 post
402 2699 492 2754 Deum
503 2702 615 2772 requies
631 2706 659 2756 et
670 2720 736 2757 vera
750 2705 855 2759 latitia.
869 2707 931 2761 Non
953 2741 956 2745 -

134 2785 205 2838 enim
214 2787 466 2856 proplerhomines
479 2789 747 2864 haecarmasuscepi,
761 2793 933 2849 sedebamu-

133 2890 188 2927 rcm
206 2874 313 2928 Christi
324 2875 368 2929 his
383 2888 490 2933 certare
501 2879 635 2950 disposui.
650 2881 694 2935 Sic
705 2882 799 2953 itaque
815 2882 934 2937 viriliter

133 2977 227 3032 agens’
243 2967 319 3017 'ntra
334 2981 460 3019 mensem
472 2967 583 3021 dmm
603 2969 693 3068 wilm
707 2970 842 3069 lingum
865 2988 931 3024 Μ’
973 3012 1039 3068 mio:
1050 3014 1152 3069 Desine
1162 3013 1197 3067 ab
1210 3014 1262 3069 hac
1272 3014 1428 3071 intentione
1435 3025 1494 3082 tua,
1507 3014 1574 3087 quid
1583 3015 1643 3089 agis
1653 3032 1713 3072 rem
1725 3033 1771 3073 su·

134 3059 262 3124 sumptus
273 3059 327 3109 est.
343 3055 386 3109 Ad
402 3073 485 3126 quem
500 3057 667 3111 Pachomms
681 3075 804 3124 veniens,
823 3059 933 3114 fovebat

134 3158 194 3195 eum
208 3150 241 3196 ut
256 3148 376 3215 paq-em,
389 3145 553 3200 deosculans
566 3147 651 3218 pedes
666 3149 736 3217 ejus,
757 3153 841 3219 atque
856 3128 959 3202 com-C
972 3104 1120 3172 per-fluam,
1131 3109 1254 3158 inaniter
1268 3108 1449 3175 temetipsum
1459 3103 1576 3158 dilatare
1587 3104 1768 3165 contendeus.

416 3234 422 3246 .
546 3235 551 3247 .
657 3236 662 3247 ,
805 3237 810 3247 ,
974 3190 1028 3254 Qui
1042 3207 1105 3244 cuni
1121 3192 1179 3246 hoec
1194 3191 1327 3254 audisset,
1348 3191 1472 3262 graviter
1487 3192 1600 3262 quidem
1614 3192 1681 3249 tulit
1695 3192 1770 3268 quod

133 3231 257 3300 plectens
273 3251 279 3298 ;
296 3234 423 3287 etvelotr
439 3234 614 3301 valefaciens,
642 3253 680 3289 sic
698 3253 762 3290 eum
789 3236 934 3292 videbatur
973 3279 1115 3336 insolitam
1126 3296 1162 3334 au
1164 3280 1252 3334 disset
1262 3280 1613 3351 injuriam;verumwmen
1627 3280 1697 3338 nihil
1711 3298 1769 3340 0111·

133 3321 687 3389 aliari.Venerabilisautemsenex,omni
697 3326 831 3379 virtutum
840 3327 932 3396 gratia
973 3368 1040 3423 nino
1055 3369 1080 3422 ei
1091 3367 1301 3439 respondit'sed
1317 3367 1694 3433 mansueoesustmens'sese
1704 3384 1768 3426 con·

133 3411 302 3477 cumulatus
320 3420 348 3465 et
373 3413 474 3483 plenus
497 3413 614 3478 dierum,
632 3414 703 3468 sicut
719 3415 853 3485 scriptum
878 3422 930 3483 est,
987 3457 992 3466 .

169 3500 175 3509 .
217 3500 222 3509 .
258 3499 263 3509 .
889 3505 894 3517 ,
972 3457 1066 3510 tinuit.
1084 3457 1273 3528 Consequenti
1295 3473 1360 3510 vero
1375 3462 1456 3511 nocte
1470 3456 1505 3509 ad
1522 3455 1655 3511 interiora
1668 3457 1768 3514 domus

133 3506 237 3569 quierit
255 3517 285 3552 m
297 3517 365 3572 pace
381 3504 438 3563 (Job
452 3511 529 3569 xun).
542 3504 620 3558 Tunc
635 3511 749 3558 sanctus
762 3505 931 3560 Pachomms

133 3604 232 3660 corpus
245 3591 307 3660 ejus
322 3591 449 3661 sepelivit
464 3610 470 3643 :
488 3593 568 3662 cujus
581 3593 675 3647 anima
696 3599 825 3664 suscepta
839 3595 931 3648 choris
972 3545 1152 3607 descendens*
1169 3562 1251 3617 quus
1265 3546 1390 3616 ahquam
1404 3551 1514 3616 pamm
1534 3562 1593 3615 lpse
1607 3551 1768 3603 construxe-

218 3678 224 3688 .
244 3678 250 3688 .
972 3641 1025 3698 rat,
1035 3636 1184 3705 prostravit
1195 3635 1437 3702 seinorationem;
1455 3635 1594 3708 caepitque
1610 3636 1677 3690 ssere
1688 3637 1768 3693 vehe-

134 3678 277 3747 angehcm,
295 3678 424 3732 adcolas
439 3685 533 3734 evecta
548 3685 598 3735 est.
614 3682 675 3748 Quo
685 3688 809 3751 peracto,
822 3682 928 3736 Pacbo-
970 3731 1088 3791 memor,
1101 3740 1135 3778 ac
1148 3724 1256 3780 dicere:
1275 3725 1322 3781 Vae
1335 3723 1415 3789 mihi,
1432 3723 1499 3797 quia
1511 3724 1662 3795 prudentia
1676 3725 1770 3785 camis

133 3767 204 3820 “¹³⁰⁵
219 3766 255 3820 ³⁶
271 3767 607 3838 Ps⁰psi¹¹¹¹¹dil⁰s⁵⁰si¹¹m
619 3772 781 3828 mimus·
947 3796 950 3801 ’
970 3813 1060 3867 annuc
1075 3813 1104 3867 tn
1118 3830 1163 3866 mo
1186 3813 1239 3867 stoi
1254 3813 1382 3868 vendicat
1400 3813 1503 3871 iocum.
1519 3812 1620 3870 moue
1637 3814 1712 3871 enim
1726 3833 1767 3871 se-

975 1147 1108 1212 lahorem,
1120 1166 1169 1219 spo
1180 1149 1386 1220 quodammodo
1393 1148 1542 1220 przelibans
1548 1149 1625 1204 illam
1631 1151 1771 1224 requiem,

975 1253 1036 1307 quae
1058 1236 1111 1292 sibi
1130 1237 1282 1307 parabatur
1295 1238 1324 1293 in
1339 1238 1426 1293 uelis.
1444 1239 1635 1299 Plurimorum
1649 1255 1771 1312 namque

975 1325 1091 1382 Petrum
1104 1327 1283 1381 considerans
1289 1327 1427 1394 instituta,
1437 1327 1769 1401 dabatsonporoperam

975 1431 1038 1471 curn
1049 1415 1255 1485 propriobatre
1269 1417 1304 1471 ad
1313 1417 1422 1486 majora
1429 1416 1541 1472 virtutis
1547 1423 1700 1488 augimentis
1709 1434 1772 1476 cou-
1831 1408 1835 1423 ⁸

974 1520 1099 1572 surgere.
1116 1503 1311 1574 Operabantur
1323 1504 1408 1559 otiam
1420 1505 1528 1574 sedilia,
1544 1506 1773 1579 etunusquisque

974 1592 1047 1645 sicut
1061 1592 1225 1662 poterat,ita
1237 1592 1421 1658 vivebatcum
1437 1611 1548 1648 suruma
1560 1594 1668 1651 scilicet
1680 1595 1771 1654 humi·

975 1680 1055 1734 litate
1071 1687 1099 1734 et
1110 1681 1252 1751 patientia,
1270 1687 1298 1737 et
1308 1681 1362 1735 lide
1374 1699 1430 1738 non
1445 1683 1519 1738 sicta.

945 1767 968 1824 B
1011 1769 1076 1825 Cae.
1094 1769 1152 1826 XV.
1162 1771 1335 1826 -lnterbmc
1346 1771 1624 1828 Pachomiusiterum
1635 1770 1767 1828 divinitus

974 1857 1142 1912 admonetur
1156 1874 1206 1929 pro
1224 1859 1327 1928 regulis
1342 1859 1443 1930 quibus
1456 1859 1592 1918 deberent
1601 1859 1711 1919 institui
1722 1860 1772 1933 qui

974 1952 1056 2001 erant
1070 1964 1119 2018 per
1129 1964 1194 2001 curn
1205 1948 1472 2017 Dominocredituri5
1482 1949 1624 2022 coepitque
1633 1965 1698 2004 cum
1709 1965 1771 2020 ger·

974 2051 1058 2091 mario
1075 2053 1126 2090 suo
1145 2036 1337 2095 babitaculum
1353 2038 1381 2095 in
1398 2055 1452 2109 quo
1473 2039 1626 2095 manebant
1639 2038 1770 2110 opacius

974 2124 1101 2190 reddere,
1118 2132 1147 2180 ct
1159 2125 1283 2182 adificiis
1297 2127 1432 2197 ampliore
1439 2127 1664 2199 quamplurimis,
1675 2144 1772 2186 eorum

975 2213 1016 2281 tut
1023 2213 1151 2280 diximus)
1158 2215 1304 2285 gratiaqui
1314 2216 1414 2270 soeculo
1420 2217 1623 2282 renuntiantes,
1637 2222 1727 2286 118
1736 2218 1772 2277 ed
1812 2229 1817 2235 '

974 2301 1151 2358 serviendum
1169 2302 1280 2363 Christo
1295 2310 1376 2359 erant
1388 2303 1448 2359 siae
1458 2303 1634 2361 dubitatione
1646 2306 1771 2373 venturi;

976 2396 1115 2460 quatenus
1135 2396 1229 2447 essent
1243 2393 1334 2462 spatia
1350 2393 1436 2462 digua
1451 2392 1639 2452 membrorum
1651 2392 1725 2464 'pat
1742 2395 1772 2453 in

976 2479 1077 2550 quibus
1103 2497 1200 2535 eorum
1218 2480 1306 2550 possit
1326 2481 1412 2552 recipi
1433 2482 1592 2537 multitudo.
1610 2483 1681 2538 Cum
1704 2500 1771 2556 ergo

973 2574 1086 2623 suiectus
1099 2569 1268 2623 Pachomius
1276 2570 1306 2622 in
1314 2571 1415 2639 majus,
1428 2575 1459 2624 ut
1469 2570 1574 2628 dictum
1586 2572 1770 2639 attacorum

973 2658 1096 2713 ambitus
1106 2659 1277 2724 extenderet,
1289 2660 1483 2716 etmonasterii
1493 2659 1621 2725 osembra
1630 2661 1770 2726 dilataret,

973 2747 1048 2800 idem
1060 2747 1148 2801 irater
1162 2749 1223 2818 ejus
1233 2747 1414 2803 solitudinem
1424 2753 1510 2819 atque
1525 2748 1770 2807 anachoresimco-

973 2835 1077 2906 girans,
1089 2835 1240 2891 habitaculi
1249 2836 1384 2907 diligebat
1395 2837 1554 2908 angustiam
1565 2843 1594 2894 et
1606 2837 1771 2898 nimiumiu·

973 2924 1057 2994 digne
1065 2924 1167 2990 iurene,
1179 2932 1239 2980 erat
1247 2926 1323 2982 enim
1331 2931 1401 2981 natu
1412 2927 1511 2998 maior,
1523 2926 1563 2980 ait
1572 2925 1653 2982 beato
1661 2927 1768 2984 Pacho-

163 3902 234 3958 Cav.
251 3901 458 3959 XIV.-Etnou
465 3905 656 3975 postmultum
666 3906 810 3976 temporis,
821 3923 929 3976 gerrrra·
970 3903 1093 3957 cundum
1106 3919 1220 3956 carneus
1232 3902 1354 3968 ambulo,
1371 3902 1540 3977 sicutnuper
1549 3909 1680 3978 expertus
1692 3921 1766 3964 sucu.

134 4004 182 4044 nus
200 3990 273 4060 ejus,
299 3991 421 4047 loannes
445 3993 567 4059 nomine,
585 4000 685 4049 cuncta
698 3993 733 4048 dc
756 3995 803 4049 illo
816 4012 928 4066 compo-
969 3990 1065 4046 Tantae
1085 4006 1207 4062 natuque
1222 3991 1441 4048 conversationis
1455 3991 1587 4047 instituta
1601 3992 1765 4067 suscipiens,

135 4076 216 4139 nens,
225 4079 304 4134 venit
316 4080 351 4133 ad
363 4096 439 4136 eum.
453 4080 541 4145 Quem
555 4099 618 4136 cum
633 4083 754 4148 vidisset,
765 4082 877 4152 gavisus
886 4088 929 4140 est
969 4095 1080 4167 aequum
1095 4095 1151 4134 non
1166 4085 1209 4134 est
1223 4085 1254 4137 ut
1264 4097 1309 4137 me
1318 4081 1399 4138 modo
1408 4081 1586 4155 impatientia
1600 4083 1764 4158 praecipitet,

133 4167 296 4235 plurimum.
313 4169 385 4224 Nam
396 4185 428 4225 ox
439 4170 659 4242 quobaptizatus
670 4171 699 4227 in
710 4171 854 4229 Christum
873 4189 930 4228 crc-
970 4168 1053 4225 modo
1067 4184 1171 4226 ntoeror
1188 4175 1278 4235 vexet,
1294 4170 1376 4224 modo
1396 4169 1475 4225 furor
1487 4170 1619 4240 exagitet,
1641 4171 1766 4244 quamvis

134 4255 250 4322 diderat,
258 4257 450 4313 etsolitariam
457 4259 545 4315 vitam
554 4260 686 4329 elegerat,
696 4261 805 4317 nullum
812 4277 928 4318 suorum
967 4257 1033 4327 jure
1048 4273 1080 4311 oc
1095 4258 1394 4316 meritovideorirasci.
1412 4259 1546 4316 Miserere
1554 4260 1618 4325 mei,
1636 4261 1764 4327 horariae,

135 4344 241 4401 meroe
255 4346 486 4416 propinquorum.
499 4349 590 4418 Igitur
601 4351 732 4414 loannes,
751 4356 783 4404 ut
796 4367 860 4405 vere
874 4351 929 4406 Pa·
939 4362 1005 4422 Due
1018 4363 1140 4417 peream,
1153 4363 1190 4400 ne
1201 4345 1305 4402 diaboli
1319 4347 1452 4418 deceptus
1461 4347 1560 4405 fraude
1574 4349 1763 4407 succumbam.

134 4433 234 4491 domii
248 4434 346 4501 taur,
370 4435 495 4490 imitator
515 4438 576 4506 cius
591 4437 715 4500 effectus,
731 4455 796 4493 cum
817 4455 851 4493 eo
864 4455 928 4509 per-
971 4434 999 4488 Si
1019 4434 1094 4488 enim
1108 4436 1661 4507 metuagratiadeseruerit,etaliquam
1676 4437 1706 4491 in
1721 4453 1766 4494 nte

135 4525 248 4589 mansit,
264 4539 354 4580 uuum
368 4523 504 4580 babentes
514 4525 646 4596 idemque
656 4528 840 4597 propositum,
853 4545 933 4587 euna„
970 4530 1080 4596 partem
1092 4540 1208 4579 suorum
1223 4530 1337 4580 actuum
1347 4524 1485 4598 repererit
1497 4524 1635 4592 inimicus,
1652 4525 1768 4581 durissi-

134 4611 337 4683 demquecirca
351 4614 441 4671 Deum
451 4614 608 4670 dilectionis
618 4616 757 4671 allectum.
772 4617 806 4672 Et
821 4617 888 4688 quia
900 4617 929 4670 in
971 4630 1024 4668 mae
1042 4615 1104 4684 ejus
1120 4614 1246 4668 servituti
1271 4613 1414 4685 subjiciar,
1431 4613 1498 4688 quia
1515 4614 1651 4685 scriptum
1661 4622 1705 4672 est
1720 4617 1766 4671 :A

134 4699 191 4772 lege
212 4701 265 4756 Dei
280 4701 379 4771 diebus
404 4702 614 4758 meditabantur
638 4721 670 4758 ac
687 4705 823 4770 noctibus,
846 4706 930 4763 nullis
972 4717 1026 4772 quo
1042 4701 1105 4772 quis
1119 4709 1279 4773 superatur,
1289 4702 1355 4756 huic
1369 4707 1398 4756 et
1407 4718 1503 4757 servus
1513 4701 1653 4760 addicitur
1661 4702 1698 4769 (ll
1709 4704 1765 4802 liet.

133 4795 312 4846 terrenorum
325 4791 582 4861 negotiorumcuris
588 4809 686 4850 corum
694 4793 781 4849 animi
792 4794 931 4864 deprime·
971 4794 1015 4860 ιι),
1031 4791 1178 4847 Etiterum
1190 4791 1392 4866 scriptumest:
1407 4791 1436 4846 Si
1442 4795 1533 4847 totam
1546 4791 1637 4863 legem
1647 4791 1768 4864 quis1m7

133 4876 244 4936 mutor.
262 4880 334 4936 Nam
350 4881 403 4937 etsi
424 4881 577 4952 quidquam
588 4888 735 4953 supererat
755 4883 810 4937 illis
827 4900 860 4937 ex
874 4883 928 4950 bis,
971 4880 1097 4952 pleverit,
1113 4880 1236 4936 oileudat
1254 4886 1349 4934 autem
1364 4879 1393 4934 in
1406 4895 1472 4945 uno,
1483 4879 1573 4934 tactus
1588 4885 1631 4935 est
1641 4880 1766 4937 omnium

133 4985 192 5040 quae
207 4969 269 5024 suis
278 4969 408 5026 manibus
422 4970 622 5041 operabantur,
640 4971 668 5028 id
688 4972 820 5029 continuo
833 4972 929 5030 distri·
972 4985 1037 5025 reus
1048 4969 1117 5040 (iac.
1135 4973 1177 5038 ιι).
1190 4969 1280 5025 Credo
1297 5009 1304 5036 ,
1324 4969 1443 5026 Domine
1458 5008 1467 5035 ,
1483 4968 1558 5042 quod
1571 4968 1767 5069 miserationes

133 5056 257 5115 luebant
267 5057 424 5128 manebus,
434 5060 552 5130 utiuxta
561 5066 731 5133 praeceptum
744 5061 856 5117 Domini
864 5063 930 5118 Jesu
971 5063 1027 5114 tuae
1042 5059 1136 5114 inulte
1150 5064 1234 5123 suat3
1257 5074 1318 5130 quse
1340 5074 1384 5112 me
1394 5057 1480 5114 nullis
1495 5058 1603 5115 meritis
1618 5058 1767 5116 submerum

133 5148 237 5204 Christi
246 5147 283 5204 de
294 5149 418 5204 crastino
428 5148 546 5205 minime
559 5150 716 5220 cogitarent
728 5152 833 5218 (Martii.
844 5160 890 5216 vr).
898 5153 929 5207 In
971 5146 1449 5218 abJuvabantmiamquesanctorum
1458 5152 1572 5204 tuorum
1581 5147 1770 5221 perteillumi·

132 5243 244 5294 tantum
253 5254 319 5292 vero
325 5226 555 5294 vestimentorum
565 5239 930 5310 penuriaseseconstrinxe·
971 5243 1054 5291 natus
1068 5235 1229 5306 ingredior;
1246 5241 1275 5290 et
1287 5235 1316 5290 in
1331 5236 1474 5291 anteriora
1488 5253 1533 5295 me
1548 5254 1659 5310 semper
1673 5243 1770 5291 exten·

132 5333 205 5392 aaut,
217 5332 253 5382 ut
264 5326 547 5397 numquamlebitone
558 5328 613 5384 alio
626 5335 782 5393 uterentur,
800 5328 853 5383 nisi
868 5346 932 5383 cunr
973 5324 1052 5386 deris.
1069 5323 1215 5378 obliviscar
1229 5340 1262 5379 eu
1278 5341 1339 5395 quae
1350 5332 1425 5379 retro
1439 5331 1508 5380 suut
1527 5327 1638 5397 (Philip.
1654 5330 1706 5392 1111.
1725 5325 1770 5383 Sic

131 5415 292 5472 indumenti
306 5417 403 5472 sordes
418 5419 571 5473 necessitas
584 5418 829 5487 coegisseteluere.
848 5418 930 5474 Lebi·
973 5413 1048 5466 enim
1063 5413 1233 5468 famulorum
1252 5420 1366 5470 tuorum
1380 5415 1491 5476 choum,
1508 5415 1557 5486 qui
1571 5414 1622 5469 tibi
1638 5432 1655 5468 a
1669 5415 1769 5472 saeculo

131 5511 179 5561 tou
193 5505 254 5575 (ta)
269 5511 366 5563 autem
378 5504 453 5563 linea
464 5507 549 5562 vestis
560 5511 630 5572 erat,
643 5507 734 5562 instar
748 5506 861 5569 colobii,
877 5523 932 5577 qua
974 5502 1086 5572 placuit,
1106 5508 1153 5557 luo
1163 5509 1306 5574 protectus
1320 5504 1433 5571 auxilio,
1449 5503 1554 5560 diaboli
1569 5502 1666 5559 vitavit
1679 5502 1771 5600 incur-

130 5593 264 5654 moumhi
280 5598 401 5655 utuntur
413 5594 552 5667 hodieque
563 5611 614 5670 per
623 5593 794 5653 Thebaidem
807 5600 837 5649 et
851 5595 934 5668 AEgy·
973 5607 1032 5660 sus,
1043 5591 1126 5665 louge
1136 5592 1248 5664 lateque
1256 5609 1307 5668 pro
1321 5594 1476 5654 multorum
1486 5592 1576 5651 salute
1591 5589 1713 5651 mirabili
1726 5591 1772 5645 de·
