3818 6120
131 224 203 283 1127
320 279 330 293 ,
429 233 433 239 ’
683 223 732 280 DE
750 223 846 282 vlrls
864 221 1014 280 Parnon
1031 223 1138 283 LIBER
1156 224 1233 282 VIII.
1701 211 1770 268 1128

128 349 329 407 Paulusrllolo
338 349 400 404 lieri
409 347 769 422 monachus.Respondetei
777 352 925 409 Antonius:
936 352 1059 412 Annum
1075 351 1232 417 madefecit,
1247 352 1328 404 erant
1341 347 1417 403 enim
1433 343 1517 411 sioci3
1533 340 1575 396 illi
1591 343 1692 395 autem
1703 342 1769 394 tres.

129 441 221 496 Senex
234 439 433 511 sexagenarius
447 454 504 492 nou
520 440 670 509 potesthio
684 442 745 497 lieri
757 444 926 510 monachus;
969 442 1114 497 Psalmum
1128 441 1224 514 psallit
1242 438 1381 494 Antonius
1399 450 1483 507 quern
1500 436 1634 498 noverat3
1662 434 1772 484 etcum

129 531 179 586 sed
188 531 281 603 potius
297 529 342 583 abi
360 529 391 582 in
403 528 505 594 vicum,
521 534 551 582 ct
565 546 691 600 operare,
712 537 741 586 et
758 533 842 587 vitam
859 532 929 602 dege
970 546 1034 585 eum
1049 529 1197 586 duodecies
1209 529 1364 594 cecinisset,
1376 523 1523 581 duodecies
1534 520 1625 576 orarit
1632 524 1669 574 ut
1677 518 1708 572 in
1721 518 1772 572 boc

129 620 297 690 operariam,
310 619 367 672 Deo
378 634 464 688 agens
474 617 590 688 gratias.
599 620 661 674 Non
669 627 748 691 potes
759 622 833 676 enim
847 620 930 675 susti·
971 636 1083 690 quoque
1098 619 1218 675 Paulum
1229 617 1369 691 probaret.
1379 617 1469 670 Senex
1479 617 1574 667 autem
1585 607 1674 664 simul
1681 622 1774 678 preca-

130 724 197 763 nere
212 707 377 762 afflictiones
391 706 559 761 solitudinis.
576 708 736 780 Respondet
746 727 839 776 senex,
849 715 878 764 et
889 709 931 764 di·
971 713 1017 764 tus
1032 714 1074 764 est
1088 710 1149 782 ipso
1170 724 1272 779 magno
1288 705 1410 762 Antonio
1424 701 1583 776 promptius
1597 704 1627 754 et
1640 696 1773 752 alacrius.

128 797 169 852 cit
185 813 191 849 ε
205 797 234 852 Si
245 797 312 868 quid
326 813 371 851 me
382 797 520 863 docueris,
536 797 606 851 illud
615 797 725 856 faciam.
742 800 816 855 Dicit
831 800 857 854 ei
871 799 930 852 An·
973 799 1093 855 llalebat
1109 799 1195 865 euim,
1211 804 1243 853 ut
1258 796 1389 860 arbitror,
1411 807 1524 865 pascere
1538 789 1676 860 scorpios,
1691 801 1775 857 quam

129 886 246 941 tonius:
261 886 323 940 Dixi
333 886 385 940 tibi
397 891 426 940 te
442 902 503 940 esse
518 902 624 952 senem,
639 894 667 942 et
691 905 747 943 non
762 905 844 960 posse
869 903 930 943 esse
972 905 1030 944 una
1040 890 1132 942 rivere
1142 904 1206 943 cum
1221 887 1360 941 adultera.
1372 884 1440 938 Post
1447 879 1594 937 duodecim
1606 881 1706 932 autem
1717 889 1777 929 ora·

131 975 315 1042 monachum;
326 974 379 1029 abi.
402 975 432 1030 Si
442 975 516 1029 enim
529 975 570 1029 vis
582 993 642 1030 esse
657 979 819 1045 monachus,
836 978 933 1047 ingre·
971 978 1074 1044 tiones,
1084 978 1172 1033 Paulo
1183 976 1250 1031 dicit
1264 991 1384 1046 insignus
1399 970 1537 1026 Antonius
1553 987 1560 1023 :
1577 967 1662 1031 Sede,
1673 963 1775 1035 iuquit,

132 1065 198 1120 dere
210 1064 369 1119 coenobium
383 1063 432 1118 ubi
444 1069 511 1119 sunt
522 1066 678 1136 complures
686 1066 788 1121 fratres
803 1067 850 1137 qui
867 1082 933 1137 pos·
973 1072 1002 1123 et
1014 1085 1050 1122 ne
1058 1067 1190 1123 comedas
1196 1064 1325 1137 usquead
1331 1076 1491 1134 vesperam,
1503 1058 1552 1113 sed
1562 1057 1656 1111 solum
1663 1053 1776 1108 attende

132 1158 200 1208 sunt
215 1159 293 1208 tuam
310 1153 382 1208 ferre
397 1151 628 1207 imbecillitatem.
641 1155 696 1225 Ego
706 1155 781 1209 enim
795 1155 871 1209 solua
888 1154 934 1208 hic
973 1157 1132 1213 esculentis.
1157 1157 1228 1210 Cum
1251 1159 1346 1209 autern
1369 1151 1469 1206 fuisset
1484 1163 1610 1219 vespera,
1627 1149 1658 1200 et
1674 1143 1775 1198 Paulus

132 1244 228 1310 sedeo,
244 1243 369 1314 quinque
384 1242 493 1297 dierum
507 1243 598 1313 spatio
611 1243 758 1314 interjecto
773 1244 931 1310 comedens,
974 1264 1030 1302 non
1045 1246 1222 1312 comedisset,
1249 1243 1319 1298 dixit
1335 1242 1360 1297 ei
1382 1239 1520 1295 Antonius
1535 1257 1541 1292 :
1555 1236 1658 1305 Surge,
1675 1250 1733 1301 ora,
1750 1239 1778 1288 et

131 1331 217 1402 idque
231 1331 367 1386 esuriens.
392 1331 442 1385 His
456 1348 522 1402 ergo
542 1331 632 1386 verbis
647 1334 766 1387 Paulum
792 1332 931 1403 abigebat.
974 1336 1075 1391 dormi.
1088 1336 1139 1391 Ille
1154 1340 1249 1389 autem
1264 1348 1362 1387 mensa
1375 1330 1473 1385 relicta
1481 1327 1521 1382 sic
1528 1326 1604 1381 fecit.
1620 1323 1716 1379 Media
1726 1339 1776 1376 au-

133 1421 286 1492 Postquam
298 1424 392 1474 autem
405 1436 470 1474 oum
482 1437 539 1476 non
548 1421 671 1487 admisit,
684 1423 777 1477 clauso
789 1423 859 1478 ostio
874 1425 933 1477 An·
974 1432 1031 1480 tem
1047 1429 1128 1480 nocte
1142 1423 1273 1479 excitavit
1282 1438 1346 1476 eum
1359 1418 1576 1482 adorationem,
1593 1420 1623 1468 et
1637 1411 1775 1484 usquead

133 1510 227 1564 tonius
240 1509 330 1564 tribus
343 1509 442 1564 dicbus
457 1510 531 1564 foras
542 1527 599 1565 non
615 1516 658 1566 est
666 1527 804 1582 egressus,
818 1516 934 1583 propter
973 1515 1072 1570 horam
1087 1529 1191 1567 nouam
1204 1510 1336 1582 produxit
1345 1507 1496 1563 orationes.
1506 1506 1776 1560 Mensaautemrur-

132 1598 280 1670 ipsum,ne
290 1597 446 1669 quidemad
461 1600 641 1656 necessitates
652 1618 726 1656 suas.
737 1601 828 1657 Senex
837 1607 933 1655 autem
975 1620 1023 1658 sus
1038 1601 1166 1673 apposita
1180 1616 1244 1654 cum
1270 1603 1299 1652 et
1322 1614 1420 1652 rursus
1439 1594 1588 1649 cecinisset
1608 1597 1639 1646 et
1658 1594 1775 1654 orasset,

132 1689 288 1760 permansit
296 1704 352 1742 non
367 1689 510 1743 recedens.
527 1689 633 1753 Quarto
647 1707 713 1744 vero
728 1689 773 1745 die
789 1707 852 1746 cum
868 1687 1039 1748 eumBsero
1054 1706 1169 1762 vespere
1182 1688 1317 1743 sederunt
1335 1685 1371 1739 ad
1386 1681 1604 1740 comedendum.
1624 1680 1698 1735 Cum
1712 1695 1776 1748 ergo

133 1783 275 1849 premeret
289 1778 449 1844 necessitas,
466 1784 563 1850 aperto
589 1780 660 1834 ostio
677 1796 805 1850 egressus
822 1785 873 1836 est.
899 1781 934 1834 ut
974 1767 1776 1849 comedissetmagnusllntoniusunumpaxamatem,aliud

133 1880 196 1921 cum
210 1884 306 1921 rursus
316 1867 431 1920 vidisset
444 1866 572 1933 Paulum,
589 1867 615 1921 ci
630 1867 698 1921 dicit
714 1887 719 1922 :
734 1868 787 1922 Abi
796 1869 871 1934 hinc,
888 1884 933 1922 se·
974 1887 1031 1926 non
1045 1867 1148 1940 tetigit.
1167 1868 1256 1922 Senex
1278 1870 1372 1920 autern
1387 1862 1536 1918 comedens
1550 1858 1672 1924 tardius,
1688 1856 1777 1911 adhuc

133 1972 197 2010 nex.
214 1955 287 2020 Quid
302 1956 410 2009 mihies
425 1955 644 2011 molestusfnon
658 1963 737 2028 potes
748 1958 794 2012 hic
808 1974 932 2012 manere.
974 1959 1089 2016 tenebat
1098 1956 1291 2031 paxamidium
1300 1953 1374 2026 quod
1387 1956 1509 2024 ceperat.
1517 1947 1707 2020 Exspectabat
1713 1961 1777 2017 erge

134 2043 209 2099 Dicit
224 2043 249 2097 ei
264 2044 385 2098 Paulus:
402 2043 477 2097 Fieri
487 2061 543 2098 non
555 2050 647 2116 potest
659 2051 692 2099 ut
705 2062 757 2116 ego
768 2046 835 2100 alibi
850 2062 934 2118 quam
975 2048 1114 2104 Antonius
1125 2048 1213 2102 donec
1225 2044 1396 2118 perfecisset,
1409 2047 1439 2096 ct
1450 2040 1518 2096 dicit
1524 2039 1550 2094 ei
1562 2058 1569 2093 :
1583 2036 1718 2102 Comede‚
1730 2052 1779 2107 pa-

134 2132 181 2187 hic
194 2132 308 2186 moriar.
326 2133 396 2187 Cum
407 2133 560 2203 aspexisset
577 2139 673 2189 autem
688 2135 837 2202 Antonius,
854 2141 884 2189 et
894 2134 935 2188 ri·
976 2138 1091 2202 tercule,
1104 2136 1190 2191 etiam
1201 2151 1288 2190 unum
1297 2131 1373 2187 aliud
1381 2128 1582 2202 paxamidium.
1592 2125 1780 2182 DiciteiPau-

135 2221 223 2276 disset
231 2238 296 2276 cum
310 2238 366 2275 non
377 2221 449 2276 terre
457 2238 492 2277 ea
501 2239 563 2292 quae
572 2224 681 2277 suntad
692 2224 794 2278 victum
805 2240 934 2279 necessa·
977 2228 1021 2282 lus
1046 2246 1051 2280 :
1083 2226 1112 2282 Si
1140 2231 1172 2280 tu
1200 2223 1340 2288 comedas,
1365 2237 1416 2291 ego
1440 2235 1552 2291 quoque
1571 2215 1736 2282 comedam,
1751 2220 1779 2270 te

135 2311 188 2377 ria,
203 2327 260 2365 non
274 2327 385 2381 panem,
401 2327 458 2366 non
475 2327 587 2382 aquam,
604 2328 661 2367 non
682 2313 790 2383 aliquid
803 2313 889 2380 aliud,
907 2318 937 2366 et
977 2322 1072 2372 autem
1085 2331 1141 2369 non
1155 2312 1328 2378 comedente,
1349 2325 1400 2364 nec
1415 2325 1466 2379 ego
1489 2306 1648 2363 comedam.
1666 2301 1779 2359 Dicitei

131 2401 192 2471 jam
209 2405 342 2471 quartum
356 2400 431 2454 diem
446 2417 639 2471 perseverasse
650 2403 791 2472 jejunum,
804 2401 936 2473 cogitavit
976 2404 1115 2460 Antonius
1129 2422 1135 2457 :
1150 2407 1235 2468 28!
1251 2400 1322 2454 Mihi
1330 2398 1442 2465 sufficit,
1455 2414 1516 2452 sum
1526 2396 1603 2451 enim
1612 2393 1778 2448 monachus.

136 2490 211 2562 apud
222 2490 314 2545 sezNe
324 2489 639 2560 fortemoriatur,utqui
648 2507 702 2547 nou
713 2491 751 2545 sit
762 2491 937 2561 assuetusje-
977 2491 1012 2548 Et
1026 2493 1073 2547 ille
1091 2511 1096 2545 :
1110 2492 1145 2545 Et
1155 2489 1226 2544 mihi
1242 2487 1363 2555 sufficit;
1380 2503 1446 2541 nam
1460 2500 1512 2554 ego
1526 2480 1779 2555 quoquevolofieri

133 2581 375 2652 junar·e‚etmeam
382 2579 505 2634 maculet
512 2579 793 2650 animam.Eumergo
801 2579 933 2634 admittit
978 2581 1141 2636 monachus.
1158 2578 1255 2650 Surgit
1269 2593 1376 2643 rursus,
1389 2574 1497 2630 etfacit
1512 2570 1665 2628 duodecim
1679 2569 1780 2625 oratio·

136 2668 215 2723 Tunc
233 2667 259 2721 ei
273 2667 340 2721 dicit
349 2667 504 2722 Antonius:
521 2668 673 2723 Potesesse
686 2668 782 2724 salvus
793 2669 818 2724 si
833 2669 937 2724 habeas
977 2687 1037 2736 nes,
1055 2674 1082 2725 et
1096 2668 1191 2741 psallit
1201 2665 1347 2722 duodecim
1357 2665 1490 2736 psalmos.
1507 2663 1542 2716 Et
1556 2665 1622 2735 post
1636 2659 1778 2714 orationes

137 2754 337 2822 obedientiam,
346 2761 375 2810 et
384 2756 458 2827 quod
473 2773 489 2809 a
503 2773 547 2810 me
555 2757 677 2812 audieris
684 2758 737 2812 hoc
745 2758 853 2813 feceris.
862 2760 936 2813 Pau·
977 2759 1061 2834 primi
1072 2759 1164 2814 scanni
1179 2773 1278 2829 parum
1289 2755 1448 2817 dormiunt,
1470 2757 1498 2808 et
1512 2767 1612 2806 rursus
1634 2748 1778 2820 expergis-

137 2844 182 2900 lus
199 2850 293 2899 autem
314 2845 493 2916 respondem,
513 2844 583 2900 dixit
603 2864 608 2899 :
626 2847 737 2901 Faciam
761 2862 934 2918 quecunque
978 2848 1125 2905 cunturad
1140 2846 1317 2919 psallendum
1329 2861 1346 2898 a
1357 2840 1584 2898 medianoctead
1595 2839 1779 2909 diemusque.

135 2934 263 3005 jusseris.
278 2934 430 3004 Talemque
439 2934 617 3006 vitaeasperae
628 2936 742 3006 agendae
755 2938 894 2992 rationem
910 2941 939 2992 et
1014 2937 1124 2993 Deinde
1138 2936 1216 2991 misit
1228 2950 1293 2989 eum
1303 2934 1339 2989 ad
1353 2932 1512 2988 obeundam
1527 2928 1722 2993 solitudinem,
1736 2925 1779 2980 di·

137 3022 194 3078 illis
209 3022 307 3078 diebus
321 3025 444 3095 suscepit
456 3024 605 3090 Antonius,
624 3026 736 3097 qualem
749 3026 860 3097 quando
876 3031 967 3106 erato
979 3043 1044 3083 cens
1057 3027 1084 3081 ei
1100 3044 1106 3079 :
1123 3025 1195 3081 Veni
1209 3025 1265 3079 huo
1279 3028 1343 3094 post
1355 3028 1413 3077 tres
1428 3021 1498 3074 dies.
1514 3019 1587 3074 Cum
1611 3017 1666 3072 boc
1684 3021 1778 3070 autem

137 3113 167 3168 in
183 3112 319 3184 principio
331 3113 497 3184 juventutis.
510 3114 577 3184 Ejus
591 3131 659 3185 ergo
678 3121 801 3169 mentem
815 3115 937 3186 probans
978 3118 1083 3172 factum
1098 3120 1182 3180 esset,
1199 3112 1355 3184 etquidem
1378 3111 1479 3165 fratres
1496 3109 1531 3162 ad
1547 3123 1612 3162 eum
1626 3105 1777 3170 uenissent,

138 3201 288 3267 Antonius,
309 3200 334 3255 ei
349 3200 419 3255 dixit
435 3221 440 3255 :
458 3202 517 3266 Sta,
538 3206 566 3256 et
580 3218 628 3257 ora
644 3203 674 3256 in
695 3204 832 3269 hocloco,
849 3204 938 3258 donec
979 3203 1258 3261 observabatPaulus
1268 3200 1423 3256 Antonium
1433 3193 1779 3270 quidnamvelleteumfa·

136 3290 291 3362 ingrediar,
309 3295 338 3344 et
351 3291 466 3345 afferam
480 3290 533 3346 tibi
548 3292 622 3362 quod
637 3292 770 3363 opereris.
792 3294 939 3364 Ingressus
979 3311 1051 3350 cere.
1068 3295 1095 3349 ls
1108 3298 1204 3348 autem
1219 3291 1290 3346 dixit
1304 3290 1330 3345 ei
1345 3308 1352 3343 ι
1368 3290 1474 3345 Tacena
1489 3282 1777 3349 ministrafratribus3

139 3385 236 3436 autem
250 3380 421 3451 speluncam,
434 3396 485 3451 per
498 3380 650 3435 fenestram
665 3381 864 3436 animadvertit
873 3399 938 3437 eum
979 3400 1071 3456 neque
1077 3382 1184 3453 aliquid
1192 3379 1349 3452 gustaveris
1361 3377 1554 3434 donecfratres
1562 3375 1671 3430 fuerint
1680 3372 1780 3428 iteriu-

135 3467 168 3526 in
183 3485 216 3524 eo
230 3469 290 3524 loeo
303 3473 393 3523 totam
406 3468 612 3524 hebdomadam
626 3487 741 3526 manere
755 3471 937 3540 immobilem,
978 3472 1077 3544 gressi.
1090 3473 1242 3543 Postquam
1248 3474 1343 3524 autem
1351 3467 1436 3522 tertia
1439 3468 1499 3538 Jam
1509 3466 1709 3536 impletaesset
1718 3459 1781 3516 heb·

138 3573 204 3614 cuna
215 3556 250 3612 ab
258 3562 327 3613 astu
338 3562 504 3612 torreretur.
517 3559 652 3630 Egressus
661 3564 756 3614 autem
765 3566 829 3631 post
837 3561 940 3615 bebdo-
980 3560 1100 3616 domada
1111 3576 1144 3614 ex
1157 3575 1212 3630 quo
1227 3574 1284 3613 non
1294 3556 1454 3611 comederat
1466 3554 1579 3617 Paulus,
1597 3553 1701 3607 fratres
1716 3565 1780 3606 eum

139 3647 264 3713 medam,
276 3664 378 3702 cumex
391 3647 492 3717 palmis
508 3663 602 3702 ramos
611 3648 814 3716 madefecisset,
822 3649 848 3703 ei
857 3649 937 3706 dicit:
980 3647 1131 3721 rogabant:
1143 3647 1205 3712 Qua
1214 3645 1249 3700 de
1263 3661 1348 3701 causa
1357 3644 1448 3698 taces?
1461 3640 1713 3712 Cumqueillenon
1722 3655 1781 3693 res·

139 3736 251 3807 Accipe,
268 3741 295 3791 et
308 3742 423 3790 contexe
446 3735 542 3790 funem
558 3742 589 3790 ut
609 3753 655 3791 me
668 3737 752 3791 vides.
762 3738 843 3792 Texit
855 3755 940 3793 senex
981 3738 1125 3811 ponderet,
1141 3736 1209 3791 dicit
1222 3736 1248 3791 ei
1261 3734 1419 3790 Antonius:
1434 3731 1507 3796 Quid
1515 3730 1609 3785 tacesf
1623 3730 1781 3800 colloquere

139 3823 285 3878 adhoram
300 3840 390 3894 usque
404 3840 508 3878 nouam
518 3824 680 3894 quindecim
694 3825 774 3879 ulnas
786 3843 887 3896 magno
902 3827 941 3881 la·
981 3844 1045 3883 cum
1071 3824 1218 3883 fratribus.
1244 3824 1296 3880 Ille
1320 3839 1385 3878 vero
1404 3827 1447 3876 est
1464 3821 1629 3875 codocutus.
1646 3821 1719 3874 Cum
1730 3817 1781 3872 ali·

139 3911 219 3967 bore.
236 3912 308 3966 Cum
331 3918 427 3966 autem
451 3911 567 3967 vidisset
584 3913 723 3968 Antonius
740 3913 769 3969 id
784 3915 858 3986 quod
873 3932 941 3971 con·
982 3915 1094 3986 quando
1108 3916 1135 3970 ei
1149 3915 1248 3970 fuisset
1260 3914 1346 3968 allata
1359 3928 1432 3966 urna
1449 3909 1550 3978 mellis,
1566 3908 1640 3964 dixit
1653 3909 1679 3963 ei
1693 3911 1781 3962 Anto·

140 4003 279 4067 texuerat,
296 3999 324 4054 id
340 3999 456 4054 minime
468 4001 494 4055 ei
509 4001 622 4073 placuit,
641 4008 669 4056 et
686 4001 740 4073 ipsi
755 4003 823 4059 dicit
840 4022 846 4058 ε
869 4004 940 4059 Male
982 4005 1046 4060 nius
1063 4004 1194 4075 :Frange
1208 4019 1265 4069 ras,
1282 4001 1378 4056 etmel
1393 3999 1562 4054 effundatur.
1579 3997 1627 4053 Sic
1639 3994 1782 4051 autemsa-

142 4089 320 4155 contexuisti,
349 4094 452 4156 retexe,
474 4095 504 4145 et
523 4091 615 4145 denuo
644 4098 774 4159 contexe;
798 4110 860 4148 cum
879 4095 940 4165 jam
981 4095 1029 4149 cit.
1046 4095 1081 4149 Et
1093 4095 1119 4148 ei
1135 4109 1233 4148 rursus
1245 4091 1330 4147 dicit:
1350 4089 1456 4160 Collige
1479 4103 1578 4143 rursus
1592 4087 1651 4141 mel
1665 4085 1779 4151 mucha,

140 4179 260 4251 septima
271 4178 316 4234 die
322 4179 439 4250 jejunus
450 4186 556 4249 ageret,
568 4180 652 4251 idque
664 4198 728 4236 cum
743 4183 939 4254 essetgrandis
980 4199 1016 4238 ne
1040 4183 1136 4238 sordes
1162 4181 1273 4252 aliquas
1294 4179 1408 4235 inferas.
1437 4178 1471 4232 Et
1494 4192 1593 4231 rursus
1615 4175 1705 4246 jussit
1718 4190 1781 4230 eum

140 4273 232 4326 etate.
249 4269 372 4324 Tantum
386 4277 555 4324 autemeam
570 4270 622 4324 hac
636 4270 671 4325 de
685 4287 770 4326 causa
784 4272 891 4338 adlisit,
908 4278 940 4329 ut
984 4288 1086 4342 aquam
1097 4271 1211 4326 haurire
1226 4275 1285 4323 toto
1298 4267 1354 4323 die.
1364 4268 1399 4322 Et
1412 4282 1511 4321 rursus
1525 4282 1590 4320 cum
1604 4270 1713 4318 vestem
1723 4265 1782 4334 ejus

140 4375 213 4429 [egre
223 4357 315 4413 ferens
325 4374 410 4413 senex
419 4357 529 4429 fugeret
539 4359 738 4426 Antonium,et
747 4360 833 4415 vitam
844 4359 971 4419 mona-D
981 4358 1254 4429 dissolvisset,jussit
1267 4373 1410 4412 consuere.
1423 4357 1543 4411 Tantam
1552 4353 1676 4424 denique
1690 4353 1782 4407 hierir

139 4448 266 4504 chorum.
279 4449 307 4503 Is
317 4454 413 4504 autem
428 4448 541 4503 eosdem
556 4465 650 4503 ramos
664 4455 693 4503 et
707 4451 837 4519 retexuit,
849 4457 878 4505 et
887 4452 941 4507 ite-
981 4449 1106 4522 possedit
1121 4446 1360 4511 obedientiam,ut
1374 4445 1400 4500 ei
1413 4445 1499 4499 etiam
1512 4444 1580 4498 data
1592 4440 1782 4512 sitgratiadi-

141 4553 204 4593 rum
213 4537 425 4592 contexuitcum
434 4537 645 4607 magnolabore,
654 4538 770 4608 quodex
778 4546 941 4596 contextura
980 4540 1094 4606 rinitus,
1108 4555 1210 4610 nempe
1225 4543 1258 4592 ut
1271 4536 1385 4607 ejiceret
1399 4535 1708 4606 demonesrostquam
1717 4547 1781 4603 ergo

142 4626 235 4698 prima
247 4625 368 4681 fuissent
379 4626 530 4697 corrugati.
542 4627 612 4681 Cum
622 4643 689 4698 ergo
698 4628 814 4684 vidisset
823 4646 941 4701 magnus
981 4630 1052 4685 vidit
1061 4644 1158 4684 senem
1173 4643 1292 4698 maguus
1301 4625 1449 4692 Antonius,
1466 4628 1595 4696 prompte
1605 4619 1781 4678 cumessead

139 4715 280 4770 Antonius
292 4732 356 4771 eum
363 4732 415 4771 neo
421 4732 622 4783 murmurasse,
632 4732 724 4788 neque
732 4718 858 4773 animum
867 4720 943 4791 abJ'e·
983 4719 1078 4775 omnia
1089 4722 1217 4773 secutum
1230 4716 1260 4770 in
1274 4715 1337 4770 vite
1347 4713 1507 4769 exercende
1516 4712 1636 4778 ratione,
1653 4711 1680 4767 ei
1691 4711 1760 4766 dicit
1773 4728 1779 4764 :

143 4802 437 4876 cisse,nequerultu1n
447 4805 805 4874 suumomninoarertisse,
815 4813 943 4882 etneqne
982 4808 1166 4875 Vide,frater,
1179 4806 1202 4861 si
1216 4806 1255 4860 sic
1269 4804 1300 4859 in
1311 4804 1371 4858 dies
1385 4809 1473 4874 potes,
1485 4818 1570 4857 mane
1580 4817 1702 4856 mecum.
1712 4799 1784 4856 Dicit

143 4892 186 4946 rel
195 4894 338 4949 tantillum
347 4893 674 4966 succensuisse,propter
683 4911 747 4950 eum
758 4902 801 4951 est
811 4913 944 4969 compuu-
985 4899 1010 4954 ei
1024 4898 1147 4953 Paulus:
1163 4897 1207 4950 dn
1222 4893 1290 4965 quid
1302 4893 1372 4948 mihi
1386 4892 1475 4963 possis
1487 4891 1611 4962 amplius
1624 4889 1781 4956 ostendere,

142 4984 215 5035 ctus.
229 4982 261 5036 Et
272 4984 331 5037 sole
345 4984 489 5039 occidente
499 4983 525 5038 ei
534 4983 616 5038 dicit:
632 4984 787 5051 Patercule,
804 4985 845 5040 vis
855 5004 944 5043 come·
984 4987 1087 5043 nescio.
1104 4988 1286 5055 Nameaquae
1295 4982 1350 5036 vidi
1363 4986 1419 5036 ate
1435 4981 1505 5046 neri,
1518 4996 1571 5051 080
1584 4995 1700 5051 quoque
1714 4977 1783 5033 ΜΟ

143 5067 244 5125 damus
259 5069 449 5141 fragmentum
462 5071 561 5145 panis?
577 5073 650 5128 Dicit
660 5073 685 5127 ei
701 5074 807 5130 Paulus
824 5093 830 5128 :
845 5076 882 5132 Ut
893 5077 944 5131 tibi
985 5077 1065 5132 facile
1080 5082 1109 5131 et
1121 5076 1191 5130 citra
1208 5072 1409 5137 laborem,Deo
1416 5071 1485 5125 mihi
1495 5069 1784 5141 opemferente.‘l¹unc

144 5157 265 5222 ridetur,
277 5158 425 5216 abballoc
434 5179 545 5234 quoque
554 5180 651 5218 rursus
660 5163 768 5219 inflexit
777 5166 940 5235 Antonium,
983 5168 1009 5221 ei
1025 5165 1092 5221 dicit
1105 5164 1243 5220 Antonius
1259 5162 1315 5217 alio
1324 5161 1370 5216 die
1383 5180 1388 5214 ι
1401 5160 1433 5215 ln
1447 5159 1647 5225 nomineJesn,
1658 5157 1784 5213 eccefao·

144 5248 218 5320 quod
231 5264 288 5303 non
301 5249 337 5303 ad
348 5248 403 5304 cibi
418 5251 549 5307 nuntium
570 5253 697 5324 protinus
710 5255 872 5322 accurrerit,
894 5255 943 5309 sed
983 5262 1065 5311 tuses
1077 5254 1241 5309 monachus.
1258 5252 1430 5306 Gumautem
1438 5249 1784 5321 satissuperquecompcr·

144 5338 345 5410 eipotestatcm
355 5338 522 5408 permiserit.
532 5343 605 5397 Para
615 5343 940 5414 ergo,inquit,mensam;
985 5337 1781 5410 tumbaberetinomnibusmagnusetbeatustlntonins,

143 5432 173 5484 et
187 5427 302 5484 obediit.
318 5427 385 5482 Fert
399 5443 486 5498 panes
500 5430 650 5498 Antonius,
666 5436 696 5487 et
711 5432 833 5505 imponit
845 5450 948 5490 mensae
987 5431 1206 5490 esseadmodum
1216 5430 1367 5502 perfectam
1377 5428 1501 5483 animam
1509 5426 1746 5494 christiserrnm,
1755 5427 1786 5481 ut

144 5523 267 5599 queror
284 5522 456 5595 paxamates,
472 5533 520 5574 sex
534 5520 681 5578 undarum
695 5540 701 5592 ;
720 5527 749 5579 et
765 5521 819 5579 sibi
835 5524 949 5597 quidem
989 5524 1038 5598 qui
1052 5527 1126 5580 esset
1138 5520 1291 5578 admodum
1304 5519 1439 5591 simplex;
1469 5521 1531 5591 post
1556 5521 1651 5574 certos
1664 5531 1783 5587 urmes,
