3818 6120
141 288 186 346 :m
475 255 479 263 ’
645 279 1262 338 11111111111111111111111111111111111.
1726 285 1775 346 ,392

140 417 282 472 interdum
292 409 516 484 objurgationem
528 407 708 479 adjungente,
721 407 756 461 ab
766 423 798 461 eo
809 405 935 460 distracti
944 404 969 464 A
978 405 1122 467 contortis
1132 405 1160 458 111
1173 405 1303 459 intimam
1314 405 1492 461 solitudinem
1507 424 1537 461 se
1548 408 1724 476 contulisset,
1737 414 1776 465 at·

138 510 212 570 sunt,
228 509 313 575 atque
327 499 406 554 1111111
423 497 640 561 revertebantur,
663 496 815 550 identidem
840 496 935 550 oeulos
977 511 1031 565 que
1053 495 1220 549 caducarum
1235 511 1330 549 rernm
1345 495 1546 563 contusionem,
1563 504 1702 571 tanquam
1718 516 1776 555 mo·

139 595 322 657 reflectentes,
330 594 419 656 88!
431 604 463 641 ac
473 586 589 660 pedibus
600 586 674 640 inter
688 585 889 640 ambulandum
898 584 936 639 ol·
977 582 1157 637 lestissimam
1172 583 1323 654 qnamdam
1338 583 1477 638 sarcinam
1492 590 1522 639 et
1535 592 1665 641 catenam
1680 604 1776 643 excus-

137 682 291 737 sendentes.
302 677 435 734 Nonnulli
445 682 539 732 autem
549 693 581 730 ex
598 675 633 729 iis
644 675 691 747 qui
705 674 865 729 ferventiori
877 672 936 728 ani·
977 672 1068 737 sisset,
1084 672 1185 744 spiritu
1199 671 1355 740 letabatur,
1371 674 1561 746 conjectisque
1575 675 1605 730 in
1622 676 1774 745 Christum,

138 787 183 824 mo
196 768 305 841 pradia
316 771 405 826 erant.
413 766 541 836 lugentes
552 764 662 818 eminus
674 764 766 834 ipsum
781 762 935 833 sequeban·
975 763 1056 831 cujus
1069 761 1209 816 desiderio
1222 761 1347 827 ardebat,
1373 761 1476 829 oculis;
1493 764 1528 818 ad
1549 781 1625 830 eum,
1641 771 1776 836 tanquam

136 864 192 925 tur,
208 857 392 930 quoadusque
406 872 459 910 nox
481 854 580 909 oborta
593 870 641 908 eos
656 853 730 907 inter
745 870 774 907 se
788 851 931 922 disjunxit.
975 850 1010 905 ad
1022 857 1189 922 presentem
1200 856 1284 922 atque
1295 851 1383 923 ipsius
1393 869 1488 907 rocem
1498 854 1662 908 audientem
1673 854 1776 910 clama·

171 949 236 1002 Car.
252 947 389 1001 XXXVll.
400 975 431 985 -
441 946 600 998 Generosus
610 941 698 1012 igitur
713 941 760 995 ille
770 941 811 994 rir
823 958 855 994 ex
870 941 935 995 aula
976 940 1032 1005 bat,
1043 957 1163 1011 eumque
1172 939 1377 1012 alloquebatur,
1385 941 1429 995 his
1438 941 1565 997 videlicet
1572 942 1666 997 verbis
1677 949 1774 999 utens:

135 1052 264 1107 egressus
286 1040 337 1099 est,
355 1032 470 1105 perinde
491 1031 570 1086 laetus
590 1037 674 1102 atque
690 1029 799 1094 alacris,
816 1035 848 1083 ut
870 1045 933 1082 cum
975 1027 1017 1081 Ne
1026 1027 1086 1097 jam
1097 1044 1200 1098 quaeso,
1213 1045 1229 1082 o
1240 1028 1367 1094 Domine,
1383 1028 1479 1082 oculus
1490 1046 1569 1084 rneus
1584 1030 1703 1098 hujusce
1716 1031 1775 1087 rita

135 1124 274 1195 quispiam
287 1140 302 1177 e
317 1121 469 1193 longinquo
481 1137 513 1174 11
525 1120 658 1174 diuturno
669 1119 765 1173 exsilio
775 1119 803 1172 in
813 1118 933 1189 patriam
976 1116 1049 1170 bona
1062 1116 1169 1183 rideat;
1183 1133 1232 1171 nec
1249 1133 1371 1188 praesens
1386 1118 1494 1172 vastitas
1510 1125 1635 1174 mentem
1652 1136 1745 1174 meam
1759 1138 1774 1175 a

134 1230 164 1268 se
175 1213 268 1268 relect.
281 1214 372 1283 Atque
383 1216 497 1266 externe
507 1209 619 1281 quidem
633 1225 680 1263 eas
694 1207 796 1279 quibus
809 1207 850 1261 uti
864 1207 934 1261 sola·
975 1211 1104 1277 suscepto
1116 1205 1216 1260 itinere
1232 1205 1378 1261 abstrahat
1390 1226 1396 1270 ;
1407 1225 1512 1272 rerum,
1523 1209 1642 1264 Domine
1652 1211 1702 1273 mi,
1715 1226 1776 1266 ocu.

136 1296 772 1372 bat,restesgerebat.interneautcmcilicium
783 1295 849 1350 illud
860 1296 933 1367 quod
977 1295 1016 1348 los
1031 1311 1109 1348 meos
1130 1294 1323 1366 spiritualibus
1342 1294 1474 1368 lacrymis
1495 1298 1589 1369 imple,
1606 1316 1776 1371 gressusque

134 1389 323 1460 Barlaamipsi
334 1388 407 1444 dono
417 1386 638 1442 dederntPorro
648 1385 783 1440 nocteilla
792 1385 820 1439 in
832 1401 934 1456 paupe·
977 1383 1161 1453 ineosdirige‚
1173 1384 1366 1455 famulumque
1382 1391 1463 1439 tuum
1473 1387 1602 1442 barlaam
1617 1388 1688 1443 mihi
1701 1405 1776 1443 com·

134 1474 933 1550 riscujusdamviridomunculamseconlerens,vesteseas
978 1479 1113 1528 raonstra.
1130 1473 1208 1540 Mihi,
1221 1475 1347 1544 inquam,
1364 1491 1428 1529 eum
1444 1492 1494 1546 per
1513 1493 1596 1548 quem
1617 1478 1687 1532 mihi
1703 1478 1777 1533 salua

134 1567 357 1639 quibusindutus
367 1572 428 1621 erat
442 1565 548 1636 abjicit,
561 1571 791 1636 postremumque
805 1563 873 1617 illud
885 1562 934 1616 be·
975 1568 1056 1633 parta
1079 1567 1122 1616 est
1137 1563 1262 1630 ostende,
1279 1570 1310 1618 ut
1333 1564 1466 1618 solitariae
1484 1582 1516 1619 ac
1536 1567 1700 1621 monasticas
1715 1567 1776 1622 rita

133 1656 262 1711 nellcium
273 1653 655 1726 egentitribuit.Cumquead
668 1654 742 1707 hunc
751 1653 933 1707 modumtum
975 1651 1166 1706 sinceritatem
1178 1653 1329 1725 peripsum
1343 1652 1497 1716 addiscam,
1506 1671 1537 1708 ae
1547 1672 1602 1710 non
1615 1654 1651 1709 ob
1666 1656 1776 1712 hostilis

131 1744 276 1800 illinstum
285 1743 565 1799 multorumaliorum
576 1758 734 1814 pauperum
746 1740 934 1813 precibusDei
975 1740 1040 1795 belli
1054 1741 1225 1813 imperitiam
1241 1742 1270 1797 in
1282 1742 1412 1797 fraudem
1429 1743 1555 1798 inducar.
1571 1744 1614 1799 Da
1631 1745 1711 1812 mibi,
1723 1746 1776 1800 lto·

132 1851 215 1905 opem
225 1841 309 1905 atque
323 1833 458 1888 auxilium
472 1832 526 1887 sibi
541 1803 1060 1902 1111111111,11’11111111111111Βωί1111,
1077 1831 1150 1885 riam
1165 1847 1259 1886 meam
1274 1833 1405 1899 nancisci,
1420 1850 1471 1905 per
1483 1850 1567 1904 equam
1580 1840 1610 1889 te
1625 1834 1775 1906 adipiscar,

132 1931 160 1977 et
174 1923 302 1994 praesidio
317 1927 453 1993 tanquam
472 1922 571 1976 salutis
594 1921 761 1975 vestimento
779 1936 812 1974 ac
830 1919 934 1974 laetitiae
976 1921 1109 1991 quoniam
1123 1921 1219 1975 anima
1234 1937 1297 1975 inea
1307 1922 1349 1976 tui
1362 1922 1499 1977 desiderio
1515 1924 1610 1977 saucia
1625 1929 1679 1986 est,
1695 1930 1776 1996 teque

131 2012 216 2083 pallio
230 2028 291 2066 sese
302 2010 448 2079 induisset,
468 2011 504 2066 ad
521 2010 678 2065 solitariam
698 2010 784 2064 ritem
804 2008 931 2073 excessit,
975 2009 1074 2063 salutis
1089 2008 1194 2064 fontem
1211 2010 1343 2064 ardenter
1359 2009 1428 2067 sitit.

132 2117 187 2154 non
196 2117 307 2172 panem,
319 2117 375 2155 non
390 2114 503 2171 aquam,
515 2115 571 2154 non
588 2098 742 2171 quidquam
760 2098 836 2152 aliud
851 2115 883 2150 es
896 2096 932 2151 iis
1011 2099 1075 2152 llaec
1090 2115 1185 2153 secum
1196 2105 1331 2170 perpetuo
1344 2098 1478 2166 solvebat,
1488 2105 1571 2171 atque
1582 2100 1619 2155 ad
1630 2102 1722 2156 Deum
1736 2103 1775 2157 lo·

131 2207 193 2261 qure
207 2189 241 2244 ad
258 2189 361 2244 victum
376 2188 535 2244 necessaria
549 2195 615 2243 sunt
634 2205 730 2242 secum
746 2186 847 2254 lerona,
865 2187 929 2240 nul·
973 2186 1122 2257 qnebatur,
1136 2189 1351 2259 perorationem
1364 2206 1396 2242 ac
1409 2188 1639 2244 sublimissimam
1653 2197 1775 2245 contem·

130 2280 243 2351 lumque
253 2279 330 2334 alind
344 2279 541 2333 indumentum
555 2294 666 2348 gerens,
684 2282 785 2348 praeter
797 2292 931 2347 asperum
973 2276 1126 2346 piationem
1142 2277 1193 2348 ipsi
1210 2294 1271 2332 sese
1286 2279 1470 2348 conjungens.
1482 2280 1574 2349 Atque
1589 2279 1630 2333 ita
1644 2286 1774 2335 contento

130 2368 198 2423 illud
211 2367 342 2434 cilicium,
364 2368 398 2422 de
413 2385 468 2439 quo
491 2367 575 2438 paulo
599 2373 664 2420 ante
678 2366 850 2419 mentionem
867 2364 929 2420 leci.
972 2381 1070 2434 gressu
1085 2371 1207 2436 coeptum
1223 2366 1277 2420 iter
1290 2365 1504 2437 exsequebatur,
1517 2366 1552 2420 ad
1563 2368 1656 2422 locum
1671 2385 1738 2424 eum
1749 2368 1773 2423 in

132 2455 385 2527 Etenimsingulari
395 2454 932 2527 quodamdesiderio,acdirinoimmor-
973 2471 1028 2523 quo
1044 2455 1173 2509 Barlaam
1186 2454 1306 2525 degebat
1317 2456 1461 2526 pervenire
1476 2456 1659 2512 contendens.
1677 2456 1774 2512 Herbis

130 2546 196 2599 talis
211 2545 285 2617 regis
300 2545 404 2600 Christi
420 2562 516 2599 amere
530 2544 651 2610 saucius,
674 2548 733 2598 toto
749 2543 843 2596 animo
859 2543 888 2597 in
902 2543 931 2597 id
972 2554 1056 2608 porro
1071 2538 1105 2592 iis
1116 2556 1177 2610 quae
1190 2539 1220 2593 in
1230 2539 1341 2594 deserto
1354 2538 1510 2594 existebant
1522 2539 1661 2596 alebatur.
1679 2543 1774 2614 Neque

131 2633 205 2704 quod
219 2632 333 2688 amabat
348 2632 535 2699 incumbebat,
549 2637 625 2687 totus
640 2637 719 2687 extra
731 2649 760 2685 se
775 2639 883 2702 raptus,
898 2648 930 2685 ac
973 2628 1057 2692 enim,
1074 2633 1105 2682 ut
1117 2629 1178 2698 jam
1189 2645 1206 2681 a
1218 2645 1262 2682 me
1277 2636 1526 2684 commemomtum
1540 2635 1592 2695 est,
1603 2636 1708 2702 praeter
1718 2648 1773 2687 cor·

130 2721 263 2776 divinitus
273 2722 448 2787 immutatus,
457 2722 562 2793 Deique
571 2721 706 2776 charitate
718 2721 794 2775 omni
806 2737 838 2774 ex
850 2728 930 2792 parte
972 2733 1025 2787 pus
1041 2734 1072 2770 ac
1087 2733 1195 2789 pannos
1209 2717 1271 2771 illos
1286 2717 1387 2790 quibus
1402 2718 1517 2773 indutus
1531 2727 1603 2784 emt,
1620 2720 1771 2792 quidquem

131 2815 285 2882 correptus.
306 2811 398 2866 Fortis
412 2811 496 2878 enim,
514 2810 605 2883 inquit
621 2810 677 2876 ille,
694 2810 767 2865 sicut
789 2827 864 2863 rums
886 2811 929 2864 di-
972 2804 1049 2858 aliud
1064 2822 1160 2860 seeum
1171 2805 1287 2862 serebat.

132 2899 212 2954 lectio
227 2899 314 2969 1011111.
331 2904 399 2971 erut.
414 2900 534 2955 Tantam
550 2900 679 2954 videlicet
699 2898 758 2971 ipse
779 2914 815 2955 ex
836 2898 931 2953 dirino
1009 2896 1771 2967 Ο111111111111111111111111111111111111111111111111111111111

131 3004 225 3042 amore
234 2989 431 3044 temulentiam
439 2994 768 3059 contraxerat.tantaque
779 2988 825 3042 siti
832 2994 932 3043 aestua-
972 2983 1075 3038 rictum
1089 3001 1122 3038 ex
1135 2984 1229 3040 herbis
1241 2985 1294 3040 sibi
1304 2994 1425 3058 pararet,
1441 3004 1521 3059 aquae
1531 2989 1652 3060 penuria
1661 3005 1771 3061 prorsus

131 3076 187 3144 bat,
196 3078 287 3132 instar
295 3077 481 3133 scilicetillius
492 3078 540 3149 qui
551 3076 660 3132 dicebat
670 3093 676 3131 :
686 3076 929 3141 Quemadmodum
950 3125 957 3146 ,
975 3072 1128 3131 laborabat.
1146 3075 1220 3146 quod
1234 3075 1364 3131 videlicet
1377 3076 1499 3132 solitudo
1514 3078 1562 3130 illa
1580 3094 1661 3149 aquae
1678 3095 1770 3150 expers

130 3167 272 3223 desiderat
288 3183 386 3222 cerrus
399 3167 435 3221 ad
457 3166 548 3221 sontes
563 3182 710 3238 aquarum,
729 3165 769 3221 ita
788 3166 930 3220 desiderat
971 3171 1054 3216 esset.
1071 3163 1142 3217 Cum
1157 3163 1243 3234 igitur
1258 3163 1317 3219 sole
1324 3165 1384 3235 jam
1395 3165 1447 3220 sub
1458 3166 1604 3220 meridiem
1621 3167 1770 3222 uehemen-

131 3257 226 3311 anima
240 3272 303 3312 mea
315 3257 351 3311 ad
366 3262 393 3311 to
407 3256 491 3312 Deus.
504 3255 597 3310 Sitirit
607 3255 702 3310 anima
714 3272 778 3310 mea
792 3255 826 3309 ad
839 3255 929 3309 Deum
971 3259 1014 3304 ter
1028 3251 1144 3307 ardente
1158 3252 1213 3306 iter
1224 3252 1340 3321 faceret,
1358 3255 1551 3310 vehementius
1573 3255 1724 3310 chrestum
1743 3256 1769 3310 in

131 3346 236 3401 lentem
247 3346 339 3400 sirum
358 3349 438 3413 (Prot.
450 3348 518 3415 1111).
535 3345 570 3399 Et
584 3344 819 3417 quemadmodum
835 3344 931 3399 anima
971 3340 1051 3394 arida
1065 3341 1178 3411 regione
1197 3341 1243 3396 siti
1264 3342 1410 3414 flagrabat,
1427 3351 1511 3415 atque
1526 3350 1653 3399 extrema
1667 3353 1697 3400 et
1707 3361 1769 3417 gra·

131 3436 188 3504 illa,
209 3451 271 3508 quae
287 3434 449 3505 hujusmodi
476 3434 613 3488 charitate
642 3434 789 3487 vulnerata
814 3439 876 3487 erat
900 3433 928 3488 in
972 3429 1085 3484 sissima
1099 3448 1224 3486 aerumna
1232 3432 1394 3488 vexabatur.
1413 3433 1518 3488 Verum
1531 3433 1675 3507 cupiditas
1689 3440 1769 3490 natu·

131 3525 246 3582 cantico
259 3522 930 3592 canticorumait:llulneratacharitateegosnm
971 3536 1032 3573 ram
1054 3519 1241 3585 vincebatur
1260 3520 1322 3578 sitis
1340 3539 1375 3577 ea
1400 3522 1493 3577 divina
1517 3539 1574 3595 qna
1598 3522 1771 3580 alliciebatur

134 3615 225 3679 (111111.
240 3619 280 3685 11).
294 3615 334 3668 hc
349 3629 462 3668 rursum
478 3629 485 3666 t
502 3611 626 3667 Ostende
640 3611 710 3666 mihi
725 3611 822 3666 faciem
838 3614 926 3678 tuam,
970 3608 1031 3663 sitis
1046 3626 1124 3681 aquea
1140 3611 1283 3665 llammam
1301 3610 1455 3667 minuebat.

132 3710 160 3758 et
172 3704 216 3758 fac
231 3719 276 3759 me
290 3703 388 3759 audire
397 3717 494 3758 rocem
504 3707 581 3758 tuam
591 3720 597 3769 3
608 3718 660 3756 rox
671 3701 747 3758 enim
759 3706 809 3756 tua
824 3700 925 3768 dulcis,
1005 3700 1112 3754 htrero
1123 3699 1169 3754 ille
1183 3699 1248 3754 boni
1264 3700 1394 3756 inimicus
1405 3707 1432 3756 et
1445 3702 1556 3756 invidus
1568 3701 1709 3769 diabolus,
1720 3703 1769 3759 hu·

132 3797 161 3845 et
175 3792 259 3847 facies
269 3797 320 3846 tua
333 3792 444 3847 decora.
969 3789 1093 3861 jusmodi
1102 3788 1770 3863 animiinstitutumatqneusqueadeoardentam

168 3881 291 3952 Hujusce
305 3882 382 3936 omni
394 3897 522 3937 sermone
533 3880 736 3953 praestantioris
747 3879 931 3953 pulchritudi·
973 3880 1061 3952 ipsius
1084 3896 1152 3951 erga
1166 3880 1255 3933 Deum
1271 3878 1438 3935 charitatem
1457 3880 1655 3952 indignissimo
1678 3882 1769 3939 animo

133 3968 177 4024 nis
191 3967 295 4024 Christi
310 3968 458 4036 desiderio,
467 3975 602 4042 tanquam
617 3970 682 4040 igne
697 3969 818 4042 quodam
832 3969 861 4023 in
880 3986 929 4041 pe·
972 3968 1155 4041 perspiciens.
1177 3968 1281 4022 multas
1302 3968 1356 4040 ipsi
1376 3969 1405 4023 in
1429 3968 1581 4025 solitudine
1599 3972 1769 4027 tentationes

131 4063 207 4115 ctare
217 4063 340 4131 accepto,
351 4059 542 4132 apostolomm
552 4059 663 4127 ehoms,
675 4075 706 4114 ac
716 4064 874 4132 martyrum
884 4074 931 4130 ag·
972 4058 1119 4126 excitabat,
1131 4057 1215 4129 regiae
1229 4057 1363 4113 nimirum
1376 4058 1464 4130 ipsius
1474 4059 1572 4130 gloria
1582 4059 1769 4131 splendidissi-

131 4148 218 4216 mina,
234 4148 329 4204 omnia
342 4165 376 4204 ea
395 4165 457 4221 quae
473 4148 560 4204 oculis
581 4153 736 4204 cernuntur
750 4153 929 4220 contempse-
971 4164 1079 4220 maeque
1093 4152 1188 4215 882
1202 4147 1357 4202 satellitum
1381 4164 1490 4215 manus,
1511 4166 1567 4221 qua
1589 4149 1681 4222 ipsius
1699 4150 1769 4206 latus

132 4245 208 4307 runt,
224 4245 309 4312 atque
321 4239 397 4294 omni
414 4237 478 4294 huic
496 4240 579 4294 ssuxae
594 4243 623 4294 et
640 4239 753 4294 caduca
767 4237 830 4293 ritae
845 4237 930 4292 innu·
971 4237 1045 4309 cingi
1052 4235 1169 4304 solebat,
1181 4241 1265 4308 atque
1273 4237 1429 4292 amicorum
1437 4237 1505 4293 item
1514 4240 1703 4310 etaequalium
1715 4256 1768 4295 me·

132 4344 211 4384 mera
223 4333 429 4384 tormentorum
451 4333 479 4383 et
497 4328 595 4384 mortis
612 4344 718 4400 genera
731 4328 928 4400 praetulerunt,
971 4327 1090 4383 moriam
1100 4326 1153 4399 ipsi
1163 4325 1297 4381 refricans
1308 4326 1449 4399 ;illudque
1457 4327 1524 4383 item
1534 4327 1589 4399 ipsi
1601 4328 1638 4384 ob
1645 4329 1767 4385 animum

131 4417 456 4490 dirinaeputchmudinis
466 4434 562 4472 amore
572 4416 1140 4502 llagrantesmtqueingen·„proponens
1161 4415 1288 4471 omnium
1307 4415 1416 4471 animas
1440 4434 1473 4472 ex
1488 4417 1575 4489 ipsius
1590 4419 1690 4474 anima
1702 4435 1766 4492 pen·

131 4514 189 4562 tem
199 4508 251 4565 Dei
262 4505 346 4562 Verbi
357 4523 424 4578 erga
433 4523 484 4561 nos
494 4522 619 4561 amorem
630 4524 693 4561 cum
706 4506 808 4562 animis
819 4506 877 4560 suis
888 4522 931 4560 re·
971 4507 1047 4573 dere,
1062 4523 1094 4560 ac
1104 4505 1227 4576 reliquas
1236 4505 1359 4577 denique
1369 4505 1440 4561 alias
1448 4507 1639 4577 hujusccritae
1649 4508 1766 4563 obleeta-

131 4602 273 4668 pntantes.
285 4596 366 4653 Hunc
376 4596 470 4667 ignem
484 4612 549 4650 cum
561 4595 712 4667 praeclarus
723 4595 818 4661 etiam,
829 4612 861 4649 ac
871 4612 930 4650 cor·
970 4596 1061 4650 tiones
1075 4594 1129 4667 ipsi
1140 4593 1283 4665 objiciens.
1293 4596 1333 4650 hc
1343 4594 1444 4650 deinde
1455 4595 1565 4651 virtutis
1576 4597 1765 4670 asperitatem,

132 4702 199 4757 pore
209 4685 323 4759 quidem
334 4685 444 4752 nobilis,
452 4690 584 4741 caeterum
592 4685 674 4755 longe
685 4683 820 4739 nobiliore
830 4701 862 4738 ac
873 4702 930 4739 ma·
971 4689 1055 4756 atqua
1069 4670 1198 4755 ingentes
1211 4685 1272 4755 ejus
1286 4683 1403 4739 sudores
1413 4683 1465 4756 ipsi
1478 4685 1665 4757 proponebat,
1673 4701 1767 4759 eorpo-

131 4774 174 4843 gis
191 4775 268 4846 regio
282 4775 376 4830 animo
395 4774 530 4847 preditus
544 4774 586 4828 vir
609 4773 638 4828 in
660 4773 752 4845 seipso
767 4774 928 4845 accepisset,
971 4774 1010 4829 ris
1020 4774 1088 4829 item
1103 4772 1325 4827 imbecillitatem
1339 4779 1367 4829 11
1377 4773 1539 4845 inexpertas
1550 4780 1639 4847 atque
1650 4776 1770 4831 insuetas

132 4866 245 4916 terrena
258 4863 353 4918 omnia
366 4880 480 4936 prorsus
494 4867 671 4935 aspernatur,
688 4879 786 4917 omnes
806 4862 930 4934 corporis
971 4879 1121 4929 erumnas,
1130 4867 1159 4917 et
1168 4862 1555 4935 temporislonginquitatem,
1565 4870 1770 4937 acprresentem

133 4948 288 5020 uoluptates
298 4952 450 5023 proculcat,
459 4970 525 5024 opes
533 4958 562 5007 11
569 4952 688 5023 gloriam
699 4957 783 5023 atque
791 4952 930 5006 humanos
971 4951 1033 5007 sitis
1044 4968 1269 5024 oppressionem,
1285 4951 1417 5025 quodque
1433 4953 1510 5007 nulla
1530 4970 1562 5008 ex
1576 4959 1661 5026 parte
1675 4970 1771 5011 canae·

132 5037 252 5092 honores
263 5056 312 5110 pro
324 5040 410 5096 nihilo
421 5041 507 5109 ducit,
517 5041 647 5097 diadema
657 5047 685 5095 et
695 5057 849 5113 purpuram
857 5041 929 5111 abji-
973 5039 1040 5094 latio
1050 5040 1127 5095 nulla
1147 5039 1200 5111 ipsi
1217 5040 1404 5112 exspectanda
1417 5048 1500 5108 esset,
1517 5048 1567 5098 aut
1581 5044 1658 5099 tanti
1672 5042 1773 5099 laboris

133 5126 180 5190 rit,
197 5141 365 5183 aranearum
374 5129 439 5183 telis
451 5129 551 5184 viliora
566 5146 599 5184 ca
609 5129 782 5193 existimans,
796 5137 880 5200 atque
895 5129 930 5184 ad
972 5134 1114 5200 tantaeque
1131 5128 1304 5200 fatigationis
1318 5131 1392 5186 finis.
1402 5132 1441 5186 Ac
1455 5131 1575 5204 denique
1586 5132 1733 5205 ingentem
1746 5132 1773 5189 in

132 5215 229 5270 emnia
238 5215 310 5270 dura
324 5221 352 5270 et
365 5217 465 5272 acerba
478 5219 639 5274 monastica
653 5218 715 5273 vitae
729 5218 824 5273 studia
837 5235 930 5290 prom·
972 5219 1061 5291 ipsius
1070 5218 1175 5285 animo,
1184 5219 1421 5291 quemadmodum
1430 5219 1666 5293 quodam'locode
1675 5238 1774 5295 magno

133 5310 180 5378 pto
199 5303 294 5359 animo
312 5321 373 5359 sese
396 5305 492 5374 tradit,
508 5307 576 5362 illud
596 5308 751 5363 psalmistae
774 5308 898 5362 clamans
921 5326 927 5364 :
971 5307 1093 5362 Antonio
1107 5307 1252 5379 proditum
1267 5313 1319 5378 est,
1332 5309 1532 5382 cogitationum
1544 5311 1692 5383 pulsarem
1703 5327 1776 5369 corn·

131 5393 257 5450 Adhaesit
276 5391 371 5448 anima
393 5409 458 5449 mea
481 5400 544 5465 post
567 5401 605 5460 te,
622 5412 638 5449 o
658 5397 777 5463 Christe,
795 5396 930 5468 suscipiat
970 5395 1108 5450 merebat.

132 5499 177 5540 me
190 5482 306 5539 dextera
316 5488 366 5538 tua
382 5483 465 5554 (Prot.
481 5487 558 5552 11111).
1005 5486 1779 5562 Utautemadlabefactandumipsiusanimiinstitutum

166 5573 293 5647 Cumque
306 5572 342 5628 ad
356 5572 432 5628 hunc
446 5573 571 5631 modum,
586 5573 673 5630 oculis
687 5591 704 5628 1
718 5579 797 5645 tergo
812 5576 928 5633 minime
970 5574 1780 5657 111111111111111111111111111111111ζῦ1111111111111111111111111111
