3818 6120
144 271 213 351 usi
689 284 736 340 nn
754 274 849 340 vnis
867 275 1016 338 namon
1034 277 1142 337 tinen
1158 280 1235 337 vni.
1716 280 1781 341 iias

143 419 197 476 tim
205 418 389 490 suscipientes
402 411 495 484 angeli
507 416 536 467 et
549 411 628 466 chori
636 414 805 482 martyrum,
816 410 846 464 in
855 408 970 472 cmlosA
981 407 1127 478 galitatem
1140 406 1306 473 admiratus,
1318 421 1384 462 eum
1398 411 1509 462 secutus
1522 411 1565 461 est
1579 406 1734 463 abeuntem
1747 407 1782 462 ad

143 510 329 574 sustulerunt,
341 505 408 577 ipsis
418 501 612 558 videntibuset
619 501 740 573 hymnos
750 498 939 555 audientibus.
981 497 1108 557 tiuvium.
1126 498 1196 553 Cum
1208 503 1304 551 autem
1318 513 1375 568 qua
1386 497 1638 553 transveherentur
1651 496 1782 570 cymbam

440 592 557 649 CAPUT
570 591 640 645 Llll.
981 604 1037 642 non
1051 587 1236 654 invenissent,
1248 603 1344 642 vocem
1352 586 1446 642 emisit
1466 587 1552 642 abbas
1567 587 1680 653 Hellen,
1697 588 1782 642 advo·

341 687 400 740 vata
413 684 519 738 abbatis
533 682 653 737 Hellenas
667 679 754 751 (104).
981 677 1234 732 canscrocodilum.
1244 677 1271 731 Is
1277 682 1371 731 autem
1383 676 1409 730 ei
1419 676 1516 731 statim
1527 675 1663 732 obediens
1671 676 1780 744 aderat,

178 777 298 843 Quidam
320 781 415 830 autem
438 772 510 827 alius
525 776 613 843 pater,
630 769 678 840 qui
693 765 939 823 vocabaturahhas
980 772 1092 838 tergum
1106 765 1288 822 substernens
1302 785 1307 820 :
1321 767 1429 836 rogavit
1438 771 1533 820 autem
1541 764 1744 838 presbyterum
1751 771 1783 821 ut

141 858 938 935 Hellenlllusfin.,lil›.u,ccp.tlt,cumabineunteaetate
979 856 1285 922 cuincoascenderet3
1313 855 1336 909 is
1352 871 1417 910 vero
1445 855 1547 910 timore
1576 856 1782 921 affectnsrnm

141 975 171 1012 se
185 956 295 1012 sortiter
304 952 483 1016 exercuisset,
498 965 690 1020 saepenumero
701 947 795 1019 ignem
809 944 939 1016 gestabat
978 946 1094 1001 vidisset
1107 945 1239 1012 bellunm,
1256 946 1425 999 retrocessit.
1439 945 1508 999 Cum
1519 950 1692 1000 autemeum
1706 950 1784 1000 teuc·

140 1045 168 1101 in
184 1045 258 1111 sinu,
273 1044 394 1099 incitans
408 1039 516 1112 eosqui
534 1055 620 1111 prope
635 1039 716 1092 erant
729 1036 829 1089 fratres
840 1034 876 1088 ad
891 1049 936 1087 os·
979 1038 1024 1088 ret
1036 1034 1195 1098 admiratio,
1209 1040 1238 1089 et
1261 1035 1371 1106 eosqui
1388 1040 1467 1089 trans
1482 1035 1599 1089 fluvium
1613 1033 1784 1090 habitabant

139 1134 282 1190 tendenda
296 1133 385 1203 signa,
402 1130 499 1184 dicens
512 1128 572 1183 eis:
595 1127 624 1181 Si
645 1143 692 1180 vos
713 1141 778 1178 vere
793 1122 936 1187 exercetis,
978 1123 1089 1189 h'atres,
1113 1123 1240 1178 videntes
1254 1140 1319 1178 eum
1340 1141 1405 1179 cum
1426 1123 1520 1179 bellua
1536 1125 1783 1179 transmittentem

138 1223 250 1278 virtutis
264 1221 386 1293 signade
400 1224 501 1274 caetero
513 1216 660 1273 ostendite.
670 1213 829 1284 Aliquando
842 1217 952 1267 autcm'
979 1215 1099 1278 alveum,
1116 1213 1162 1267 ille
1176 1213 1330 1268 ascendens
1343 1213 1372 1267 in
1384 1219 1566 1281 terram,una
1580 1230 1681 1268 secum
1692 1219 1781 1268 attra-

139 1329 204 1367 cum
219 1328 269 1384 per
282 1327 312 1364 se
326 1314 400 1364 esset
418 1308 448 1362 in
462 1305 622 1372 solitudine,
639 1303 754 1359 incessit
767 1319 832 1356 eum
846 1300 937 1355 mellis
978 1303 1019 1356 xit
1032 1301 1165 1368 belluam,
1190 1302 1294 1369 dicens,
1311 1303 1412 1357 melius
1436 1320 1497 1358 esse
1516 1303 1541 1358 ci
1556 1310 1589 1359 ut
1609 1310 1781 1367 moraretur,

137 1400 325 1466 desiderium3
357 1415 422 1453 curn
448 1412 513 1451 vero
529 1395 602 1449 illico
620 1393 696 1447 favos
717 1391 871 1446 invenisset
884 1388 937 1444 sub
978 1407 1064 1462 quam
1075 1392 1309 1463 interemptarum
1323 1391 1481 1447 animarum
1501 1392 1663 1465 acquireret
1677 1394 1780 1465 suppli·

137 1495 227 1561 petra,
245 1487 314 1543 dixit
330 1501 336 1537 :
351 1486 460 1541 Recede
473 1502 489 1539 a
504 1500 549 1537 me
567 1483 759 1552 intemperans
778 1479 935 1551 cupiditas3
977 1481 1062 1535 cium.
1079 1482 1119 1535 Ra
1132 1487 1227 1536 autem
1242 1482 1353 1548 cadens,
1369 1482 1551 1553 protinusest
1563 1488 1689 1538 mortua.

136 1578 272 1650 scriptum
286 1575 425 1632 estenim:
443 1573 550 1645 Spiritu
563 1571 753 1636 ambulate,ct
765 1568 936 1623 desiderium
1011 1570 1080 1624 Tres
1093 1575 1188 1626 autern
1198 1571 1257 1625 dies
1266 1588 1435 1642 permanens
1444 1570 1519 1642 apud
1526 1571 1640 1638 tratres,
1652 1572 1777 1635 sedebat,

135 1666 228 1722 carnis
242 1683 298 1721 non
311 1663 461 1737 perficietis
475 1664 546 1726 (Gal.
565 1663 600 1728 vl,
617 1659 713 1730 eisque
728 1657 832 1712 relictis
854 1656 933 1711 abiit.
976 1659 1078 1713 docens
1093 1676 1140 1714 eos
1150 1665 1297 1732 praecepta,
1312 1666 1340 1715 et
1356 1677 1418 1731 quae
1432 1666 1513 1716 erant
1526 1662 1639 1716 occulta
1647 1661 1779 1717 uniuscu-

135 1755 206 1812 Cum
221 1760 315 1811 autem
329 1755 390 1825 jam
400 1759 458 1808 tres
464 1749 653 1805 hebdomadas
661 1749 819 1818 jejunasset
831 1746 859 1800 in
872 1737 966 1800 soli-B
972 1749 1076 1820 jusque
1089 1750 1204 1804 consilia
1219 1756 1315 1822 aperte
1330 1750 1500 1806 enuntians:
1516 1751 1592 1805 hunc
1606 1751 1725 1823 quidem
1740 1752 1780 1806 di·

135 1845 243 1911 tudine,
261 1843 381 1899 inventis
396 1842 445 1913 qui
459 1839 570 1911 disjecti
583 1844 664 1893 erant
677 1836 822 1901 fructibus,
841 1835 912 1890 dixit
926 1853 932 1887 :
976 1854 1041 1892 cens
1055 1839 1148 1893 vexari
1163 1856 1179 1892 n
1192 1839 1386 1903 fornicatione,
1395 1840 1475 1894 illum
1490 1856 1581 1894 veroa
1594 1841 1777 1912 vanegloria,

31 1976 37 1985 .
134 1933 197 1988 Non
212 1934 367 1999 comedam,
390 1947 482 2002 neque
499 1929 644 2007 attingam
663 1925 769 1996 aliquid
791 1943 824 1979 ex
838 1924 883 1990 iis,
899 1940 935 1978 ne
975 1926 1061 1980 alium
1078 1926 1224 1994 adeliciis,
1240 1928 1327 1982 alium
1341 1928 1438 1996 abira,
1447 1935 1476 1984 et
1490 1930 1577 1984 ahum
1588 1929 1708 2002 quidem
1718 1947 1779 2002 pro

134 2023 249 2078 fratrem
264 2039 360 2077 meum
367 2020 563 2084 scandalizem,
575 2032 676 2088 nempe
691 2032 782 2069 meam
792 2013 932 2080 anima1n3
975 2015 1126 2070 nuntiabat
1138 2033 1198 2071 esse
1211 2017 1319 2084 mitem,
1334 2017 1423 2073 alium
1439 2035 1504 2075 vero
1530 2020 1681 2091 pacificum
1696 2038 1703 2074 :
1719 2021 1779 2074 illo

133 2112 270 2183 scriptum
284 2116 327 2166 cst
340 2110 428 2165 enirn:
442 2110 505 2164 Non
518 2108 546 2162 in
557 2107 692 2161 alimento
702 2105 793 2159 solum
808 2102 875 2157 vivit
885 2102 934 2156 ho·
974 2121 1037 2158 rum
1061 2105 1175 2176 quidem
1199 2106 1278 2172 vitia,
1294 2107 1396 2161 horum
1411 2123 1477 2162 vero
1503 2108 1624 2163 virtutes
1643 2126 1776 2180 arguens.

132 2216 180 2256 mo
192 2201 301 2270 (nata.
318 2215 362 2265 1v;
385 2201 521 2267 Lacarv).
538 2197 609 2251 Cum
632 2200 728 2249 eutem
742 2192 834 2247 adhuc
847 2192 933 2246 aliam
974 2194 1040 2248 Haee
1054 2199 1150 2248 autem
1165 2196 1321 2262 audientes,
1338 2196 1517 2253 mirabantur
1538 2197 1659 2253 dicendo
1679 2214 1778 2253 revera

130 2289 290 2361 jeiunasset
303 2287 517 2352 hebdomadam,
531 2290 630 2358 postea
649 2281 826 2344 dormitavit;
842 2286 871 2335 et
885 2296 932 2334 ve·
973 2282 1014 2337 ita
1028 2299 1099 2337 esse.
1113 2283 1160 2338 Eis
1176 2290 1270 2339 autem
1286 2285 1356 2340 dixit
1372 2304 1377 2338 :
1398 2286 1500 2341 Parate
1522 2285 1604 2340 nobis
1620 2287 1709 2353 olera,
1727 2287 1776 2342 ho·

132 2378 213 2435 niens
223 2380 340 2450 angelus
352 2378 381 2432 in
395 2377 511 2442 somnis,
527 2375 553 2430 ei
567 2374 654 2429 dixit:
667 2373 756 2442 Surge
778 2375 807 2424 et
820 2369 887 2424 tolle
899 2385 933 2423 ea
973 2371 1018 2426 die
1033 2372 1107 2426 enim
1122 2373 1157 2426 ad
1173 2390 1224 2428 nos
1236 2375 1348 2429 venient
1359 2376 1453 2446 plures
1464 2376 1574 2431 fratres.
1587 2376 1662 2430 Cum
1677 2375 1720 2430 iili
1731 2392 1777 2430 au-

132 2485 194 2540 quae
208 2468 398 2533 inveniuntur,
421 2471 449 2520 et
468 2463 592 2519 comede.
608 2464 635 2517 ls
647 2467 742 2516 autern
758 2458 888 2523 surrexit,
904 2463 933 2512 et
973 2465 1030 2514 tem
1046 2461 1137 2516 adhuc
1152 2464 1530 2536 pararent‚supcrvenientes
1540 2464 1646 2520 fratres
1660 2482 1691 2520 se
1705 2465 1776 2520 invi·

132 2554 505 2627 circumquaqueaspiciens,
514 2553 590 2606 videt
603 2551 710 2605 sontem
722 2549 752 2603 in
763 2545 858 2602 orbem
870 2547 932 2600 her·
972 2566 1032 2603 ceni
1043 2550 1211 2607 salutarunt.

132 2643 183 2700 bas
197 2645 331 2700 delicatas
343 2642 605 2714 germinasse.Cum
616 2642 932 2709 autemctpotumsum·
1008 2640 1128 2710 Rogavit
1141 2647 1236 2696 autem
1260 2660 1324 2699 eum
1341 2643 1455 2715 quidam
1468 2660 1500 2698 ex
1516 2643 1664 2712 fratribus,
1679 2645 1774 2700 volens

132 2733 280 2805 psisset,et
289 2732 546 2796 comedissetolera,
557 2727 717 2783 allirmabat
727 2727 796 2781 nihil
806 2742 931 2798 unquam
972 2743 1107 2784 unacum
1124 2747 1158 2785 eo
1171 2731 1273 2802 degere
1287 2732 1317 2787 in
1332 2733 1453 2788 deserto.
1464 2734 1502 2787 Eo
1513 2740 1611 2788 autem
1626 2739 1722 2801 ¹255
1736 2735 1775 2788 di·

131 2822 184 2877 sibi
198 2821 527 2893 fuissejucundius.Cum
540 2834 654 2891 parvam
665 2822 758 2871 autem
769 2816 932 2887 speluncam
973 2822 1053 2872 cente
1069 2835 1124 2873 non
1142 2837 1224 2891 posse
1243 2820 1323 2876 illum
1337 2822 1475 2877 sustinere
1485 2823 1658 2878 tentationes
1673 2824 1774 2879 diemo·

131 2910 161 2965 in
170 2911 230 2966 loco
242 2909 405 2974 invenisset,
421 2907 527 2962 mansit
540 2906 598 2961 illic
613 2921 717 2977 paucos
731 2904 791 2958 dies
802 2903 928 2973 jejunus.
973 2921 1052 2973 nuin,
1064 2907 1087 2961 is
1108 2909 1298 2964 contentiosus
1311 2927 1341 2965 se
1355 2910 1450 2965 omnia
1463 2912 1651 2966 toleratum
1666 2928 1774 2966 meve.

129 2999 183 3055 Ubi
197 3004 292 3055 autem
306 2998 406 3069 egebat
419 2997 563 3060 alimenta,
580 2993 680 3049 orabat
694 2993 773 3047 hexis
788 2990 906 3062 genibus
922 3009 928 3044 :
973 2996 1056 3050 ravit.
1072 2998 1143 3052 Cuvn
1158 3015 1222 3054 eum
1238 3005 1333 3054 auam
1358 3001 1521 3072 excepisset,
1535 3000 1624 3071 iussit
1645 3001 1772 3057 habitare

129 3087 262 3144 cientem
276 3087 405 3160 protinus
414 3084 627 3157 apponebantur
637 3083 782 3138 esculenta
791 3056 961 3148 omnia,ctC
972 3084 1002 3138 in
1016 3085 1073 3140 alia
1088 3088 1230 3157 spelunca.
1247 3089 1291 3143 Ad
1302 3106 1367 3143 eum
1379 3096 1474 3145 autem
1488 3095 1574 3144 noctu
1589 3090 1773 3145 adventantes

128 3177 209 3250 panis
223 3177 339 3243 calidus,
355 3181 384 3231 et
396 3176 484 3242 olive,
501 3179 529 3229 ct
540 3173 609 3228 varii
623 3172 741 3228 fructus.
972 3173 1125 3240 daemones,
1140 3193 1205 3232 eum
1218 3177 1354 3233 suliocare
1364 3178 1613 3249 aggrediebantur,
1628 3196 1695 3234 cum
1709 3196 1771 3235 eum

159 3266 319 3338 Aliquando
330 3272 426 3320 autem
438 3263 534 3319 invisit
546 3263 647 3317 fratres
662 3278 746 3317 suos:
764 3266 793 3316 et
806 3277 869 3315 cum
882 3277 929 3314 eos
972 3263 1094 3333 primurn
1108 3264 1238 3336 turpibus
1250 3266 1464 3338 perturbassent
1477 3268 1708 3338 cogitationibus.
1724 3269 1771 3324 lllc

130 3355 251 3411 multum
266 3355 431 3421 monuisset,
452 3351 640 3408 contendebat
652 3351 682 3405 in
696 3352 848 3417 desertum,
861 3349 929 3404 alie-
971 3355 1066 3406 autem
1095 3369 1245 3408 excurrens
1273 3355 1444 3412 renuntiavit
1470 3355 1566 3410 abbati
1579 3358 1693 3413 Helleni
1712 3375 1771 3430 que

43 3453 49 3460 '
129 3461 195 3500 rens
208 3444 335 3517 quedam
358 3443 393 3498 ad
409 3459 490 3499 usum
510 3440 676 3496 necessaria.
693 3441 765 3495 Cum
779 3444 873 3494 autem
889 3438 930 3492 vi·
971 3446 1133 3495 evenerant.
1146 3442 1208 3514 lpse
1220 3448 1316 3498 autem
1329 3461 1394 3499 cum
1408 3444 1469 3499 loco
1480 3446 1602 3516 liguram
1617 3445 1771 3518 impressis·

129 3533 363 3605 dissctquosdam
377 3547 497 3602 onagros
510 3535 665 3603 pascentes,
675 3529 716 3584 ait
730 3528 798 3600 ipsis
815 3547 820 3582 :
838 3529 870 3583 ln
882 3543 930 3582 no-
970 3532 1022 3594 set,
1036 3529 1122 3600 jussit
1135 3547 1201 3586 eum
1215 3532 1317 3586 deinde
1331 3549 1445 3588 manere
1461 3549 1570 3589 secure.
1588 3535 1661 3590 Cum
1678 3540 1769 3590 autem

130 3622 206 3678 mine
219 3623 286 3678 Jesu
301 3620 596 3688 Christi,veniatunus
611 3636 643 3673 ex
658 3618 744 3685 vobis,
756 3623 785 3672 et
795 3616 929 3688 suscipiat
969 3617 1120 3688 aliquando
1133 3637 1219 3691 panes
1234 3621 1260 3675 ei
1284 3621 1451 3678 defecissent
1461 3623 1490 3678 in
1505 3622 1651 3695 spelunca,
1668 3624 1770 3680 adven·

129 3712 350 3767 onusmeum.ls
360 3709 556 3765 autemstatim
572 3709 608 3763 ad
622 3707 715 3779 ipsum
723 3706 849 3761 accessit.
857 3706 928 3759 Cum
968 3712 1032 3761 tans
1042 3709 1159 3778 angelus
1172 3709 1201 3764 in
1208 3711 1297 3780 figura
1313 3711 1408 3766 fratris
1418 3712 1768 3770 eiattulitnutrimcntum.

129 3806 225 3855 autem
240 3799 442 3870 supellectilem
455 3798 480 3852 ei
496 3797 684 3869 imposuisset,
692 3796 753 3850 etei
769 3794 925 3860 insedisset,
1004 3797 1112 3851 Rursus
1125 3804 1220 3852 autem
1231 3801 1324 3870 ipsum
1333 3801 1484 3873 aliquando
1499 3809 1661 3873 querentes
1672 3804 1769 3859 tratres

130 3904 188 3942 uno
201 3888 247 3942 die
262 3886 390 3959 pervenit
409 3886 444 3940 ad
464 3887 636 3957 speluncam.
650 3886 683 3940 In
697 3886 754 3940 sole
766 3901 830 3938 vero
845 3882 880 3936 ab
895 3899 928 3937 co
968 3884 1065 3939 decern
1079 3903 1207 3954 numero,
1223 3888 1357 3944 errabant
1379 3906 1430 3961 per
1443 3889 1637 3958 solitudinem,
1649 3894 1768 3964 septimo

131 3975 229 4048 positis
243 3975 361 4048 panibus
376 3980 405 4030 et
422 3974 570 4041 fructibus,
586 3990 649 4029 cum
668 3973 704 4028 ad
729 3990 763 4028 ea
786 3972 928 4027 venissent
966 3973 1027 4043 jam
1039 3974 1085 4028 die
1095 3976 1188 4045 jejuni
1201 3984 1414 4048 permanentes,
1430 3994 1493 4034 cum
1506 3996 1573 4036 vcro
1588 3997 1637 4036 eos
1652 3982 1770 4037 insenis-

131 4067 205 4133 terae,
227 4070 260 4120 ut
276 4065 368 4120 solent
387 4064 422 4119 ad
437 4064 552 4131 sontem,
570 4068 599 4118 ct
611 4079 698 4135 panes
712 4063 804 4118 solum
818 4060 928 4131 tetigis-
969 4067 1021 4127 set,
1026 4063 1112 4132 jussit
1122 4064 1152 4119 in
1163 4065 1297 4136 spelunca
1311 4067 1513 4139 quiescere,illi
1528 4085 1593 4125 vero
1609 4071 1768 4126 cumvictus

129 4160 202 4223 scut,
217 4159 335 4210 mortua
349 4159 427 4210 sunt.
970 4150 1186 4208 admonuerunt.
1198 4155 1248 4210 Ille
1263 4155 1309 4227 qui
1322 4156 1392 4211 nihil
1401 4141 1523 4212 hahebat
1536 4159 1614 4230 quad
1628 4160 1671 4214 eis
1684 4177 1768 4233 appo·

166 4243 290 4299 Accessit
304 4248 399 4298 autem
409 4241 602 4314 aliquandoad
615 4242 752 4314 quosdam
765 4240 926 4304 monachos,
970 4246 1059 4307 neret,
1074 4242 1143 4296 dixit
1155 4243 1210 4298 eis:
1226 4244 1329 4299 Potens
1343 4251 1386 4299 est
1397 4244 1472 4301 Deus
1485 4262 1614 4302 mensam
1626 4265 1729 4320 parare
1742 4249 1769 4304 in

131 4349 196 4388 cum
211 4338 285 4388 esset
296 4332 357 4388 dics
372 4331 543 4398 Dominicus,
565 4336 594 4386 et
613 4331 684 4385 dixit
698 4330 738 4385 eis
754 4348 760 4384 :
778 4331 835 4384 Cur
846 4327 929 4383 hodie
971 4328 1092 4385 deserto.
1109 4332 1212 4386 Statim
1234 4338 1329 4388 autem
1344 4333 1458 4405 quidam
1472 4335 1637 4392 adolescens
1653 4337 1690 4392 de
1706 4355 1769 4410 pou·

131 4438 187 4477 non
197 4421 294 4493 egistis
304 4421 449 4493 synaxim?
461 4422 531 4475 Cum
543 4420 562 4475 ii
572 4425 667 4475 autem
675 4425 770 4491 aperte
780 4419 906 4473 dicerent
921 4423 1036 4511 :Dtone
1051 4419 1118 4490 ipsis
1130 4421 1275 4477 orantibus
1289 4423 1411 4494 pulsavit
1419 4424 1502 4479 toves
1514 4425 1588 4480 Cum
1600 4431 1699 4482 autem
1710 4445 1769 4498 apc-

134 4511 172 4566 Eo
187 4511 261 4582 quod
281 4527 337 4565 non
351 4509 460 4565 venerit
477 4508 632 4582 presbyter,
649 4509 719 4564 dixit
732 4508 772 4563 cis
790 4525 795 4561 :
812 4508 869 4578 Ego
883 4505 929 4561 ibo
971 4507 1083 4576 ruisset,
1097 4509 1227 4565 viderunt
1242 4512 1447 4567 adolescentem
1461 4512 1614 4570 habentem
1638 4532 1768 4587 magnam

133 4605 163 4655 et
182 4616 247 4655 eum
260 4599 373 4654 vocabo.
396 4598 419 4654 li
439 4603 535 4653 autem
550 4598 689 4664 dixerunt,
706 4614 761 4652 non
777 4613 857 4668 posse
876 4596 929 4650 ali·
970 4601 1094 4667 sportam
1105 4599 1186 4670 panis
1196 4605 1225 4654 et
1237 4600 1382 4656 olivarum.
1394 4601 1432 4656 Iis
1449 4608 1544 4657 autem
1559 4606 1711 4676 susceptis,
1729 4621 1771 4659 co

132 4685 929 4761 quemtransmittcrcalveumpropteraltitudinquuin·
973 4674 1189 4744 nrcderuntDeo
1203 4696 1318 4759 agentes
1331 4691 1448 4763 gratiam
1463 4708 1527 4747 eum
1543 4693 1711 4749 adolescens
1720 4699 1770 4748 sta·

132 4776 218 4832 etiam
241 4776 372 4831 dicebant
385 4792 419 4830 co
432 4774 461 4830 in
476 4775 611 4830 locoesse
630 4774 750 4829 belluam
766 4772 927 4840 maximam,
970 4775 1022 4830 tim
1042 4777 1211 4833 evanuisset.
1225 4779 1290 4834 uec
1300 4786 1330 4835 ct
1339 4781 1395 4836 aha
1407 4781 1499 4837 multa
1507 4782 1646 4838 miracula
1655 4799 1770 4838 mnino

132 4880 233 4937 nempe
247 4865 428 4932 crocodilum,
437 4864 485 4936 qui
498 4865 601 4919 multos
613 4864 740 4918 homines
751 4879 932 4934 consumpse·
970 4863 1013 4920 bis
1027 4871 1170 4922 narrasset
1183 4868 1268 4922 Pater
1281 4869 1395 4940 copres,
1416 4887 1522 4942 nosque
1536 4869 1662 4941 henigne
1678 4876 1708 4926 et
1718 4872 1768 4926 hu-

132 4958 186 5007 rat.
202 4955 229 5009 Is
238 4960 333 5009 autem
348 4971 405 5009 non
419 4959 576 5020 cunctatus,
591 4953 688 5007 statim
704 4969 823 5023 surgens
836 4951 928 5023 prole·
969 4955 1092 5010 maniter
1100 4960 1256 5025 tractasset,
1273 4956 1383 5014 induxit
1395 4958 1425 5014 in
1438 4975 1521 5015 suum
1536 4959 1664 5027 hortum,
1682 4965 1770 5016 osten

132 5047 194 5096 ctus
208 5047 252 5097 cst
265 5043 301 5098 ad
314 5044 415 5098 vadum
433 5061 439 5097 :
456 5058 540 5114 quem
554 5059 618 5098 cum
633 5040 726 5096 bellua
739 5041 835 5097 statim
849 5046 928 5112 tergo
969 5043 1038 5098 dens
1051 5043 1131 5099 nobis
1150 5045 1267 5117 palntes,
1283 5051 1312 5101 et
1326 5047 1395 5103 alias
1408 5047 1522 5103 arbores
1536 5047 1766 5121 frugiferaeque

131 5131 295 5203 excepisset,
309 5132 344 5186 ad
373 5137 482 5205 partem
506 5131 574 5203 ripa
597 5131 738 5186 ulterioris
766 5129 927 5185 transvexit.
969 5131 1031 5204 ipse
1045 5133 1185 5204 plantavit
1197 5135 1227 5190 in
1236 5135 1398 5204 solitudine,
1414 5137 1604 5193 admonitusa
1618 5138 1677 5193 tide
1688 5137 1766 5194 rusti·

130 5219 202 5275 Gum
218 5224 313 5275 autem
328 5219 358 5274 in
371 5237 439 5292 agro
455 5221 608 5276 invenisset
627 5219 830 5292 presbytemm,
846 5235 930 5290 roga·
970 5237 1076 5286 corum,
1093 5222 1195 5293 quibus
1210 5224 1301 5280 dixit:
1321 5226 1418 5281 Potest
1426 5225 1571 5281 desertum
1583 5226 1695 5282 sructiis
1708 5244 1766 5300 pro

129 5308 169 5364 vit
178 5326 215 5364 nc
228 5307 384 5381 despiceret
398 5308 611 5365 fraternitatem.
625 5309 676 5365 llle
698 5314 871 5365 autemeam
885 5307 927 5362 vi·
970 5309 1072 5365 ducere
1084 5310 1119 5365 iis
1143 5312 1191 5384 qui
1205 5313 1290 5369 tidem
1314 5314 1419 5370 habent
1445 5315 1475 5370 in
1495 5315 1597 5371 Deum.
1614 5315 1765 5389 Postquam

130 5396 308 5455 densmultis
321 5396 446 5453 consutis
460 5398 560 5469 pannis
573 5396 706 5465 obsitum,
721 5397 926 5470 rogavitunde·
966 5399 1042 5455 enirn
1056 5399 1122 5467 vidi,
1136 5400 1239 5469 aiebat,
1254 5401 1361 5475 eosqui
1374 5419 1489 5458 arenam
1504 5402 1724 5472 seminaverant,
1739 5410 1765 5458 et
1838 5403 1841 5412 '

130 5502 195 5544 nani
203 5485 486 5562 paunumhabuisset,
494 5486 605 5542 dicens:
616 5486 819 5544 Habeavestem
825 5487 926 5543 animae
967 5503 1065 5544 eorum
1078 5505 1178 5561 agrum
1191 5490 1313 5548 nuatum
1326 5491 1432 5560 tulisse,
1441 5491 1503 5565 ipse
1515 5509 1632 5566 quoquc
1640 5492 1764 5566 idcinag

129 5574 496 5649 pulcherrimam,olratcr;
512 5576 628 5650 eiusque
638 5576 925 5635 humilitatematsru·
964 5578 1250 5654 gressus,idemsum
1263 5586 1439 5639 consecutas.
1545 5645 1549 5651 ,
