3832 6120
163 263 214 319 iti
675 254 723 311 DE
741 252 837 311 viris
856 253 1004 310 PATRUM
1022 253 1129 310 LIBER
1147 251 1292 308 PRIMUS.
1757 254 1810 313 lit

162 370 264 453 lector,
280 387 396 457 eiusque
410 381 554 456 phrasium
577 380 717 447 collector,
737 381 779 437 ait
800 380 869 435 alias
887 379 941 450 legi
956 382 1117 442 :Amasum
1133 398 1139 433 :
1158 399 1169 430 ι
1187 379 1222 432 Et
1235 377 1301 449 quia
1315 391 1366 460 pro
1375 375 1446 431 meis
1453 374 1627 460 facinoribus
1640 377 1674 433 ad
1687 392 1750 434 eam
1765 397 1810 435 so-

168 479 181 514 a
194 460 308 523 Aderat,
325 455 448 511 instabat
471 452 636 508 crudelitate
651 453 731 524 quasi
747 452 851 534 pietate
866 451 964 506 uteba·
1007 451 1155 505 titudinem
1166 450 1359 520 commigravi,
1373 447 1551 518 quaeSyriam
1560 455 1659 518 yuncto
1669 449 1810 506 Barbaria

165 537 223 586 tur.
238 550 250 580 ν
262 530 305 583 lta
320 539 348 581 et
357 528 423 581 Mss.
435 526 539 596 plures.
550 524 612 588 Qua
622 524 754 649 loquendi
769 522 965 577 formulausus
1007 523 1063 577 line
1077 521 1264 576 disterminat.
1276 539 1289 573 ,ν
1302 520 1390 591 Epist.
1404 518 1451 585 58,
1468 519 1504 573 ad
1511 519 1641 574 eumdem
1657 540 1663 575 :
1678 538 1690 572 a
1704 521 1811 577 (lhristi

165 603 250 657 cstL.
264 601 372 655 florus.
392 596 431 650 lib
456 611 499 659 111,
515 612 539 649 c.
556 595 588 649 5:
604 596 652 648 ih
672 600 742 659 erat,
758 594 895 649 instabat:
912 610 966 648 sie·
1006 600 1112 648 vcslem
1127 592 1155 648 in
1175 593 1302 646 Romana
1317 590 1386 645 urbe
1406 606 1570 662 suscipiens,
1594 607 1669 646 nune
1688 591 1809 648 barbaro

165 673 234 727 vitia
267 669 438 725 uasivirtute
447 667 615 721 utebatur.»
641 667 825 721 -Vidcnot
842 670 851 720 l
866 664 966 722 colia
1007 664 1198 736 Syriaelimite
1213 670 1319 717 teneor.
1336 682 1349 715 i
1366 662 1399 715 ln
1416 661 1474 715 vita
1486 661 1597 729 Malchi,
1614 679 1674 734 cap.
1691 665 1721 718 l:
1736 665 1810 720 «So-

165 688 273 799 Patroi.
285 748 353 794 tom.
371 739 417 793 cit.
434 738 510 792 Enir.
1006 735 1105 799 litudo,
1122 750 1172 806 per
1189 750 1274 805 quam
1290 732 1422 788 Saraceni
1438 732 1553 786 incertis
1567 732 1681 789 sedibus
1696 735 1751 789 huc
1766 743 1809 790 at·

202 811 392 879 ⁴MQuadad
403 826 516 866 sensum
524 808 689 880 Hieronymi
697 807 965 874 attinetvultsshri-
1006 823 1060 877 que
1079 806 1146 860 illuc
1164 822 1276 877 semper
1291 810 1439 876 vagantur.
1459 823 1471 855 i
1494 803 1605 858 Videsis
1627 805 1658 859 in
1683 805 1809 862 Onoma-

165 885 271 939 stianos
284 882 367 936 titulo
378 880 532 952 impietatis
542 881 706 950 exagitatos;
717 885 746 934 ct
758 884 893 951 praetextu
902 879 965 933 reli·
1005 877 1086 943 stico,
1102 879 1232 933 liremas.

163 955 257 1026 gioria
271 953 299 1007 in
314 970 362 1008 cos
384 952 520 1017 saevitum,
543 956 576 1006 ut
589 951 694 1005 scilicet
715 951 750 1005 ad
763 950 962 1021 gentilitatem,
1040 948 1109 1015 Syri
1119 950 1217 1002 cubam
1230 951 1240 972 ⁶
1251 945 1372 1029 vacant]
1390 947 1509 1002 Gravius
1522 946 1592 1018 legit
1604 949 1716 1015 quiam.
1737 949 1811 1004 Nam

163 1026 284 1081 velutad
300 1025 443 1095 pictatem,
456 1027 662 1077 revocarentur.
679 1023 722 1077 lta
736 1022 783 1075 lib.
798 1039 806 1075 1
821 1022 891 1074 Vitia
901 1036 964 1074 san·
1005 1020 1119 1091 Syriaca
1132 1021 1214 1088 qula,
1231 1017 1333 1088 inquit,
1349 1024 1502 1073 cisternam
1516 1019 1658 1088 signifieat
1672 1020 1811 1092 Hierony·

104 1102 108 1110 '
163 1097 201 1152 eti
216 1094 387 1153 Sebastiani:
403 1114 416 1147 (ν
427 1095 484 1148 lsta
496 1099 548 1160 est,
560 1110 622 1163 quae
632 1110 689 1157 vos,
701 1110 718 1146 c·
727 1092 890 1147 castissimae
899 1109 965 1146 con·
1004 1107 1078 1152 inus,
1090 1091 1188 1160 incap.
1203 1089 1385 1144 sileremiae:
1400 1110 1412 1141 ι
1427 1090 1486 1144 Hoc
1495 1096 1589 1144 autem
1598 1090 1811 1146 Latinuslector

160 1168 244 1239 juges
261 1167 417 1226 beatorum,
433 1183 484 1236 per
505 1164 618 1235 pietatis
632 1164 772 1231 colorem,
789 1162 963 1234 impietatem
1005 1162 1154 1232 intelligat,
1171 1168 1202 1215 ut
1217 1160 1305 1215 semel
1318 1160 1423 1214 dixisse
1433 1160 1568 1215 sufficiat:
1580 1162 1811 1225 lacum,nonsta·

83 1259 86 1263 ·
162 1246 321 1311 martyrum
336 1236 477 1291 mentibus
486 1235 553 1289 fecit
563 1235 684 1290 tradere.
699 1253 712 1288 a
729 1234 883 1304 Gregorius
893 1235 963 1305 Nys·
1003 1249 1092 1304 gnum
1103 1248 1213 1297 sonare,
1228 1233 1309 1302 Juxta
1319 1231 1431 1285 Graecos
1447 1233 1563 1297 ιλάκκος),
1579 1232 1628 1286 sed
1644 1232 1806 1301 cisternam,

162 1327 255 1375 senus,
274 1309 303 1363 in
318 1308 382 1362 Vita
397 1307 525 1377 Gregorii
539 1307 750 1374 Thaumaturgi,
765 1307 799 1361 ll
808 1304 941 1359 Novemb.
956 1321 962 1356 :
1005 1321 1066 1375 quae
1076 1319 1205 1357 sermone
1216 1303 1286 1374 Syro
1297 1318 1326 1355 ec
1336 1301 1484 1368 Hebraico,
1495 1300 1566 1373 gebe
1577 1305 1667 1374 (822)
1681 1305 1807 1376 appella-

163 1380 258 1436 Ἄλλοι
272 1380 298 1433 δὲ
313 1377 374 1450 πρὸς
388 1377 431 1440 τὰς
448 1381 543 1445 κτήσεις
563 1384 612 1430 τῶν
627 1383 720 1430 πατῶν
737 1377 851 1448 ὁρῶντες,
872 1379 906 1437 ὡς
933 1373 962 1427 ἂν
1003 1380 1060 1430 tur.
1078 1393 1091 1427 i
1109 1374 1164 1430 Sed
1174 1374 1253 1428 facile
1263 1373 1338 1427 inter
1347 1389 1377 1427 se
1382 1390 1399 1443 ρ
1411 1378 1639 1430 etccommeant.
1651 1375 1719 1430 Vide
1729 1376 1806 1432 Ona-

162 1447 285 1523 ἐγκρατεῖς
304 1452 412 1520 γένοιντο
431 1455 481 1501 τῶν
502 1447 665 1519 πραγμάτων,
689 1444 727 1499 ἐπὶ
745 1454 781 1518 τῷ
801 1450 962 1518 προσρήματι
1003 1446 1149 1502 masticari.
1752 1516 1755 1520 Δ

161 1520 362 1646 {iiiltiiin
378 1468 962 1643 littaeiassisinatensis
1002 1513 1806 1644 nilltiiliellitlilillllillitifil'lltt

161 1662 245 1718 rebus
253 1678 349 1716 eorum
365 1606 530 1730 pgtireatur,
543 1658 867 1730 subpraetextupietutis,
878 1627 960 1712 vexa·
1004 1677 1017 1710 a
1033 1659 1192 1713 Herbarum
1208 1675 1274 1740 ergo
1290 1673 1380 1719 succo,
1398 1657 1531 1739 etpaucis
1545 1657 1654 1721 caricis,
1670 1629 1806 1731 pist'triss

160 1731 230 1788 bant
240 1738 269 1788 et
281 1731 461 1856 exagitabant
471 1747 519 1785 eos
532 1730 581 1801 qui
592 1730 675 1785 fidem
686 1728 937 1801 amplectebantur.
946 1749 959 1783 i
968 1701 992 1762 B
1001 1731 1089 1785 duum
1104 1731 1145 1785 vel
1159 1729 1341 1802 quatriduum
1360 1727 1539 1784 deficientem
1553 1729 1679 1784 animam
1688 1736 1800 1787 susten·

159 1805 223 1859 Non
239 1805 321 1858 aliter
357 1801 438 1857 aulus
453 1801 591 1855 asororio
606 1800 762 1870 exagitatus
775 1805 827 1854 est.
843 1800 923 1864 Quod
933 1805 962 1854 et
1002 1801 1090 1855 tabat.
1107 1819 1120 1854 a
1136 1800 1346 1856 consulendum
1361 1798 1573 1854 Onomasticon.

160 1881 274 1930 suiectus
289 1873 432 1935 adelmus,
449 1872 497 1925 lib.
515 1872 573 1925 ide
587 1872 681 1926 Laud.¹
691 1871 819 1941 Virgin,
837 1888 898 1941 cap.
915 1871 959 1937 31,
1038 1875 1261 1940 inarrassemus
1281 1873 1376 1925 baculo
1389 1877 1497 1938 repento
1508 1873 1690 1943 sustentans]
1706 1873 1806 1928 Hiero·

159 1945 314 2017 expressit:
330 1963 341 1994 ι
358 1943 462 1997 Paulas
476 1942 572 1996 itidem
585 1941 715 2013 inclytus,
731 1942 962 1996 etPatrumcele-
1003 1959 1114 2014 aymus,
1131 1943 1160 1997 in
1175 1956 1257 2013 capi
1272 1943 1376 1995 Amos:
1393 1941 1460 1995 «Ne
1475 1941 1705 2013 ultimaequidem
1713 1945 1806 2000 aetatis

160 2015 310 2079 berrimus,
328 2014 375 2085 qui
391 2030 408 2067 a
422 2013 520 2085 pellaci
532 2030 647 2083 genero,
664 2029 741 2068 caecae
753 2013 892 2083 cupidinis
901 2013 961 2083 phi·
1002 2013 1139 2077 homines,
1149 2013 1197 2085 qui
1204 2018 1356 2068 trementes
1371 2017 1450 2066 artus
1464 2011 1563 2067 baculo
1571 2021 1686 2084 regente
1696 2022 1808 2070 susten·

159 2086 282 2158 lurgyria
302 2086 369 2140 dece
391 2091 428 2144 to,
449 2090 549 2138 contra
565 2086 631 2155 jura
655 2090 763 2138 naturae
783 2084 910 2154 proditus
932 2088 961 2137 et
1001 2089 1072 2139 tent.
1086 2106 1099 2136 ν
1111 2085 1189 2139 Idem
1203 2085 1232 2138 in
1246 2100 1307 2155 cap.
1323 2097 1373 2136 rin
1387 2083 1545 2138 Zacharia:
1558 2105 1571 2135 α
1584 2085 1622 2139 Ut
1635 2086 1804 2142 nullohoste

180 2158 328 2212 ublicatus.
343 2176 356 2208 ν
371 2103 605 2211 italocusilleex
620 2160 780 2226 pervetusto
795 2153 958 2210 Codicems.
1000 2162 1174 2217 remanente,
1191 2172 1279 2226 usque
1299 2154 1334 2208 ad
1347 2153 1476 2209 ultimam
1497 2159 1620 2222 aetatem,
1639 2173 1669 2211 in
1684 2162 1749 2213 utro
1770 2175 1806 2213 ue

159 2173 279 2310 gellagii
292 2226 381 2282 nostri
404 2226 620 2296 antuerpiensis
644 2226 790 2297 legendus.
810 2227 880 2280 heta
904 2242 957 2280 ms.
1000 2243 1068 2281 sexu
1082 2227 1177 2281 senilis
1191 2232 1259 2281 aetas
1275 2225 1428 2297 perveniat,
1445 2231 1474 2280 et
1488 2231 1644 2282 trementes
1663 2175 1806 2284 artusia-

158 2305 249 2354 sancti
274 2297 407 2368 Gargonii
432 2297 471 2351 M.
489 2305 616 2368 tempore
637 2296 802 2352 Diocletiani
819 2320 825 2351 ·.
845 2316 856 2346 ι
875 2297 959 2351 Pater
999 2298 1063 2352 culo
1077 2305 1192 2369 regente
1208 2301 1375 2352 sustentent.
1395 2316 1407 2345 ν

159 2370 273 2441 quidem
288 2369 387 2435 tilium,
402 2367 625 2431 fraterfratrem,
636 2369 660 2422 si
670 2368 745 2422 illius
758 2373 840 2422 secta
854 2368 959 2422 inveni·
1034 2369 1277 2439 Hippocentauru]
1292 2369 1303 2422 I
1325 2384 1355 2421 se
1367 2366 1556 2438 Hieronymus
1570 2369 1699 2441 explicat,
1711 2373 1801 2427 homi·

157 2448 247 2507 retur,
260 2440 335 2494 velut
348 2438 492 2493 inimicum
507 2439 656 2492 manifesta
668 2439 849 2510 inquisitione
861 2439 959 2508 prode·
1000 2456 1063 2495 aera
1078 2457 1144 2510 equa
1160 2444 1291 2494 mistura,
1306 2385 1378 2492 ilde
1394 2437 1541 2494 Onomast.

157 2511 221 2580 bat;
237 2516 265 2565 et
279 2511 342 2565 ideo
356 2509 485 2580 quisque,
500 2516 584 2632 prout
596 2516 717 2580 poterat,
732 2527 762 2565 sc
776 2510 807 2564 in
818 2509 958 2580 speluncis
1035 2510 1176 2566 Salutaris
1190 2512 1368 2579 impressione
1380 2511 1456 2576 siam
1474 2516 1570 2565 armat
1588 2513 1733 2584 frontem]
1748 2513 1800 2569 Vel

158 2588 208 2638 aut
226 2581 352 2636 latibulis
365 2580 503 2635 absconde
524 2588 561 2633 et.
579 2601 591 2630 ι
999 2582 1114 2636 Antonii
1125 2583 1261 2652 exemplo,
1271 2582 1391 2635 frontem
1401 2579 1493 2634 crucis
1501 2580 1582 2652 signo
1592 2599 1713 2652 armare,
1723 2584 1800 2640 disce

194 2654 285 2718 Quam
299 2652 412 2706 crudele
424 2657 519 2705 autem
534 2651 750 2706 fueritediclum
760 2651 848 2717 Decii,
884 2651 959 2706 rodit
999 2652 1139 2708 haeretice.
1156 2653 1226 2707 Vide
1241 2653 1316 2707 Grac
1331 2651 1360 2704 in
1374 2651 1520 2706 Onomast.

157 2724 319 2792 Dionysius,
331 2722 700 2794 episcopusAlcxandrinus,
711 2722 786 2794 apud
796 2669 956 2808 Eusebium,
1035 2727 1112 2779 Inter
1126 2725 1269 2778 horrentia
1284 2738 1337 2803 ara
1357 2722 1442 2792 selis]
1458 2723 1590 2778 Erasmus
1607 2725 1648 2781 ait
1668 2726 1744 2782 hanc
1757 2727 1800 2782 lo·

157 2794 205 2850 lib.
223 2812 259 2861 ri,
275 2810 336 2865 cap.
351 2794 383 2848 34
399 2813 404 2848 :
422 2794 473 2848 Καὶ
488 2793 518 2860 δὴ
531 2795 571 2846 καὶ
586 2801 666 2864 παρῆν
680 2791 710 2846 τὸ
725 2791 881 2864 πρόσταγμα,
899 2791 957 2845 αὐτο
999 2810 1063 2848 cum
1087 2795 1228 2850 diversum
1243 2793 1340 2847 haberi
1353 2793 1383 2847 in
1406 2794 1621 2865 exemplaribus,
1640 2813 1691 2851 nac
1711 2798 1800 2853 ullam

157 2863 249 2938 σχεδὸν
264 2863 349 2928 ἐκεῖνο,
367 2857 417 2917 οἷον
438 2861 466 2916 τὸ
486 2862 622 2936 προρρηθὲν
640 2861 687 2916 ὑπὸ
707 2869 751 2916 τοῦ
771 2862 865 2934 Κυρίου
885 2865 957 2935 ἡμῶν
998 2865 1146 2921 lectionem
1166 2865 1219 2920 sibi
1232 2866 1322 2919 facere
1337 2863 1414 2918 satis.
1429 2863 1517 2934 Video
1530 2865 1638 2937 aliquos
1651 2867 1737 2923 libros
1751 2870 1801 2924 ha·

156 2935 225 3061 itt
242 2931 957 3068 li0‘tl2litissit‘t0hh·lilltlnnllz
997 2934 1801 3079 liii‘illilleli{tiel‘llilitlilthhllt

153 3079 214 3150 jam
230 3077 415 3148 divulgatum,
431 3076 556 3147 illudque
579 3077 635 3130 tale
657 3074 781 3148 profecto
799 3075 954 3142 videbatur,
966 3095 1048 3154 psua
1064 3079 1209 3134 horrentia
1223 3024 1436 3134 setisblandum
1451 3079 1584 3147 quaesisse
1599 3080 1752 3205 eloquium,
1770 3083 1799 3138 id

157 3150 239 3231 quale
253 3148 387 3203 Dominus
406 3147 573 3219 praedixerat
581 3148 718 3208 futurum,
729 3147 759 3200 in
774 3162 829 3217 quo
841 3145 954 3203 terribi-
977 3131 1047 3214 'est
1065 3157 1196 3204 conatum
1212 3149 1314 3203 blande
1326 3147 1505 3220 respondere,
1520 3149 1572 3204 etsi
1588 3167 1639 3205 ora
1669 3159 1800 3209 orrersnt

155 3219 264 3275 lissima
279 3219 398 3290 illaejus
413 3219 614 3290 propemodum
626 3217 790 3291 explebatur
804 3218 953 3284 sententia,
996 3221 1081 3287 setis;
1097 3221 1217 3292 ideoque
1235 3220 1384 3275 barbarum
1410 3220 1478 3290 quid
1492 3220 1586 3290 potius
1601 3238 1702 3277 sonare
1717 3232 1796 3292 natn,

157 3291 291 3346 nimirum
308 3290 416 3345 Eiectos
431 3290 467 3356 (si
481 3289 613 3361 possibile
627 3294 711 3358 esset)
732 3289 761 3342 in
775 3305 900 3345 errorem
915 3289 956 3344 in·
996 3307 1047 3346 seu
1060 3292 1190 3362 frangere
1212 3292 1306 3356 verba,
1328 3295 1357 3345 et
1373 3289 1484 3360 fragore
1508 3292 1630 3363 quodam
1650 3311 1792 3376 promere.

155 3361 254 3417 ductos
267 3362 335 3416 fore.
354 3381 365 3413 ν
383 3361 479 3415 Prodit
492 3377 604 3432 quoquc
617 3360 760 3433 Nyssenus
775 3360 835 3414 loco
845 3361 906 3431 jam
919 3360 956 3414 ci·
995 3361 1068 3417 Nam
1079 3363 1103 3417 si
1114 3363 1149 3418 de
1162 3378 1229 3417 sene
1239 3361 1360 3417 Antonio
1375 3360 1592 3432 intelligeretur,
1601 3363 1795 3422 dixissetallo·

154 3438 224 3488 tato.
241 3432 334 3488 Habes
348 3432 470 3487 edictum
484 3431 571 3496 Decii,
588 3433 662 3504 quod
677 3437 706 3486 ct
717 3431 912 3486 crudelitatem
927 3436 956 3486 et
995 3437 1110 3502 quinam
1127 3450 1183 3488 non
1197 3450 1262 3488 vero
1274 3435 1423 3501 eloquium.

153 3504 289 3576 pietatem
300 3519 362 3558 cam
377 3504 475 3627 spirat,
491 3503 521 3557 in
531 3503 596 3558 viia
610 3503 699 3557 sancti
710 3501 955 3574 Hercuriimarty·
1037 3506 1133 3559 Veram
1143 3503 1468 3573 tecmtrumciaeomsl
1479 3503 1687 3585 Cujusfrustra,
1700 3506 1796 3578 inquit

154 3575 194 3630 ris
209 3575 283 3646 apud
296 3575 390 3644 Hetap
412 3578 527 3639 restem,
540 3572 575 3629 Ἃ
590 3573 765 3628 Novembris.
995 3574 1142 3641 Baronius,
1159 3591 1233 3630 anno
1253 3571 1435 3638 caesareae,
1455 3573 1576 3644 exigitur
1594 3576 1673 3643 fides,
1691 3579 1740 3649 qui
1755 3580 1791 3634 de

189 3647 379 3701 Necessitatem
405 3647 436 3699 in
458 3647 628 3698 uoluntatem
653 3643 756 3714 vertit]
789 3643 949 3711 Cassianus,
993 3644 1037 3700 his
1059 3646 1201 3712 dubitans,
1218 3646 1353 3718 quidnam
1372 3645 1465 3711 fuerit,
1487 3661 1556 3700 num
1582 3655 1734 3718 spectrum,
1756 3667 1794 3705 an

153 3716 246 3771 collat.
261 3729 337 3782 xviii,
357 3730 417 3786 cap.
434 3711 470 3769 6:
490 3735 502 3766 i
521 3715 609 3785 Cujus
627 3714 806 3787 professionis
822 3716 952 3787 lanacho·
993 3724 1161 3781 monstram,
1179 3717 1311 3772 liberasse
1325 3715 1506 3770 voluitlidcm
1521 3732 1613 3773 suam.

153 3803 247 3842 reseas
274 3786 414 3857 principes
434 3786 494 3848 hos,
531 3801 580 3839 uos
603 3786 686 3856 paulo
701 3791 767 3839 ante
784 3786 951 3841 memorari-
1028 3789 1237 3852 Caeterumnac
1254 3787 1370 3856 insulsa,
1385 3802 1437 3842 nec
1450 3786 1543 3841 inanis
1553 3787 1703 3860 fuitipsius
1712 3790 1793 3846 dubi-

152 3874 225 3919 mus,
242 3862 370 3911 sanctum
381 3855 509 3910 videlicet
546 3855 641 3910 aulum
658 3863 686 3911 et
694 3857 858 3923 Antonium,
875 3857 952 3913 aovi·
991 3860 1470 3932 tatio,anAEgyptus.monstroium
1482 3857 1794 3934 ferax,ejusmodiquo·

151 3945 216 3984 mus
231 3927 379 3982 exstitisse.
392 3926 446 4007 Qui
455 3943 521 3993 non,
533 3933 565 3981 ut
576 3928 700 3999 quidam,
708 3928 951 4053 pusillanimitatis
992 3947 1046 4002 que
1067 3948 1101 3986 ex
1115 3931 1224 3987 duabus
1237 3930 1382 4002 speciebus
1407 3929 1526 3984 mixtum
1542 3930 1647 3985 animal
1659 3934 1793 4001 genuisse

152 4015 247 4066 causa,
263 3999 306 4054 vel
320 3998 503 4068 impatientia
516 3998 623 4063 inorbo,
640 3999 689 4053 sed
728 3999 847 4054 esiderio
862 3999 950 4055 subli-
990 4001 1357 4072 potneritQuamvisenim,
1376 3999 1452 4073 quod
1468 4000 1792 4073 delxioneatquecen·

151 4070 249 4125 mioris
259 4068 408 4142 profectus,
424 4069 722 4141 contemplationisque
732 4070 841 4135 divinae,
855 4070 951 4127 solitu-
990 4074 1079 4128 tauris
1094 4081 1183 4146 poeta
1192 4073 1353 4128 cecinerunt
1366 4073 1532 4142 figmentum
1542 4088 1603 4126 esse
1617 4081 1729 4129 nonest
1741 4077 1792 4146 qui

150 4141 224 4196 dinis
238 4146 346 4196 secreta
361 4141 458 4195 sectati
474 4147 556 4207 sunt,
572 4140 637 4196 licet
650 4157 748 4195 eorum
758 4141 844 4213 prior,
856 4157 950 4197 ncces·
990 4143 1109 4211 dubitet,
1118 4153 1146 4200 et
1155 4142 1640 4203 secundumCelsum,deexhibendo
1648 4144 1791 4201 Centauro

149 4212 242 4269 sitatis
251 4213 378 4277 obtentu,
389 4212 811 4284 damtemporepersecutionis,
821 4212 949 4268 affinium
991 4217 1178 4289 vanasponsio
1185 4216 1403 4280 habeatur,cum
1410 4213 1515 4284 inquit:
1529 4214 1578 4269 «Si
1588 4213 1629 4268 ita
1635 4214 1789 4286 stipulatus

149 4301 265 4341 suorum
272 4282 379 4339 devitat
388 4283 514 4350 insidias,
525 4300 650 4339 eremum
658 4290 820 4355 penetrasse
827 4283 945 4339 dicatur.
989 4284 1077 4355 fuero,
1091 4295 1119 4342 te
1129 4288 1210 4350 siste;
1227 4293 1265 4352 et,
1275 4285 1305 4341 ni
1315 4285 1436 4350 steteris,
1449 4285 1483 4338 Hi
1505 4292 1707 4356 pocentaurum
1719 4286 1784 4342 dari

183 4356 313 4424 Scalprie,
330 4358 414 4409 ctiam
428 4357 540 4410 incudes
556 4361 581 4409 et
593 4358 688 4409 mallei
704 4355 737 4426 ‘.]
756 4356 800 4410 lta
820 4356 947 4411 vetustis·
990 4359 1081 4426 (Aac,
1094 4360 1219 4416 dedicit.
1232 4359 1289 4423 Dei,
1302 4360 1446 4421 l.xy111,c.
1460 4301 1510 4422 if;
1527 4354 1604 4422 tea
1625 4359 1654 4424 ff.
1668 4358 1784 4414 devere.

147 4426 236 4483 simus
255 4428 307 4482 Ms.
332 4425 421 4480 sancti
447 4425 581 4479 Floriani.
603 4426 711 4497 Nempe
733 4425 865 4496 exprimit
891 4413 1097 4496 triclinium
1122 4452 1133 4480 ν
1155 4446 1207 4484 nee
1221 4429 1258 4482 sit
1280 4427 1329 4499 qui
1349 4427 1441 4497 exigat
1465 4431 1603 4480 enatura
1617 4427 1783 4496 Centauros,

146 4498 287 4568 precipua
300 4495 433 4551 cudendae
449 4502 567 4550 monetae
581 4496 770 4551 instrumenta
788 4496 891 4552 ibidem
904 4499 946 4553 in·
985 4503 1121 4570 tanquam
1130 4501 1250 4573 speciem
1259 4497 1503 4556 animalis;tamen
1512 4496 1650 4567 ejusmodi
1656 4499 1788 4555 camdeni

145 4574 238 4623 venta.
255 4570 296 4623 De
306 4567 421 4638 scalpris
432 4567 493 4620 vide
508 4566 717 4621 Onomasticon.
985 4569 1127 4625 interdurn
1136 4570 1277 4642 peperisse
1288 4566 1600 4650 monstraquisneget?
1609 4569 1722 4623 namsic
1730 4571 1787 4625 Pli-

181 4640 300 4693 Fartiia
314 4641 325 4662 ·
340 4641 453 4691 rrioarta
473 4638 695 4763 officiimm.p:hd
710 4638 841 4694 eumdem
862 4656 945 4695 usum
986 4640 1063 4697 nius:
1080 4663 1091 4693 i
1106 4641 1239 4697 Claudius
1254 4642 1347 4696 Caesar
1360 4639 1457 4694 scribit
1477 4639 1738 4721 Hippocentaurum
1752 4642 1784 4697 in

143 4716 275 4836 paratum
284 4707 370 4763 luisse
380 4707 512 4779 putarim,
523 4709 616 4835 inquit
649 4710 851 4781 rasmus,qaod
861 4710 945 4767 hodie
985 4712 1132 4768 Thessalia
1141 4719 1248 4778 natum,
1262 4712 1360 4767 codem
1369 4711 1415 4766 die
1425 4709 1576 4777 interiisse,
1586 4716 1673 4765 etnos
1681 4713 1787 4793 princi-

168 4780 241 4836 umis
257 4778 415 4834 ostenditur
428 4786 541 4834 antrum
579 4779 680 4852 ibyllae.
1004 4790 1053 4840 atu
1073 4786 1135 4856 ejus
1152 4785 1269 4840 allatuin
1282 4783 1323 4838 illi
1341 4799 1374 4837 ex
1387 4781 1506 4853 AEgypto
1522 4780 1552 4834 in
1566 4780 1649 4836 melle
1662 4782 1785 4839 vidimus

179 4851 419 4921 leiimadamato,
436 4856 517 4920 quasi
530 4853 541 4874 '
555 4867 573 4904 a
583 4853 635 4906 lieo
649 4854 703 4906 sibi
716 4855 878 4920 afferentur.
895 4854 944 4908 iia-
984 4799 1082 4922 filim,
1097 4858 1145 4912 lib.
1160 4870 1207 4918 vii,
1219 4871 1277 4925 cap.
1292 4854 1331 4923 3).
1341 4855 1374 4908 ln
1389 4853 1481 4919 melle,
1493 4852 1617 4922 inquam,
1635 4853 1710 4924 quod
1722 4855 1785 4925 ejus

143 4921 285 4992 literato]
306 4923 340 4976 ln
351 4920 410 4976 vita
428 4922 544 4982 latonii.
561 4938 622 4994 cap.
639 4921 683 4980 il.
700 4923 782 4978 Hunc
802 4924 941 4980 Antonius
984 4924 1094 4982 vinulis
1109 4927 1146 4982 sit
1155 4933 1187 4982 ut
1201 4931 1425 4996 computrescere
1448 4939 1565 4996 corpora
1581 4923 1732 4979 nonsinat.
1749 4927 1785 4980 Et

140 4992 244 5059 locum,
256 4992 337 5065 quasi
349 5009 366 5046 a
381 4993 438 5047 Deo
452 4991 505 5048 sibi
517 4994 674 5060 offerretur,
688 4994 835 5120 amplexus
850 5001 902 5052 est.
981 4996 1147 5053 sicinmelle
1159 4997 1298 5052 marinam
1307 4995 1460 5060 homiaem,
1472 4994 1508 5049 ab
1518 4993 1689 5059 ⁴&ultima
1701 4996 1783 5050 Hau-

176 5066 273 5121 Cibum
288 5069 313 5118 et
327 5067 517 5118 vestimentum
532 5068 559 5118 ei
590 5070 666 5121 alma
678 5081 737 5136 pra
753 5065 836 5136 ebat]
855 5066 940 5121 Nem·
980 5067 1179 5124 ritsniaadllis
1199 5068 1279 5122 anias
1286 5067 1403 5121 allatum
1410 5065 1609 5121 testatarAlex.
1619 5063 1782 5123 abAlexaa·

137 5150 175 5260 pe
195 5134 335 5218 exfructa
348 5135 524 5217 dactylorum
543 5082 631 5203 cibus,
647 5153 681 5192 ex
697 5136 815 5193 hirsutis
829 5135 938 5193 arboris
979 5138 1040 5203 dra,
1050 5087 1404 5206 solidaefideiauctarlillec
1422 5139 1553 5218 abillae„
1566 5138 1666 5218 limiti,
1678 5137 1780 5206 caper.

149 5205 284 5261 rondibus
298 5211 391 5261 restis.
979 5209 1066 5274 Quem
1079 5211 1127 5282 qui
1142 5211 1250 5282 legerit,
1260 5211 1295 5265 de
1306 5208 1477 5274 Tritonibus,
1486 5207 1601 5261 diversis
1610 5222 1640 5262 in
1649 5206 1718 5262 locis
1729 5225 1781 5265 suo

173 5277 237 5345 Qua
256 5281 340 5346 juata
357 5278 473 5345 Syriam
487 5278 634 5335 Saracenis
648 5281 807 5351 jungitur]
830 5279 936 5336 Crebra
978 5282 1079 5337 saeculo
1088 5282 1152 5336 visis
1159 5288 1188 5337 et
1197 5281 1296 5353 captis,
1304 5280 1462 5349 iisdemque
1473 5278 1551 5333 vultu
1562 5278 1704 5332 hominem
1719 5295 1780 5403 prae

136 5347 222 5419 hiu'us
230 5348 317 5403 eremi
326 5348 432 5403 mentio
443 5350 518 5421 apud
528 5350 623 5405 divum
629 5351 934 5424 Hieronymumepist.
977 5369 1007 5407 se
1020 5353 1184 5419 ferentibus,
1198 5360 1227 5408 et
1240 5368 1355 5423 corpore
1373 5366 1487 5422 prorsus
1498 5350 1632 5416 humano,
1649 5348 1717 5404 abso
1731 5357 1781 5406 uta

136 5418 162 5485 6,
177 5419 213 5474 ad
223 5420 396 5474 Florentium
407 5439 413 5474 :
424 5438 436 5471 (i
450 5424 481 5475 ln
492 5438 526 5476 oa
536 5422 605 5476 mihi
615 5429 694 5494 parte
709 5423 796 5478 eremi
807 5438 932 5477 commo·
977 5423 1329 5496 similitudinepubeteaus.
1339 5421 1487 5492 postremis
1498 5420 1526 5475 in
1534 5419 1780 5492 piscemdesinen·

133 5489 219 5553 ranti,
236 5507 298 5562 quse
310 5492 391 5561 juxta
404 5492 514 5563 Syriam
530 5493 677 5548 Saracenis
688 5495 829 5565 jungitur.
842 5494 929 5566 Epist.
973 5493 1283 5553 abushauddubitabii
1291 5494 1321 5548 in
1332 5492 1414 5548 terris
1424 5508 1505 5563 posse
1517 5491 1636 5563 reperiri
1651 5508 1713 5562 quie
1720 5509 1780 5548 nia·

132 5561 177 5626 ie,
188 5562 224 5616 ad
239 5563 441 5625 chromatium,
453 5564 584 5619 solinum
599 5570 628 5619 ct
642 5565 810 5620 Eusebium:
830 5584 843 5618 o
858 5566 932 5621 Nam
972 5565 1016 5621 ria
1029 5582 1139 5638 quoquc
1148 5567 1316 5640 producunt,
1325 5580 1388 5621 cum
1401 5561 1665 5619 hominishabitatio
1678 5562 1717 5618 sit
1725 5581 1779 5637 po·

130 5639 291 5705 postquam,
306 5637 402 5690 sancto
423 5634 541 5706 Evagrio
555 5637 775 5700 transmittente,
794 5635 824 5691 ia
843 5653 877 5691 ea
889 5637 926 5694 ad
971 5637 1028 5692 tius
1037 5646 1114 5694 terra
1123 5654 1208 5721 quain
1222 5654 1313 5692 mare·
1326 5653 1360 5692 ex
1377 5636 1457 5718 cujus
1476 5634 1646 5690 admistione
1655 5649 1721 5689 cuni
1729 5635 1779 5706 ju-

129 5720 176 5760 me
192 5704 280 5760 eremi
293 5710 375 5779 parte
385 5704 569 5774 delatasnnt,
584 5721 646 5778 qua
659 5705 734 5762 inter
743 5707 829 5778 Syros
839 5713 868 5762 et
877 5707 926 5763 Sa·
965 5713 1061 5765 mento
1070 5714 1180 5782 possint
1189 5677 1330 5782 ejusmodi
1343 5706 1451 5778 concipi
1462 5711 1589 5762 monstra
1595 5720 1652 5836 cop
1661 5707 1774 5762 onerari

127 5781 367 5837 moeamrestuni
388 5774 508 5839 Mica
526 5776 613 5840 dadi.
627 5798 639 5835 ν
655 5777 746 5852 Epist.
756 5777 804 5850 57,
819 5777 855 5837 sd
866 5778 925 5839 Da·
1000 5774 1608 5855 faaam‚Satnrosqm,et'1amtcs.]Est
1638 5790 1772 5850 masas.
