<?xml version="1.0" encoding="UTF-8"?>
<!DOCTYPE html PUBLIC "-//W3C//DTD XHTML 1.0 Transitional//EN"
    "http://www.w3.org/TR/xhtml1/DTD/xhtml1-transitional.dtd">
<html xmlns="http://www.w3.org/1999/xhtml" xml:lang="en" lang="en">
 <head>
  <title>
</title>
<meta http-equiv="Content-Type" content="text/html;charset=utf-8" />
  <meta name='ocr-system' content='tesseract 3.04.00' />
  <meta name='ocr-capabilities' content='ocr_page ocr_carea ocr_par ocr_line ocrx_word'/>
</head>
<body>
  <div class='ocr_page' id='page_1' title='image "./patrologiaecurs38unkngoog/patrologiaecurs38unkngoog_0515.png"; bbox 0 0 3818 6120; ppageno 0'>
   <div class='ocr_carea' id='block_1_1' title="bbox 131 247 1774 316">
    <p class='ocr_par' dir='ltr' id='par_1_1' title="bbox 131 247 1774 316">
     <span class='ocr_line' id='line_1_1' title="bbox 131 247 1774 316; baseline 0.003 -11"><span class='ocrx_word' id='word_1_1' title='bbox 131 247 203 306; x_wconf 82' lang='lat' dir='ltr'><strong>late</strong></span> <span class='ocrx_word' id='word_1_2' title='bbox 691 257 739 313; x_wconf 84' lang='lat' dir='ltr'><strong>DE</strong></span> <span class='ocrx_word' id='word_1_3' title='bbox 756 257 852 315; x_wconf 87' lang='lat' dir='ltr'><strong>Vl&#39;I&#39;IS</strong></span> <span class='ocrx_word' id='word_1_4' title='bbox 869 258 1018 315; x_wconf 80' lang='lat' dir='ltr'><strong>PATRVM</strong></span> <span class='ocrx_word' id='word_1_5' title='bbox 1036 258 1145 316; x_wconf 85' lang='lat' dir='ltr'><strong>LIBER</strong></span> <span class='ocrx_word' id='word_1_6' title='bbox 1163 259 1210 313; x_wconf 85' lang='lat' dir='ltr'><strong>VI.</strong></span> <span class='ocrx_word' id='word_1_7' title='bbox 1704 249 1774 310; x_wconf 76' lang='grc'><strong>1110</strong></span> 
     </span>
    </p>
   </div>
   <div class='ocr_carea' id='block_1_2' title="bbox 53 376 1780 5629">
    <p class='ocr_par' dir='ltr' id='par_1_2' title="bbox 53 376 1780 5629">
     <span class='ocr_line' id='line_1_2' title="bbox 131 376 1774 455; baseline 0.001 -23"><span class='ocrx_word' id='word_1_8' title='bbox 131 376 315 449; x_wconf 80' lang='lat' dir='ltr'><strong>cogitationes</strong></span> <span class='ocrx_word' id='word_1_9' title='bbox 330 397 386 437; x_wconf 91' lang='lat' dir='ltr'><strong>non</strong></span> <span class='ocrx_word' id='word_1_10' title='bbox 400 381 545 448; x_wconf 90' lang='lat' dir='ltr'><strong>habemus,</strong></span> <span class='ocrx_word' id='word_1_11' title='bbox 560 380 628 439; x_wconf 80' lang='lat' dir='ltr'><strong>feris</strong></span> <span class='ocrx_word' id='word_1_12' title='bbox 638 381 743 437; x_wconf 81' lang='lat' dir='ltr'><strong>similes</strong></span> <span class='ocrx_word' id='word_1_13' title='bbox 757 400 864 439; x_wconf 82' lang='lat' dir='ltr'><strong>suiuus.</strong></span> <span class='ocrx_word' id='word_1_14' title='bbox 878 384 969 445; x_wconf 82' lang='lat' dir='ltr'><strong>SedA</strong></span> <span class='ocrx_word' id='word_1_15' title='bbox 983 386 986 393; x_wconf 83' lang='grc'><strong>“</strong></span> <span class='ocrx_word' id='word_1_16' title='bbox 1012 383 1056 440; x_wconf 86' lang='grc'><strong>31.</strong></span> <span class='ocrx_word' id='word_1_17' title='bbox 1069 386 1137 440; x_wconf 86' lang='lat' dir='ltr'><strong>Erat</strong></span> <span class='ocrx_word' id='word_1_18' title='bbox 1146 383 1260 455; x_wconf 91' lang='lat' dir='ltr'><strong>quidam</strong></span> <span class='ocrx_word' id='word_1_19' title='bbox 1272 382 1398 438; x_wconf 78' lang='lat' dir='ltr'><strong>fruteria</strong></span> <span class='ocrx_word' id='word_1_20' title='bbox 1411 383 1491 449; x_wconf 91' lang='lat' dir='ltr'><strong>cella,</strong></span> <span class='ocrx_word' id='word_1_21' title='bbox 1508 380 1557 453; x_wconf 93' lang='lat' dir='ltr'><strong>qui</strong></span> <span class='ocrx_word' id='word_1_22' title='bbox 1572 383 1639 453; x_wconf 89' lang='lat' dir='ltr'><strong>post</strong></span> <span class='ocrx_word' id='word_1_23' title='bbox 1652 379 1774 451; x_wconf 86' lang='lat' dir='ltr'><strong>expletas</strong></span> 
     </span>
     <span class='ocr_line' id='line_1_3' title="bbox 131 466 1773 546; baseline 0.001 -24"><span class='ocrx_word' id='word_1_24' title='bbox 131 467 205 523; x_wconf 87' lang='lat' dir='ltr'><strong>sicut</strong></span> <span class='ocrx_word' id='word_1_25' title='bbox 219 470 357 536; x_wconf 88' lang='lat' dir='ltr'><strong>inimicus,</strong></span> <span class='ocrx_word' id='word_1_26' title='bbox 374 470 449 543; x_wconf 91' lang='lat' dir='ltr'><strong>quod</strong></span> <span class='ocrx_word' id='word_1_27' title='bbox 462 488 543 526; x_wconf 91' lang='lat' dir='ltr'><strong>suum</strong></span> <span class='ocrx_word' id='word_1_28' title='bbox 559 476 611 536; x_wconf 87' lang='lat' dir='ltr'><strong>est,</strong></span> <span class='ocrx_word' id='word_1_29' title='bbox 626 471 730 542; x_wconf 85' lang='lat' dir='ltr'><strong>exigit;</strong></span> <span class='ocrx_word' id='word_1_30' title='bbox 745 488 796 527; x_wconf 91' lang='lat' dir='ltr'><strong>nos</strong></span> <span class='ocrx_word' id='word_1_31' title='bbox 810 490 931 546; x_wconf 89' lang='lat' dir='ltr'><strong>quoque,</strong></span> <span class='ocrx_word' id='word_1_32' title='bbox 974 489 1069 529; x_wconf 87' lang='lat' dir='ltr'><strong>sacras</strong></span> <span class='ocrx_word' id='word_1_33' title='bbox 1079 473 1190 538; x_wconf 88' lang='lat' dir='ltr'><strong>missas,</strong></span> <span class='ocrx_word' id='word_1_34' title='bbox 1206 489 1269 527; x_wconf 93' lang='lat' dir='ltr'><strong>cum</strong></span> <span class='ocrx_word' id='word_1_35' title='bbox 1285 471 1597 544; x_wconf 84' lang='lat' dir='ltr'><strong>presbyterdimitteret</strong></span> <span class='ocrx_word' id='word_1_36' title='bbox 1618 466 1773 533; x_wconf 88' lang='lat' dir='ltr'><strong>ecclesiam,</strong></span> 
     </span>
     <span class='ocr_line' id='line_1_4' title="bbox 132 558 1776 636; baseline 0.001 -23"><span class='ocrx_word' id='word_1_37' title='bbox 132 559 207 629; x_wconf 91' lang='lat' dir='ltr'><strong>quod</strong></span> <span class='ocrx_word' id='word_1_38' title='bbox 214 565 341 614; x_wconf 89' lang='lat' dir='ltr'><strong>nostrum</strong></span> <span class='ocrx_word' id='word_1_39' title='bbox 350 566 402 626; x_wconf 91' lang='lat' dir='ltr'><strong>est,</strong></span> <span class='ocrx_word' id='word_1_40' title='bbox 411 561 529 632; x_wconf 92' lang='lat' dir='ltr'><strong>implere</strong></span> <span class='ocrx_word' id='word_1_41' title='bbox 539 561 683 616; x_wconf 88' lang='lat' dir='ltr'><strong>debemus.</strong></span> <span class='ocrx_word' id='word_1_42' title='bbox 698 562 864 618; x_wconf 87' lang='lat' dir='ltr'><strong>insistamus</strong></span> <span class='ocrx_word' id='word_1_43' title='bbox 873 581 934 618; x_wconf 89' lang='lat' dir='ltr'><strong>ora·</strong></span> <span class='ocrx_word' id='word_1_44' title='bbox 975 563 1153 636; x_wconf 79' lang='lat' dir='ltr'>exspectabat</span> <span class='ocrx_word' id='word_1_45' title='bbox 1174 563 1263 618; x_wconf 91' lang='lat' dir='ltr'><strong>donec</strong></span> <span class='ocrx_word' id='word_1_46' title='bbox 1277 579 1374 617; x_wconf 81' lang='grc'><strong>001000</strong></span> <span class='ocrx_word' id='word_1_47' title='bbox 1400 561 1613 633; x_wconf 80' lang='lat' dir='ltr'>egrederentur,</span> <span class='ocrx_word' id='word_1_48' title='bbox 1629 565 1662 614; x_wconf 92' lang='lat' dir='ltr'><strong>ut</strong></span> <span class='ocrx_word' id='word_1_49' title='bbox 1675 558 1776 630; x_wconf 88' lang='lat' dir='ltr'><strong>aliquis</strong></span> 
     </span>
     <span class='ocr_line' id='line_1_5' title="bbox 53 645 1776 721; baseline 0.001 -19"><span class='ocrx_word' id='word_1_50' title='bbox 53 686 58 692; x_wconf 84' lang='lat'><em>-</em></span> <span class='ocrx_word' id='word_1_51' title='bbox 131 645 211 712; x_wconf 90' lang='lat' dir='ltr'><strong>tioni,</strong></span> <span class='ocrx_word' id='word_1_52' title='bbox 229 653 257 703; x_wconf 91' lang='lat' dir='ltr'><strong>ct</strong></span> <span class='ocrx_word' id='word_1_53' title='bbox 272 647 403 704; x_wconf 86' lang='lat' dir='ltr'><strong>inimicus</strong></span> <span class='ocrx_word' id='word_1_54' title='bbox 416 650 539 721; x_wconf 84' lang='lat' dir='ltr'><strong>sugatur.</strong></span> <span class='ocrx_word' id='word_1_55' title='bbox 551 651 625 705; x_wconf 91' lang='lat' dir='ltr'><strong>Vaca</strong></span> <span class='ocrx_word' id='word_1_56' title='bbox 640 651 816 706; x_wconf 78' lang='lat' dir='ltr'><strong>meditationi</strong></span> <span class='ocrx_word' id='word_1_57' title='bbox 830 652 892 716; x_wconf 81' lang='lat' dir='ltr'><strong>Dei,</strong></span> <span class='ocrx_word' id='word_1_58' title='bbox 906 660 934 708; x_wconf 94' lang='lat' dir='ltr'><strong>et</strong></span> <span class='ocrx_word' id='word_1_59' title='bbox 975 670 1039 708; x_wconf 90' lang='lat' dir='ltr'><strong>eum</strong></span> <span class='ocrx_word' id='word_1_60' title='bbox 1061 659 1171 708; x_wconf 90' lang='lat' dir='ltr'><strong>teneret</strong></span> <span class='ocrx_word' id='word_1_61' title='bbox 1185 653 1220 707; x_wconf 90' lang='lat' dir='ltr'><strong>ad</strong></span> <span class='ocrx_word' id='word_1_62' title='bbox 1244 651 1480 707; x_wconf 88' lang='lat' dir='ltr'><strong>manducandum.</strong></span> <span class='ocrx_word' id='word_1_63' title='bbox 1502 651 1565 706; x_wconf 92' lang='lat' dir='ltr'><strong>Una</strong></span> <span class='ocrx_word' id='word_1_64' title='bbox 1583 666 1652 720; x_wconf 87' lang='lat' dir='ltr'><strong>crgo</strong></span> <span class='ocrx_word' id='word_1_65' title='bbox 1666 649 1776 703; x_wconf 88' lang='lat' dir='ltr'><strong>dierum</strong></span> 
     </span>
     <span class='ocr_line' id='line_1_6' title="bbox 132 734 1775 815; baseline 0.002 -27"><span class='ocrx_word' id='word_1_66' title='bbox 132 734 235 791; x_wconf 90' lang='lat' dir='ltr'><strong>vinces.</strong></span> <span class='ocrx_word' id='word_1_67' title='bbox 249 738 461 794; x_wconf 79' lang='lat' dir='ltr'><strong>perseverantia</strong></span> <span class='ocrx_word' id='word_1_68' title='bbox 481 739 547 795; x_wconf 89' lang='lat' dir='ltr'><strong>boni</strong></span> <span class='ocrx_word' id='word_1_69' title='bbox 563 740 680 795; x_wconf 91' lang='lat' dir='ltr'><strong>victoria</strong></span> <span class='ocrx_word' id='word_1_70' title='bbox 702 745 754 796; x_wconf 88' lang='lat' dir='ltr'><strong>est.</strong></span> <span class='ocrx_word' id='word_1_71' title='bbox 783 742 877 810; x_wconf 88' lang='lat' dir='ltr'><strong>Certa,</strong></span> <span class='ocrx_word' id='word_1_72' title='bbox 904 747 933 799; x_wconf 93' lang='lat' dir='ltr'><strong>et</strong></span> <span class='ocrx_word' id='word_1_73' title='bbox 973 743 1240 815; x_wconf 89' lang='lat' dir='ltr'><strong>expletoconvcntu,</strong></span> <span class='ocrx_word' id='word_1_74' title='bbox 1255 748 1430 797; x_wconf 88' lang='lat' dir='ltr'><strong>anteomues</strong></span> <span class='ocrx_word' id='word_1_75' title='bbox 1440 757 1568 812; x_wconf 88' lang='lat' dir='ltr'><strong>egressus</strong></span> <span class='ocrx_word' id='word_1_76' title='bbox 1592 744 1646 805; x_wconf 85' lang='lat' dir='ltr'><strong>est,</strong></span> <span class='ocrx_word' id='word_1_77' title='bbox 1669 742 1775 793; x_wconf 88' lang='grc'><strong>01000-</strong></span> 
     </span>
     <span class='ocr_line' id='line_1_7' title="bbox 131 825 1775 902; baseline 0.002 -24"><span class='ocrx_word' id='word_1_78' title='bbox 131 825 319 881; x_wconf 82' lang='lat' dir='ltr'><strong>coronaberis.</strong></span> <span class='ocrx_word' id='word_1_79' title='bbox 974 832 1054 887; x_wconf 89' lang='lat' dir='ltr'><strong>rebat</strong></span> <span class='ocrx_word' id='word_1_80' title='bbox 1063 832 1098 887; x_wconf 91' lang='lat' dir='ltr'><strong>ad</strong></span> <span class='ocrx_word' id='word_1_81' title='bbox 1107 832 1206 887; x_wconf 90' lang='lat' dir='ltr'><strong>cellam</strong></span> <span class='ocrx_word' id='word_1_82' title='bbox 1215 848 1295 887; x_wconf 89' lang='lat' dir='ltr'><strong>suam</strong></span> <span class='ocrx_word' id='word_1_83' title='bbox 1306 849 1312 885; x_wconf 76' lang='grc' dir='ltr'><strong>ε</strong></span> <span class='ocrx_word' id='word_1_84' title='bbox 1325 847 1409 902; x_wconf 91' lang='lat' dir='ltr'><strong>quem</strong></span> <span class='ocrx_word' id='word_1_85' title='bbox 1423 830 1537 884; x_wconf 91' lang='lat' dir='ltr'><strong>intuens</strong></span> <span class='ocrx_word' id='word_1_86' title='bbox 1547 827 1698 900; x_wconf 78' lang='lat' dir='ltr'><strong>presbyter</strong></span> <span class='ocrx_word' id='word_1_87' title='bbox 1713 843 1775 882; x_wconf 91' lang='lat' dir='ltr'><strong>cur·</strong></span> 
     </span>
     <span class='ocr_line' id='line_1_8' title="bbox 167 912 1776 992; baseline 0 -23"><span class='ocrx_word' id='word_1_88' title='bbox 167 912 211 970; x_wconf 74' lang='grc'><strong>11.</strong></span> <span class='ocrx_word' id='word_1_89' title='bbox 241 916 315 971; x_wconf 88' lang='lat' dir='ltr'><strong>Dixit</strong></span> <span class='ocrx_word' id='word_1_90' title='bbox 343 933 449 972; x_wconf 90' lang='lat' dir='ltr'><strong>senex:</strong></span> <span class='ocrx_word' id='word_1_91' title='bbox 474 919 564 973; x_wconf 87' lang='lat' dir='ltr'><strong>Homo</strong></span> <span class='ocrx_word' id='word_1_92' title='bbox 592 918 698 974; x_wconf 90' lang='lat' dir='ltr'><strong>habens</strong></span> <span class='ocrx_word' id='word_1_93' title='bbox 727 926 847 975; x_wconf 91' lang='lat' dir='ltr'><strong>mortem</strong></span> <span class='ocrx_word' id='word_1_94' title='bbox 875 937 932 992; x_wconf 78' lang='lat' dir='ltr'><strong>pree</strong></span> <span class='ocrx_word' id='word_1_95' title='bbox 973 927 1084 977; x_wconf 88' lang='lat' dir='ltr'><strong>rentem</strong></span> <span class='ocrx_word' id='word_1_96' title='bbox 1106 922 1225 976; x_wconf 90' lang='lat' dir='ltr'><strong>miratus</strong></span> <span class='ocrx_word' id='word_1_97' title='bbox 1245 925 1297 975; x_wconf 86' lang='lat' dir='ltr'><strong>est.</strong></span> <span class='ocrx_word' id='word_1_98' title='bbox 1320 920 1446 991; x_wconf 79' lang='lat' dir='ltr'>Cumque</span> <span class='ocrx_word' id='word_1_99' title='bbox 1460 923 1605 974; x_wconf 88' lang='lat' dir='ltr'><strong>transacta</strong></span> <span class='ocrx_word' id='word_1_100' title='bbox 1618 917 1776 988; x_wconf 89' lang='lat' dir='ltr'><strong>septimana</strong></span> 
     </span>
     <span class='ocr_line' id='line_1_9' title="bbox 132 1003 1776 1078; baseline 0.002 -21"><span class='ocrx_word' id='word_1_101' title='bbox 132 1003 229 1069; x_wconf 92' lang='lat' dir='ltr'><strong>oculis,</strong></span> <span class='ocrx_word' id='word_1_102' title='bbox 244 1005 320 1060; x_wconf 91' lang='lat' dir='ltr'><strong>omni</strong></span> <span class='ocrx_word' id='word_1_103' title='bbox 331 1006 401 1060; x_wconf 88' lang='lat' dir='ltr'><strong>bora</strong></span> <span class='ocrx_word' id='word_1_104' title='bbox 414 1006 501 1062; x_wconf 91' lang='lat' dir='ltr'><strong>vincit</strong></span> <span class='ocrx_word' id='word_1_105' title='bbox 512 1008 781 1078; x_wconf 74' lang='lat' dir='ltr'><strong>pusillanimitatem.</strong></span> <span class='ocrx_word' id='word_1_106' title='bbox 973 1011 1097 1065; x_wconf 91' lang='lat' dir='ltr'><strong>venisset</strong></span> <span class='ocrx_word' id='word_1_107' title='bbox 1116 1011 1204 1065; x_wconf 81' lang='lat' dir='ltr'><strong>frater</strong></span> <span class='ocrx_word' id='word_1_108' title='bbox 1223 1010 1269 1065; x_wconf 91' lang='lat' dir='ltr'><strong>ille</strong></span> <span class='ocrx_word' id='word_1_109' title='bbox 1285 1010 1314 1064; x_wconf 93' lang='lat' dir='ltr'><strong>in</strong></span> <span class='ocrx_word' id='word_1_110' title='bbox 1334 1008 1478 1064; x_wconf 87' lang='lat' dir='ltr'><strong>collectam</strong></span> <span class='ocrx_word' id='word_1_111' title='bbox 1499 1007 1633 1070; x_wconf 84' lang='lat' dir='ltr'><strong>ecclesiae,</strong></span> <span class='ocrx_word' id='word_1_112' title='bbox 1656 1005 1728 1062; x_wconf 91' lang='lat' dir='ltr'><strong>dicit</strong></span> <span class='ocrx_word' id='word_1_113' title='bbox 1752 1005 1776 1060; x_wconf 90' lang='lat' dir='ltr'><strong>ei</strong></span> 
     </span>
     <span class='ocr_line' id='line_1_10' title="bbox 167 1090 1776 1172; baseline 0.001 -23"><span class='ocrx_word' id='word_1_114' title='bbox 167 1090 210 1150; x_wconf 74' lang='lat'><strong>23.</strong></span> <span class='ocrx_word' id='word_1_115' title='bbox 221 1093 298 1149; x_wconf 80' lang='lat' dir='ltr'><strong>Dixit</strong></span> <span class='ocrx_word' id='word_1_116' title='bbox 308 1094 450 1151; x_wconf 90' lang='lat' dir='ltr'><strong>abbatissa</strong></span> <span class='ocrx_word' id='word_1_117' title='bbox 461 1097 631 1168; x_wconf 89' lang='lat' dir='ltr'><strong>Syncletica:</strong></span> <span class='ocrx_word' id='word_1_118' title='bbox 645 1099 828 1155; x_wconf 80' lang='lat' dir='ltr'><strong>Adversarius</strong></span> <span class='ocrx_word' id='word_1_119' title='bbox 838 1106 935 1156; x_wconf 88' lang='lat' dir='ltr'><strong>noster</strong></span> <span class='ocrx_word' id='word_1_120' title='bbox 974 1099 1142 1172; x_wconf 85' lang='lat' dir='ltr'><strong>presbyter:</strong></span> <span class='ocrx_word' id='word_1_121' title='bbox 1159 1101 1209 1156; x_wconf 92' lang='lat' dir='ltr'><strong>Dic</strong></span> <span class='ocrx_word' id='word_1_122' title='bbox 1228 1099 1307 1166; x_wconf 90' lang='lat' dir='ltr'><strong>mihi,</strong></span> <span class='ocrx_word' id='word_1_123' title='bbox 1323 1099 1419 1164; x_wconf 83' lang='lat' dir='ltr'><strong>irater,</strong></span> <span class='ocrx_word' id='word_1_124' title='bbox 1435 1098 1510 1170; x_wconf 89' lang='lat' dir='ltr'><strong>quod</strong></span> <span class='ocrx_word' id='word_1_125' title='bbox 1530 1114 1629 1153; x_wconf 89' lang='lat' dir='ltr'><strong>verum</strong></span> <span class='ocrx_word' id='word_1_126' title='bbox 1643 1102 1698 1162; x_wconf 88' lang='grc'><strong>001,</strong></span> <span class='ocrx_word' id='word_1_127' title='bbox 1717 1112 1776 1166; x_wconf 81' lang='grc'><strong>000</strong></span> 
     </span>
     <span class='ocr_line' id='line_1_11' title="bbox 130 1180 1776 1261; baseline 0.003 -25"><span class='ocrx_word' id='word_1_128' title='bbox 130 1180 239 1237; x_wconf 83' lang='lat' dir='ltr'><strong>facilius</strong></span> <span class='ocrx_word' id='word_1_129' title='bbox 253 1184 354 1239; x_wconf 87' lang='lat' dir='ltr'><strong>anihil</strong></span> <span class='ocrx_word' id='word_1_130' title='bbox 377 1185 584 1257; x_wconf 87' lang='lat' dir='ltr'><strong>possidentibus</strong></span> <span class='ocrx_word' id='word_1_131' title='bbox 597 1195 755 1259; x_wconf 88' lang='lat' dir='ltr'><strong>superatur.</strong></span> <span class='ocrx_word' id='word_1_132' title='bbox 770 1190 832 1245; x_wconf 90' lang='lat' dir='ltr'><strong>Non</strong></span> <span class='ocrx_word' id='word_1_133' title='bbox 856 1191 932 1246; x_wconf 90' lang='lat' dir='ltr'><strong>enim</strong></span> <span class='ocrx_word' id='word_1_134' title='bbox 972 1205 1058 1244; x_wconf 89' lang='lat' dir='ltr'><strong>causa</strong></span> <span class='ocrx_word' id='word_1_135' title='bbox 1071 1189 1125 1245; x_wconf 84' lang='lat' dir='ltr'><strong>luit</strong></span> <span class='ocrx_word' id='word_1_136' title='bbox 1137 1189 1211 1243; x_wconf 89' lang='lat' dir='ltr'><strong>circa</strong></span> <span class='ocrx_word' id='word_1_137' title='bbox 1223 1187 1317 1261; x_wconf 87' lang='lat' dir='ltr'><strong>te,qui</strong></span> <span class='ocrx_word' id='word_1_138' title='bbox 1327 1205 1376 1260; x_wconf 91' lang='lat' dir='ltr'><strong>per</strong></span> <span class='ocrx_word' id='word_1_139' title='bbox 1385 1204 1482 1243; x_wconf 89' lang='lat' dir='ltr'><strong>omnes</strong></span> <span class='ocrx_word' id='word_1_140' title='bbox 1497 1185 1612 1258; x_wconf 92' lang='lat' dir='ltr'><strong>quidem</strong></span> <span class='ocrx_word' id='word_1_141' title='bbox 1622 1195 1776 1241; x_wconf 87' lang='lat' dir='ltr'><strong>conventus</strong></span> 
     </span>
     <span class='ocr_line' id='line_1_12' title="bbox 131 1269 1776 1351; baseline 0.003 -27"><span class='ocrx_word' id='word_1_142' title='bbox 131 1269 504 1346; x_wconf 86' lang='lat' dir='ltr'><strong>habetquolaedateos‚quia</strong></span> <span class='ocrx_word' id='word_1_143' title='bbox 517 1276 931 1351; x_wconf 86' lang='lat' dir='ltr'><strong>pleriquememoresangustiae</strong></span> <span class='ocrx_word' id='word_1_144' title='bbox 973 1278 1096 1333; x_wconf 67' lang='lat' dir='ltr'><strong>ecclesie)</strong></span> <span class='ocrx_word' id='word_1_145' title='bbox 1110 1278 1275 1333; x_wconf 86' lang='lat' dir='ltr'><strong>remanebas</strong></span> <span class='ocrx_word' id='word_1_146' title='bbox 1288 1278 1405 1333; x_wconf 87' lang='lat' dir='ltr'><strong>ultimus</strong></span> <span class='ocrx_word' id='word_1_147' title='bbox 1417 1277 1554 1343; x_wconf 88' lang='lat' dir='ltr'><strong>omnium,</strong></span> <span class='ocrx_word' id='word_1_148' title='bbox 1566 1276 1597 1331; x_wconf 93' lang='lat' dir='ltr'><strong>in</strong></span> <span class='ocrx_word' id='word_1_149' title='bbox 1611 1275 1776 1331; x_wconf 86' lang='lat' dir='ltr'><strong>collectione</strong></span> 
     </span>
     <span class='ocr_line' id='line_1_13' title="bbox 132 1363 1776 1441; baseline 0.002 -26"><span class='ocrx_word' id='word_1_150' title='bbox 132 1364 217 1431; x_wconf 91' lang='lat' dir='ltr'><strong>atque</strong></span> <span class='ocrx_word' id='word_1_151' title='bbox 229 1363 418 1419; x_wconf 89' lang='lat' dir='ltr'><strong>tentationum</strong></span> <span class='ocrx_word' id='word_1_152' title='bbox 429 1381 445 1418; x_wconf 90' lang='lat' dir='ltr'><strong>a</strong></span> <span class='ocrx_word' id='word_1_153' title='bbox 455 1365 512 1419; x_wconf 92' lang='lat' dir='ltr'><strong>Deo</strong></span> <span class='ocrx_word' id='word_1_154' title='bbox 522 1367 724 1436; x_wconf 90' lang='lat' dir='ltr'><strong>separantium,</strong></span> <span class='ocrx_word' id='word_1_155' title='bbox 738 1368 766 1422; x_wconf 95' lang='grc'><strong>10</strong></span> <span class='ocrx_word' id='word_1_156' title='bbox 775 1368 929 1441; x_wconf 75' lang='lat' dir='ltr'><strong>ablatispe</strong></span> <span class='ocrx_word' id='word_1_157' title='bbox 972 1372 1067 1422; x_wconf 87' lang='lat' dir='ltr'><strong>autem</strong></span> <span class='ocrx_word' id='word_1_158' title='bbox 1077 1367 1218 1439; x_wconf 74' lang='lat' dir='ltr'><strong>preterita</strong></span> <span class='ocrx_word' id='word_1_159' title='bbox 1233 1372 1299 1422; x_wconf 89' lang='lat' dir='ltr'><strong>ante</strong></span> <span class='ocrx_word' id='word_1_160' title='bbox 1313 1383 1411 1422; x_wconf 88' lang='lat' dir='ltr'><strong>omncs</strong></span> <span class='ocrx_word' id='word_1_161' title='bbox 1419 1381 1549 1436; x_wconf 87' lang='lat' dir='ltr'><strong>egressus</strong></span> <span class='ocrx_word' id='word_1_162' title='bbox 1569 1363 1776 1419; x_wconf 80' lang='lat' dir='ltr'><strong>eslcuiirater</strong></span> 
     </span>
     <span class='ocr_line' id='line_1_14' title="bbox 132 1449 1773 1528; baseline 0.003 -26"><span class='ocrx_word' id='word_1_163' title='bbox 132 1449 221 1503; x_wconf 90' lang='lat' dir='ltr'><strong>cuniis</strong></span> <span class='ocrx_word' id='word_1_164' title='bbox 233 1451 395 1522; x_wconf 71' lang='lat' dir='ltr'><strong>causisque</strong></span> <span class='ocrx_word' id='word_1_165' title='bbox 409 1453 588 1509; x_wconf 79' lang='lat' dir='ltr'><strong>facultatibus</strong></span> <span class='ocrx_word' id='word_1_166' title='bbox 611 1455 689 1509; x_wconf 87' lang='lat' dir='ltr'><strong>feriri</strong></span> <span class='ocrx_word' id='word_1_167' title='bbox 715 1463 929 1513; x_wconf 89' lang='lat' dir='ltr'><strong>consueverunt.</strong></span> <span class='ocrx_word' id='word_1_168' title='bbox 971 1455 1020 1511; x_wconf 89' lang='lat' dir='ltr'><strong>ille</strong></span> <span class='ocrx_word' id='word_1_169' title='bbox 1032 1457 1192 1528; x_wconf 85' lang='lat' dir='ltr'><strong>respondit:</strong></span> <span class='ocrx_word' id='word_1_170' title='bbox 1202 1456 1275 1522; x_wconf 90' lang='lat' dir='ltr'><strong>Quia</strong></span> <span class='ocrx_word' id='word_1_171' title='bbox 1288 1455 1464 1510; x_wconf 87' lang='lat' dir='ltr'><strong>abstinebam</strong></span> <span class='ocrx_word' id='word_1_172' title='bbox 1478 1470 1514 1509; x_wconf 91' lang='lat' dir='ltr'><strong>nc</strong></span> <span class='ocrx_word' id='word_1_173' title='bbox 1528 1453 1599 1508; x_wconf 91' lang='lat' dir='ltr'><strong>mihi</strong></span> <span class='ocrx_word' id='word_1_174' title='bbox 1613 1469 1773 1524; x_wconf 85' lang='lat' dir='ltr'><strong>coquerem,</strong></span> 
     </span>
     <span class='ocr_line' id='line_1_15' title="bbox 168 1535 1775 1618; baseline 0.002 -26"><span class='ocrx_word' id='word_1_175' title='bbox 168 1535 212 1593; x_wconf 76' lang='lat' dir='ltr'><strong>ut.</strong></span> <span class='ocrx_word' id='word_1_176' title='bbox 228 1538 336 1594; x_wconf 82' lang='lat' dir='ltr'><strong>Rursus</strong></span> <span class='ocrx_word' id='word_1_177' title='bbox 345 1556 407 1610; x_wconf 80' lang='lat' dir='ltr'><strong>qum</strong></span> <span class='ocrx_word' id='word_1_178' title='bbox 423 1558 521 1612; x_wconf 91' lang='lat' dir='ltr'><strong>supra:</strong></span> <span class='ocrx_word' id='word_1_179' title='bbox 535 1543 589 1606; x_wconf 89' lang='lat' dir='ltr'><strong>Qui</strong></span> <span class='ocrx_word' id='word_1_180' title='bbox 604 1543 735 1611; x_wconf 85' lang='lat' dir='ltr'><strong>risibiles,</strong></span> <span class='ocrx_word' id='word_1_181' title='bbox 744 1544 845 1616; x_wconf 88' lang='lat' dir='ltr'><strong>inquit,</strong></span> <span class='ocrx_word' id='word_1_182' title='bbox 859 1545 931 1599; x_wconf 92' lang='lat' dir='ltr'><strong>divi·</strong></span> <span class='ocrx_word' id='word_1_183' title='bbox 972 1550 1001 1600; x_wconf 91' lang='grc'><strong>01</strong></span> <span class='ocrx_word' id='word_1_184' title='bbox 1014 1545 1077 1600; x_wconf 89' lang='grc'><strong>1100</strong></span> <span class='ocrx_word' id='word_1_185' title='bbox 1086 1545 1280 1618; x_wconf 88' lang='lat' dir='ltr'><strong>exspectabam</strong></span> <span class='ocrx_word' id='word_1_186' title='bbox 1295 1551 1328 1600; x_wconf 96' lang='lat' dir='ltr'><strong>ut</strong></span> <span class='ocrx_word' id='word_1_187' title='bbox 1342 1544 1445 1616; x_wconf 89' lang='lat' dir='ltr'><strong>aliquis</strong></span> <span class='ocrx_word' id='word_1_188' title='bbox 1459 1560 1505 1599; x_wconf 91' lang='lat' dir='ltr'><strong>me</strong></span> <span class='ocrx_word' id='word_1_189' title='bbox 1519 1547 1632 1598; x_wconf 88' lang='lat' dir='ltr'><strong>teneret</strong></span> <span class='ocrx_word' id='word_1_190' title='bbox 1641 1542 1680 1596; x_wconf 90' lang='lat' dir='ltr'><strong>ad</strong></span> <span class='ocrx_word' id='word_1_191' title='bbox 1695 1558 1775 1596; x_wconf 87' lang='lat' dir='ltr'><strong>man·</strong></span> 
     </span>
     <span class='ocr_line' id='line_1_16' title="bbox 131 1626 1775 1706; baseline 0.004 -27"><span class='ocrx_word' id='word_1_192' title='bbox 131 1626 187 1680; x_wconf 88' lang='lat' dir='ltr'><strong>tias</strong></span> <span class='ocrx_word' id='word_1_193' title='bbox 202 1628 487 1684; x_wconf 87' lang='lat' dir='ltr'><strong>exmultislaboribus</strong></span> <span class='ocrx_word' id='word_1_194' title='bbox 499 1633 707 1703; x_wconf 87' lang='lat' dir='ltr'><strong>atquemarinis</strong></span> <span class='ocrx_word' id='word_1_195' title='bbox 717 1633 932 1706; x_wconf 90' lang='lat' dir='ltr'><strong>periculiscalli-</strong></span> <span class='ocrx_word' id='word_1_196' title='bbox 972 1634 1201 1691; x_wconf 81' lang='lat' dir='ltr'><strong>ducendumllla</strong></span> <span class='ocrx_word' id='word_1_197' title='bbox 1213 1651 1280 1690; x_wconf 89' lang='lat' dir='ltr'><strong>vero</strong></span> <span class='ocrx_word' id='word_1_198' title='bbox 1296 1635 1422 1699; x_wconf 76' lang='lat' dir='ltr'><strong>collecta,</strong></span> <span class='ocrx_word' id='word_1_199' title='bbox 1438 1633 1606 1705; x_wconf 87' lang='lat' dir='ltr'><strong>priusquam</strong></span> <span class='ocrx_word' id='word_1_200' title='bbox 1613 1631 1740 1686; x_wconf 88' lang='lat' dir='ltr'><strong>venirem</strong></span> <span class='ocrx_word' id='word_1_201' title='bbox 1748 1632 1775 1686; x_wconf 93' lang='lat' dir='ltr'><strong>in</strong></span> 
     </span>
     <span class='ocr_line' id='line_1_17' title="bbox 130 1713 1776 1794; baseline 0.002 -25"><span class='ocrx_word' id='word_1_202' title='bbox 130 1720 210 1786; x_wconf 86' lang='lat' dir='ltr'><strong>gunt,</strong></span> <span class='ocrx_word' id='word_1_203' title='bbox 221 1716 377 1788; x_wconf 80' lang='lat' dir='ltr'><strong>demptura</strong></span> <span class='ocrx_word' id='word_1_204' title='bbox 388 1719 542 1787; x_wconf 87' lang='lat' dir='ltr'><strong>lucrantur,</strong></span> <span class='ocrx_word' id='word_1_205' title='bbox 554 1721 675 1793; x_wconf 91' lang='lat' dir='ltr'><strong>plurima</strong></span> <span class='ocrx_word' id='word_1_206' title='bbox 684 1723 893 1794; x_wconf 86' lang='lat' dir='ltr'><strong>concupiscunt,</strong></span> <span class='ocrx_word' id='word_1_207' title='bbox 904 1713 1128 1790; x_wconf 82' lang='lat' dir='ltr'><strong>etBecclesiam,</strong></span> <span class='ocrx_word' id='word_1_208' title='bbox 1149 1723 1210 1778; x_wconf 84' lang='lat' dir='ltr'><strong>coxi</strong></span> <span class='ocrx_word' id='word_1_209' title='bbox 1235 1723 1304 1778; x_wconf 89' lang='lat' dir='ltr'><strong>mihi</strong></span> <span class='ocrx_word' id='word_1_210' title='bbox 1329 1722 1464 1794; x_wconf 91' lang='lat' dir='ltr'><strong>pusillum</strong></span> <span class='ocrx_word' id='word_1_211' title='bbox 1482 1720 1632 1785; x_wconf 79' lang='lat' dir='ltr'><strong>lenticula,</strong></span> <span class='ocrx_word' id='word_1_212' title='bbox 1659 1720 1776 1790; x_wconf 85' lang='lat' dir='ltr'><strong>ideoque</strong></span> 
     </span>
     <span class='ocr_line' id='line_1_18' title="bbox 131 1805 1776 1883; baseline 0.004 -26"><span class='ocrx_word' id='word_1_213' title='bbox 131 1805 280 1874; x_wconf 80' lang='lat' dir='ltr'><strong>praesentia</strong></span> <span class='ocrx_word' id='word_1_214' title='bbox 306 1806 418 1876; x_wconf 91' lang='lat' dir='ltr'><strong>quidem</strong></span> <span class='ocrx_word' id='word_1_215' title='bbox 434 1812 569 1879; x_wconf 88' lang='lat' dir='ltr'><strong>tanquam</strong></span> <span class='ocrx_word' id='word_1_216' title='bbox 593 1810 663 1864; x_wconf 91' lang='lat' dir='ltr'><strong>nihil</strong></span> <span class='ocrx_word' id='word_1_217' title='bbox 682 1811 851 1867; x_wconf 87' lang='lat' dir='ltr'><strong>existimant.</strong></span> <span class='ocrx_word' id='word_1_218' title='bbox 874 1813 932 1867; x_wconf 91' lang='lat' dir='ltr'><strong>Nos</strong></span> <span class='ocrx_word' id='word_1_219' title='bbox 974 1817 1169 1868; x_wconf 89' lang='lat' dir='ltr'><strong>consummato</strong></span> <span class='ocrx_word' id='word_1_220' title='bbox 1182 1829 1262 1867; x_wconf 89' lang='lat' dir='ltr'><strong>sacro</strong></span> <span class='ocrx_word' id='word_1_221' title='bbox 1276 1810 1411 1883; x_wconf 89' lang='lat' dir='ltr'><strong>mysterio</strong></span> <span class='ocrx_word' id='word_1_222' title='bbox 1426 1814 1492 1865; x_wconf 89' lang='lat' dir='ltr'><strong>ante</strong></span> <span class='ocrx_word' id='word_1_223' title='bbox 1511 1826 1610 1864; x_wconf 78' lang='lat' dir='ltr'><strong>smiles</strong></span> <span class='ocrx_word' id='word_1_224' title='bbox 1624 1807 1710 1864; x_wconf 88' lang='lat' dir='ltr'><strong>exivi.</strong></span> <span class='ocrx_word' id='word_1_225' title='bbox 1723 1808 1776 1863; x_wconf 81' lang='lat' dir='ltr'><strong>llu-</strong></span> 
     </span>
     <span class='ocr_line' id='line_1_19' title="bbox 131 1895 1777 1973; baseline 0.004 -28"><span class='ocrx_word' id='word_1_226' title='bbox 131 1907 197 1947; x_wconf 77' lang='grc'><strong>0000</strong></span> <span class='ocrx_word' id='word_1_227' title='bbox 206 1895 365 1949; x_wconf 88' lang='lat' dir='ltr'><strong>necessaria</strong></span> <span class='ocrx_word' id='word_1_228' title='bbox 377 1911 427 1967; x_wconf 87' lang='lat' dir='ltr'><strong>pro</strong></span> <span class='ocrx_word' id='word_1_229' title='bbox 437 1897 539 1952; x_wconf 89' lang='lat' dir='ltr'><strong>timore</strong></span> <span class='ocrx_word' id='word_1_230' title='bbox 553 1899 603 1954; x_wconf 94' lang='lat' dir='ltr'><strong>Dei</strong></span> <span class='ocrx_word' id='word_1_231' title='bbox 618 1900 763 1955; x_wconf 88' lang='lat' dir='ltr'><strong>renuimus</strong></span> <span class='ocrx_word' id='word_1_232' title='bbox 778 1901 931 1972; x_wconf 84' lang='lat' dir='ltr'><strong>possidere.</strong></span> <span class='ocrx_word' id='word_1_233' title='bbox 973 1900 1053 1955; x_wconf 91' lang='lat' dir='ltr'><strong>diens</strong></span> <span class='ocrx_word' id='word_1_234' title='bbox 1060 1907 1156 1957; x_wconf 88' lang='lat' dir='ltr'><strong>autem</strong></span> <span class='ocrx_word' id='word_1_235' title='bbox 1162 1903 1221 1957; x_wconf 85' lang='lat' dir='ltr'><strong>hacc</strong></span> <span class='ocrx_word' id='word_1_236' title='bbox 1231 1900 1386 1973; x_wconf 86' lang='lat' dir='ltr'><strong>presbyter,</strong></span> <span class='ocrx_word' id='word_1_237' title='bbox 1394 1899 1471 1955; x_wconf 94' lang='lat' dir='ltr'><strong>dedit</strong></span> <span class='ocrx_word' id='word_1_238' title='bbox 1478 1899 1646 1954; x_wconf 87' lang='lat' dir='ltr'><strong>mandatum</strong></span> <span class='ocrx_word' id='word_1_239' title='bbox 1654 1897 1686 1952; x_wconf 90' lang='lat' dir='ltr'><strong>in</strong></span> <span class='ocrx_word' id='word_1_240' title='bbox 1695 1898 1777 1952; x_wconf 88' lang='lat' dir='ltr'><strong>cocle·</strong></span> 
     </span>
     <span class='ocr_line' id='line_1_20' title="bbox 167 1981 1775 2061; baseline 0.004 -26"><span class='ocrx_word' id='word_1_241' title='bbox 167 1981 212 2036; x_wconf 76' lang='lat'><strong>25.</strong></span> <span class='ocrx_word' id='word_1_242' title='bbox 224 1982 300 2037; x_wconf 83' lang='lat' dir='ltr'><strong>Dixit</strong></span> <span class='ocrx_word' id='word_1_243' title='bbox 315 1986 473 2050; x_wconf 82' lang='lat' dir='ltr'><strong>sencszni</strong></span> <span class='ocrx_word' id='word_1_244' title='bbox 482 1986 512 2041; x_wconf 88' lang='lat' dir='ltr'><strong>in</strong></span> <span class='ocrx_word' id='word_1_245' title='bbox 524 1988 620 2042; x_wconf 89' lang='lat' dir='ltr'><strong>anima</strong></span> <span class='ocrx_word' id='word_1_246' title='bbox 634 2007 686 2044; x_wconf 90' lang='lat' dir='ltr'><strong>sua</strong></span> <span class='ocrx_word' id='word_1_247' title='bbox 701 1990 866 2045; x_wconf 86' lang='lat' dir='ltr'><strong>memoriam</strong></span> <span class='ocrx_word' id='word_1_248' title='bbox 874 2008 933 2045; x_wconf 90' lang='lat' dir='ltr'><strong>ma·</strong></span> <span class='ocrx_word' id='word_1_249' title='bbox 972 1990 1024 2055; x_wconf 89' lang='lat' dir='ltr'><strong>sia,</strong></span> <span class='ocrx_word' id='word_1_250' title='bbox 1041 1990 1137 2046; x_wconf 93' lang='lat' dir='ltr'><strong>dicens</strong></span> <span class='ocrx_word' id='word_1_251' title='bbox 1152 1991 1294 2054; x_wconf 68' lang='lat' dir='ltr'><strong>:Fratres</strong></span> <span class='ocrx_word' id='word_1_252' title='bbox 1308 1996 1460 2061; x_wconf 88' lang='lat' dir='ltr'><strong>antequam</strong></span> <span class='ocrx_word' id='word_1_253' title='bbox 1479 1988 1600 2043; x_wconf 89' lang='lat' dir='ltr'><strong>veniatis</strong></span> <span class='ocrx_word' id='word_1_254' title='bbox 1618 1987 1657 2042; x_wconf 91' lang='lat' dir='ltr'><strong>ad</strong></span> <span class='ocrx_word' id='word_1_255' title='bbox 1689 1987 1775 2042; x_wconf 91' lang='lat' dir='ltr'><strong>eccle·</strong></span> 
     </span>
     <span class='ocr_line' id='line_1_21' title="bbox 131 2068 1777 2152; baseline 0.005 -29"><span class='ocrx_word' id='word_1_256' title='bbox 131 2068 199 2124; x_wconf 86' lang='lat' dir='ltr'><strong>litiae</strong></span> <span class='ocrx_word' id='word_1_257' title='bbox 211 2070 290 2142; x_wconf 90' lang='lat' dir='ltr'><strong>ligat,</strong></span> <span class='ocrx_word' id='word_1_258' title='bbox 301 2073 399 2128; x_wconf 90' lang='lat' dir='ltr'><strong>similis</strong></span> <span class='ocrx_word' id='word_1_259' title='bbox 412 2080 455 2129; x_wconf 90' lang='lat' dir='ltr'><strong>est</strong></span> <span class='ocrx_word' id='word_1_260' title='bbox 468 2075 563 2146; x_wconf 82' lang='lat' dir='ltr'><strong>ignem</strong></span> <span class='ocrx_word' id='word_1_261' title='bbox 577 2077 652 2132; x_wconf 89' lang='lat' dir='ltr'><strong>iuter</strong></span> <span class='ocrx_word' id='word_1_262' title='bbox 665 2079 760 2150; x_wconf 89' lang='lat' dir='ltr'><strong>paleas</strong></span> <span class='ocrx_word' id='word_1_263' title='bbox 769 2080 929 2134; x_wconf 91' lang='lat' dir='ltr'><strong>occultanti.</strong></span> <span class='ocrx_word' id='word_1_264' title='bbox 971 2077 1020 2134; x_wconf 78' lang='lat' dir='ltr'><strong>sis</strong></span> <span class='ocrx_word' id='word_1_265' title='bbox 1040 2079 1196 2146; x_wconf 88' lang='lat' dir='ltr'><strong>collectam,</strong></span> <span class='ocrx_word' id='word_1_266' title='bbox 1214 2079 1325 2152; x_wconf 88' lang='lat' dir='ltr'><strong>coquite</strong></span> <span class='ocrx_word' id='word_1_267' title='bbox 1348 2078 1425 2134; x_wconf 87' lang='lat' dir='ltr'><strong>vobis</strong></span> <span class='ocrx_word' id='word_1_268' title='bbox 1439 2078 1574 2151; x_wconf 88' lang='lat' dir='ltr'><strong>pusillum</strong></span> <span class='ocrx_word' id='word_1_269' title='bbox 1595 2081 1729 2142; x_wconf 77' lang='lat' dir='ltr'><strong>coctura,</strong></span> <span class='ocrx_word' id='word_1_270' title='bbox 1746 2084 1777 2131; x_wconf 93' lang='lat' dir='ltr'><strong>ut</strong></span> 
     </span>
     <span class='ocr_line' id='line_1_22' title="bbox 168 2156 1776 2240; baseline 0.003 -25"><span class='ocrx_word' id='word_1_271' title='bbox 168 2156 212 2215; x_wconf 72' lang='lat'><strong>26.</strong></span> <span class='ocrx_word' id='word_1_272' title='bbox 228 2160 305 2216; x_wconf 85' lang='lat' dir='ltr'><strong>Dixit</strong></span> <span class='ocrx_word' id='word_1_273' title='bbox 331 2163 445 2233; x_wconf 90' lang='lat' dir='ltr'><strong>quidam</strong></span> <span class='ocrx_word' id='word_1_274' title='bbox 459 2181 560 2220; x_wconf 89' lang='lat' dir='ltr'><strong>senex:</strong></span> <span class='ocrx_word' id='word_1_275' title='bbox 580 2167 658 2222; x_wconf 90' lang='lat' dir='ltr'><strong>Side</strong></span> <span class='ocrx_word' id='word_1_276' title='bbox 674 2168 730 2223; x_wconf 90' lang='lat' dir='ltr'><strong>vita</strong></span> <span class='ocrx_word' id='word_1_277' title='bbox 744 2174 850 2224; x_wconf 85' lang='lat' dir='ltr'><strong>aeterna</strong></span> <span class='ocrx_word' id='word_1_278' title='bbox 876 2186 934 2224; x_wconf 88' lang='lat' dir='ltr'><strong>scr·</strong></span> <span class='ocrx_word' id='word_1_279' title='bbox 973 2172 1065 2233; x_wconf 69' lang='lat'><strong>081</strong></span> <span class='ocrx_word' id='word_1_280' title='bbox 1090 2173 1206 2240; x_wconf 89' lang='lat' dir='ltr'><strong>propter</strong></span> <span class='ocrx_word' id='word_1_281' title='bbox 1216 2168 1284 2223; x_wconf 92' lang='lat' dir='ltr'><strong>illud</strong></span> <span class='ocrx_word' id='word_1_282' title='bbox 1294 2185 1358 2223; x_wconf 92' lang='lat' dir='ltr'><strong>cum</strong></span> <span class='ocrx_word' id='word_1_283' title='bbox 1372 2167 1517 2222; x_wconf 85' lang='lat' dir='ltr'><strong>alacritate</strong></span> <span class='ocrx_word' id='word_1_284' title='bbox 1528 2165 1672 2222; x_wconf 80' lang='lat' dir='ltr'><strong>festinetis</strong></span> <span class='ocrx_word' id='word_1_285' title='bbox 1686 2181 1776 2220; x_wconf 88' lang='lat' dir='ltr'><strong>recur-</strong></span> 
     </span>
     <span class='ocr_line' id='line_1_23' title="bbox 132 2251 1286 2321; baseline 0.007 -19"><span class='ocrx_word' id='word_1_286' title='bbox 132 2251 381 2321; x_wconf 90' lang='lat' dir='ltr'><strong>monemcuiquam</strong></span> <span class='ocrx_word' id='word_1_287' title='bbox 393 2253 777 2320; x_wconf 84' lang='lat' dir='ltr'><strong>iacis,dicverbumaudienti</strong></span> <span class='ocrx_word' id='word_1_288' title='bbox 787 2275 851 2314; x_wconf 92' lang='lat' dir='ltr'><strong>cum</strong></span> <span class='ocrx_word' id='word_1_289' title='bbox 861 2275 934 2313; x_wconf 90' lang='lat' dir='ltr'><strong>com·</strong></span> <span class='ocrx_word' id='word_1_290' title='bbox 974 2272 1037 2311; x_wconf 89' lang='lat' dir='ltr'><strong>rere</strong></span> <span class='ocrx_word' id='word_1_291' title='bbox 1047 2255 1077 2310; x_wconf 92' lang='lat' dir='ltr'><strong>in</strong></span> <span class='ocrx_word' id='word_1_292' title='bbox 1092 2257 1169 2312; x_wconf 91' lang='lat' dir='ltr'><strong>cellis</strong></span> <span class='ocrx_word' id='word_1_293' title='bbox 1179 2257 1286 2312; x_wconf 86' lang='lat' dir='ltr'><strong>vestris.</strong></span> 
     </span>
     <span class='ocr_line' id='line_1_24' title="bbox 131 2338 1776 2418; baseline 0.003 -26"><span class='ocrx_word' id='word_1_294' title='bbox 131 2338 282 2410; x_wconf 89' lang='lat' dir='ltr'><strong>punctione</strong></span> <span class='ocrx_word' id='word_1_295' title='bbox 298 2348 327 2395; x_wconf 92' lang='lat' dir='ltr'><strong>et</strong></span> <span class='ocrx_word' id='word_1_296' title='bbox 340 2342 490 2414; x_wconf 80' lang='lat' dir='ltr'><strong>lacrymis3</strong></span> <span class='ocrx_word' id='word_1_297' title='bbox 507 2344 633 2417; x_wconf 93' lang='lat' dir='ltr'><strong>alioquin</strong></span> <span class='ocrx_word' id='word_1_298' title='bbox 648 2363 704 2401; x_wconf 92' lang='lat' dir='ltr'><strong>non</strong></span> <span class='ocrx_word' id='word_1_299' title='bbox 718 2347 933 2413; x_wconf 88' lang='lat' dir='ltr'><strong>dicas,neinve-</strong></span> <span class='ocrx_word' id='word_1_300' title='bbox 1010 2344 1053 2402; x_wconf 76' lang='lat'><strong>32.</strong></span> <span class='ocrx_word' id='word_1_301' title='bbox 1082 2346 1167 2402; x_wconf 85' lang='lat' dir='ltr'><strong>Venit</strong></span> <span class='ocrx_word' id='word_1_302' title='bbox 1188 2345 1339 2418; x_wconf 90' lang='lat' dir='ltr'><strong>aliquando</strong></span> <span class='ocrx_word' id='word_1_303' title='bbox 1356 2345 1442 2416; x_wconf 87' lang='lat' dir='ltr'><strong>judex</strong></span> <span class='ocrx_word' id='word_1_304' title='bbox 1460 2344 1584 2416; x_wconf 88' lang='lat' dir='ltr'><strong>regionis</strong></span> <span class='ocrx_word' id='word_1_305' title='bbox 1608 2344 1734 2414; x_wconf 89' lang='lat' dir='ltr'><strong>alicujus</strong></span> <span class='ocrx_word' id='word_1_306' title='bbox 1748 2343 1776 2397; x_wconf 92' lang='lat' dir='ltr'><strong>in</strong></span> 
     </span>
     <span class='ocr_line' id='line_1_25' title="bbox 131 2427 1776 2505; baseline 0.002 -22"><span class='ocrx_word' id='word_1_307' title='bbox 131 2427 219 2483; x_wconf 90' lang='lat' dir='ltr'><strong>uiaris</strong></span> <span class='ocrx_word' id='word_1_308' title='bbox 232 2427 349 2497; x_wconf 90' lang='lat' dir='ltr'><strong>inutilis,</strong></span> <span class='ocrx_word' id='word_1_309' title='bbox 366 2431 464 2486; x_wconf 88' lang='lat' dir='ltr'><strong>alienis</strong></span> <span class='ocrx_word' id='word_1_310' title='bbox 477 2432 568 2487; x_wconf 91' lang='lat' dir='ltr'><strong>verbis</strong></span> <span class='ocrx_word' id='word_1_311' title='bbox 580 2434 650 2489; x_wconf 90' lang='lat' dir='ltr'><strong>alios</strong></span> <span class='ocrx_word' id='word_1_312' title='bbox 665 2436 773 2491; x_wconf 88' lang='lat' dir='ltr'><strong>salvare</strong></span> <span class='ocrx_word' id='word_1_313' title='bbox 786 2436 932 2492; x_wconf 84' lang='lat' dir='ltr'><strong>festinans.</strong></span> <span class='ocrx_word' id='word_1_314' title='bbox 974 2434 1117 2505; x_wconf 88' lang='lat' dir='ltr'><strong>provincia</strong></span> <span class='ocrx_word' id='word_1_315' title='bbox 1124 2434 1233 2491; x_wconf 88' lang='lat' dir='ltr'><strong>abbatis</strong></span> <span class='ocrx_word' id='word_1_316' title='bbox 1242 2433 1375 2490; x_wconf 85' lang='lat' dir='ltr'><strong>Pastoris.</strong></span> <span class='ocrx_word' id='word_1_317' title='bbox 1387 2433 1538 2488; x_wconf 84' lang='lat' dir='ltr'><strong>Venientes</strong></span> <span class='ocrx_word' id='word_1_318' title='bbox 1553 2440 1653 2489; x_wconf 88' lang='lat' dir='ltr'><strong>autem</strong></span> <span class='ocrx_word' id='word_1_319' title='bbox 1667 2431 1776 2488; x_wconf 87' lang='lat' dir='ltr'><strong>habita·</strong></span> 
     </span>
     <span class='ocr_line' id='line_1_26' title="bbox 131 2515 1775 2597; baseline 0.004 -27"><span class='ocrx_word' id='word_1_320' title='bbox 131 2515 273 2572; x_wconf 83' lang='lat' dir='ltr'><strong>Peccatori</strong></span> <span class='ocrx_word' id='word_1_321' title='bbox 281 2535 404 2592; x_wconf 88' lang='lat' dir='ltr'><strong>namque</strong></span> <span class='ocrx_word' id='word_1_322' title='bbox 414 2521 484 2576; x_wconf 86' lang='lat' dir='ltr'><strong>dixit</strong></span> <span class='ocrx_word' id='word_1_323' title='bbox 493 2523 581 2577; x_wconf 90' lang='lat' dir='ltr'><strong>Deus:</strong></span> <span class='ocrx_word' id='word_1_324' title='bbox 590 2524 682 2588; x_wconf 90' lang='lat' dir='ltr'><strong>Quare</strong></span> <span class='ocrx_word' id='word_1_325' title='bbox 688 2530 719 2579; x_wconf 93' lang='lat' dir='ltr'><strong>tu</strong></span> <span class='ocrx_word' id='word_1_326' title='bbox 731 2526 932 2597; x_wconf 86' lang='lat' dir='ltr'><strong>enarrasjusti·</strong></span> <span class='ocrx_word' id='word_1_327' title='bbox 972 2528 1049 2578; x_wconf 89' lang='lat' dir='ltr'><strong>tores</strong></span> <span class='ocrx_word' id='word_1_328' title='bbox 1064 2523 1115 2578; x_wconf 90' lang='lat' dir='ltr'><strong>loci</strong></span> <span class='ocrx_word' id='word_1_329' title='bbox 1129 2523 1204 2579; x_wconf 88' lang='lat' dir='ltr'><strong>illius</strong></span> <span class='ocrx_word' id='word_1_330' title='bbox 1218 2528 1389 2594; x_wconf 85' lang='lat' dir='ltr'><strong>rogaverunt</strong></span> <span class='ocrx_word' id='word_1_331' title='bbox 1396 2522 1536 2588; x_wconf 87' lang='lat' dir='ltr'><strong>abbatem,</strong></span> <span class='ocrx_word' id='word_1_332' title='bbox 1552 2527 1586 2578; x_wconf 90' lang='lat' dir='ltr'><strong>ut</strong></span> <span class='ocrx_word' id='word_1_333' title='bbox 1598 2522 1718 2577; x_wconf 89' lang='lat' dir='ltr'><strong>veniens</strong></span> <span class='ocrx_word' id='word_1_334' title='bbox 1731 2539 1775 2577; x_wconf 88' lang='lat' dir='ltr'><strong>ra·</strong></span> 
     </span>
     <span class='ocr_line' id='line_1_27' title="bbox 130 2605 1778 2687; baseline 0.004 -27"><span class='ocrx_word' id='word_1_335' title='bbox 130 2605 186 2660; x_wconf 87' lang='lat' dir='ltr'><strong>tias</strong></span> <span class='ocrx_word' id='word_1_336' title='bbox 201 2623 288 2676; x_wconf 89' lang='lat' dir='ltr'><strong>mess,</strong></span> <span class='ocrx_word' id='word_1_337' title='bbox 302 2613 331 2663; x_wconf 94' lang='lat' dir='ltr'><strong>et</strong></span> <span class='ocrx_word' id='word_1_338' title='bbox 345 2611 467 2665; x_wconf 90' lang='lat' dir='ltr'><strong>assumis</strong></span> <span class='ocrx_word' id='word_1_339' title='bbox 491 2616 692 2668; x_wconf 83' lang='lat' dir='ltr'><strong>testamentum</strong></span> <span class='ocrx_word' id='word_1_340' title='bbox 711 2631 807 2670; x_wconf 90' lang='lat' dir='ltr'><strong>meum</strong></span> <span class='ocrx_word' id='word_1_341' title='bbox 829 2632 880 2687; x_wconf 92' lang='lat' dir='ltr'><strong>per</strong></span> <span class='ocrx_word' id='word_1_342' title='bbox 900 2632 932 2671; x_wconf 91' lang='lat' dir='ltr'><strong>os</strong></span> <span class='ocrx_word' id='word_1_343' title='bbox 971 2617 1053 2683; x_wconf 88' lang='lat' dir='ltr'><strong>garet</strong></span> <span class='ocrx_word' id='word_1_344' title='bbox 1067 2612 1435 2678; x_wconf 83' lang='lat' dir='ltr'><strong>equuidixiteis÷Sinite</strong></span> <span class='ocrx_word' id='word_1_345' title='bbox 1450 2628 1495 2667; x_wconf 90' lang='lat' dir='ltr'><strong>me</strong></span> <span class='ocrx_word' id='word_1_346' title='bbox 1510 2618 1569 2668; x_wconf 86' lang='lat' dir='ltr'><strong>tres</strong></span> <span class='ocrx_word' id='word_1_347' title='bbox 1583 2612 1657 2676; x_wconf 86' lang='lat' dir='ltr'><strong>dies,</strong></span> <span class='ocrx_word' id='word_1_348' title='bbox 1674 2615 1778 2666; x_wconf 87' lang='lat' dir='ltr'><strong>ettunc</strong></span> 
     </span>
     <span class='ocr_line' id='line_1_28' title="bbox 131 2698 1777 2774; baseline 0.003 -24"><span class='ocrx_word' id='word_1_349' title='bbox 131 2698 213 2750; x_wconf 88' lang='lat' dir='ltr'><strong>tuum</strong></span> <span class='ocrx_word' id='word_1_350' title='bbox 228 2699 310 2766; x_wconf 77' lang='lat' dir='ltr'><strong>(Psoi.</strong></span> <span class='ocrx_word' id='word_1_351' title='bbox 326 2698 425 2769; x_wconf 67' lang='lat' dir='ltr'><strong>xerxi?</strong></span> <span class='ocrx_word' id='word_1_352' title='bbox 440 2699 490 2756; x_wconf 91' lang='lat' dir='ltr'><strong>Dic</strong></span> <span class='ocrx_word' id='word_1_353' title='bbox 504 2717 570 2772; x_wconf 91' lang='lat' dir='ltr'><strong>ergo</strong></span> <span class='ocrx_word' id='word_1_354' title='bbox 582 2720 588 2756; x_wconf 75' lang='grc' dir='ltr'><strong><em>ε</em></strong></span> <span class='ocrx_word' id='word_1_355' title='bbox 602 2702 686 2757; x_wconf 87' lang='lat' dir='ltr'><strong>Canis</strong></span> <span class='ocrx_word' id='word_1_356' title='bbox 702 2704 841 2770; x_wconf 89' lang='lat' dir='ltr'><strong>sum,im0</strong></span> <span class='ocrx_word' id='word_1_357' title='bbox 854 2705 932 2760; x_wconf 88' lang='lat' dir='ltr'><strong>canis</strong></span> <span class='ocrx_word' id='word_1_358' title='bbox 973 2701 1064 2756; x_wconf 91' lang='lat' dir='ltr'><strong>venio.</strong></span> <span class='ocrx_word' id='word_1_359' title='bbox 1081 2702 1178 2758; x_wconf 90' lang='lat' dir='ltr'><strong>Ornvit</strong></span> <span class='ocrx_word' id='word_1_360' title='bbox 1190 2702 1394 2774; x_wconf 88' lang='lat' dir='ltr'><strong>ergosenexad</strong></span> <span class='ocrx_word' id='word_1_361' title='bbox 1413 2701 1576 2767; x_wconf 90' lang='lat' dir='ltr'><strong>Dominum,</strong></span> <span class='ocrx_word' id='word_1_362' title='bbox 1588 2700 1707 2756; x_wconf 88' lang='lat' dir='ltr'><strong>dicens:</strong></span> <span class='ocrx_word' id='word_1_363' title='bbox 1723 2700 1777 2755; x_wconf 89' lang='lat' dir='ltr'><strong>Do·</strong></span> 
     </span>
     <span class='ocr_line' id='line_1_29' title="bbox 132 2783 1779 2863; baseline 0.004 -26"><span class='ocrx_word' id='word_1_364' title='bbox 132 2783 280 2840; x_wconf 87' lang='lat' dir='ltr'><strong>meliorest</strong></span> <span class='ocrx_word' id='word_1_365' title='bbox 290 2803 345 2852; x_wconf 91' lang='lat' dir='ltr'><strong>me,</strong></span> <span class='ocrx_word' id='word_1_366' title='bbox 357 2793 471 2859; x_wconf 88' lang='lat' dir='ltr'><strong>propter</strong></span> <span class='ocrx_word' id='word_1_367' title='bbox 482 2790 591 2860; x_wconf 89' lang='lat' dir='ltr'><strong>quodet</strong></span> <span class='ocrx_word' id='word_1_368' title='bbox 600 2792 828 2848; x_wconf 89' lang='lat' dir='ltr'><strong>amatdominum</strong></span> <span class='ocrx_word' id='word_1_369' title='bbox 838 2811 931 2861; x_wconf 91' lang='lat' dir='ltr'><strong>suum,</strong></span> <span class='ocrx_word' id='word_1_370' title='bbox 974 2791 1060 2858; x_wconf 88' lang='lat' dir='ltr'><strong>minc,</strong></span> <span class='ocrx_word' id='word_1_371' title='bbox 1078 2791 1136 2846; x_wconf 91' lang='lat' dir='ltr'><strong>noli</strong></span> <span class='ocrx_word' id='word_1_372' title='bbox 1151 2791 1372 2846; x_wconf 89' lang='lat' dir='ltr'><strong>mihidarebanc</strong></span> <span class='ocrx_word' id='word_1_373' title='bbox 1379 2789 1515 2862; x_wconf 84' lang='lat' dir='ltr'><strong>gratiam3</strong></span> <span class='ocrx_word' id='word_1_374' title='bbox 1526 2790 1656 2863; x_wconf 87' lang='lat' dir='ltr'><strong>alioquin</strong></span> <span class='ocrx_word' id='word_1_375' title='bbox 1668 2804 1779 2845; x_wconf 86' lang='lat' dir='ltr'><strong>nonme</strong></span> 
     </span>
     <span class='ocr_line' id='line_1_30' title="bbox 132 2873 1779 2953; baseline 0.003 -26"><span class='ocrx_word' id='word_1_376' title='bbox 132 2879 160 2927; x_wconf 90' lang='lat' dir='ltr'><strong>et</strong></span> <span class='ocrx_word' id='word_1_377' title='bbox 174 2873 210 2927; x_wconf 88' lang='lat' dir='ltr'><strong>ad</strong></span> <span class='ocrx_word' id='word_1_378' title='bbox 221 2875 359 2945; x_wconf 81' lang='lat' dir='ltr'><strong>judicium</strong></span> <span class='ocrx_word' id='word_1_379' title='bbox 379 2884 490 2934; x_wconf 90' lang='lat' dir='ltr'><strong>nonest</strong></span> <span class='ocrx_word' id='word_1_380' title='bbox 504 2885 647 2935; x_wconf 87' lang='lat' dir='ltr'><strong>venturus.</strong></span> <span class='ocrx_word' id='word_1_381' title='bbox 974 2881 1139 2953; x_wconf 88' lang='lat' dir='ltr'><strong>permittent</strong></span> <span class='ocrx_word' id='word_1_382' title='bbox 1152 2881 1279 2935; x_wconf 91' lang='lat' dir='ltr'><strong>homines</strong></span> <span class='ocrx_word' id='word_1_383' title='bbox 1289 2881 1386 2935; x_wconf 87' lang='lat' dir='ltr'><strong>sedere</strong></span> <span class='ocrx_word' id='word_1_384' title='bbox 1400 2880 1429 2935; x_wconf 93' lang='lat' dir='ltr'><strong>in</strong></span> <span class='ocrx_word' id='word_1_385' title='bbox 1444 2882 1505 2936; x_wconf 92' lang='grc'><strong>1000</strong></span> <span class='ocrx_word' id='word_1_386' title='bbox 1519 2882 1583 2936; x_wconf 85' lang='grc'><strong>1010.</strong></span> <span class='ocrx_word' id='word_1_387' title='bbox 1600 2879 1728 2934; x_wconf 88' lang='lat' dir='ltr'><strong>Veniens</strong></span> <span class='ocrx_word' id='word_1_388' title='bbox 1737 2894 1779 2932; x_wconf 88' lang='lat' dir='ltr'><strong>er-</strong></span> 
     </span>
     <span class='ocr_line' id='line_1_31' title="bbox 167 2960 1780 3041; baseline 0.002 -24"><span class='ocrx_word' id='word_1_389' title='bbox 167 2960 212 3017; x_wconf 80' lang='lat' dir='ltr'><strong>at.</strong></span> <span class='ocrx_word' id='word_1_390' title='bbox 229 2963 416 3036; x_wconf 84' lang='lat' dir='ltr'><strong>Interrogavit</strong></span> <span class='ocrx_word' id='word_1_391' title='bbox 429 2968 543 3039; x_wconf 92' lang='lat' dir='ltr'><strong>quidam</strong></span> <span class='ocrx_word' id='word_1_392' title='bbox 558 2969 646 3025; x_wconf 83' lang='lat' dir='ltr'><strong>irater</strong></span> <span class='ocrx_word' id='word_1_393' title='bbox 660 2971 809 3038; x_wconf 88' lang='lat' dir='ltr'><strong>seniorem,</strong></span> <span class='ocrx_word' id='word_1_394' title='bbox 819 2973 931 3029; x_wconf 91' lang='lat' dir='ltr'><strong>dicens:</strong></span> <span class='ocrx_word' id='word_1_395' title='bbox 975 2986 1011 3041; x_wconf 87' lang='lat' dir='ltr'><strong>go</strong></span> <span class='ocrx_word' id='word_1_396' title='bbox 1021 2987 1106 3025; x_wconf 87' lang='lat' dir='ltr'><strong>senex</strong></span> <span class='ocrx_word' id='word_1_397' title='bbox 1120 2969 1239 3041; x_wconf 89' lang='lat' dir='ltr'><strong>rogabat</strong></span> <span class='ocrx_word' id='word_1_398' title='bbox 1245 2970 1379 3041; x_wconf 88' lang='lat' dir='ltr'><strong>judicem.</strong></span> <span class='ocrx_word' id='word_1_399' title='bbox 1392 2972 1430 3025; x_wconf 86' lang='lat' dir='ltr'><strong>At</strong></span> <span class='ocrx_word' id='word_1_400' title='bbox 1442 2970 1489 3024; x_wconf 92' lang='lat' dir='ltr'><strong>ille</strong></span> <span class='ocrx_word' id='word_1_401' title='bbox 1503 2970 1575 3025; x_wconf 83' lang='lat' dir='ltr'><strong>dixit</strong></span> <span class='ocrx_word' id='word_1_402' title='bbox 1585 2969 1659 3024; x_wconf 88' lang='lat' dir='ltr'><strong>:Pro</strong></span> <span class='ocrx_word' id='word_1_403' title='bbox 1670 2969 1780 3022; x_wconf 79' lang='lat' dir='ltr'><strong>latrone</strong></span> 
     </span>
     <span class='ocr_line' id='line_1_32' title="bbox 132 3050 1780 3135; baseline 0.004 -30"><span class='ocrx_word' id='word_1_404' title='bbox 132 3050 278 3116; x_wconf 84' lang='lat' dir='ltr'><strong>Quomodo</strong></span> <span class='ocrx_word' id='word_1_405' title='bbox 286 3053 381 3108; x_wconf 90' lang='lat' dir='ltr'><strong>anima</strong></span> <span class='ocrx_word' id='word_1_406' title='bbox 388 3055 930 3127; x_wconf 83' lang='lat' dir='ltr'><strong>diligitimmunditiam‘?Diciteisenior:</strong></span> <span class='ocrx_word' id='word_1_407' title='bbox 942 3074 964 3135; x_wconf 72' lang='lat' dir='ltr'><strong>G</strong></span> <span class='ocrx_word' id='word_1_408' title='bbox 974 3076 1069 3130; x_wconf 88' lang='lat' dir='ltr'><strong>rogas,</strong></span> <span class='ocrx_word' id='word_1_409' title='bbox 1080 3059 1152 3114; x_wconf 91' lang='lat' dir='ltr'><strong>abba</strong></span> <span class='ocrx_word' id='word_1_410' title='bbox 1162 3059 1299 3114; x_wconf 85' lang='lat' dir='ltr'><strong>lGavisus</strong></span> <span class='ocrx_word' id='word_1_411' title='bbox 1310 3065 1353 3114; x_wconf 92' lang='lat' dir='ltr'><strong>est</strong></span> <span class='ocrx_word' id='word_1_412' title='bbox 1363 3064 1458 3114; x_wconf 90' lang='lat' dir='ltr'><strong>autem</strong></span> <span class='ocrx_word' id='word_1_413' title='bbox 1472 3075 1570 3126; x_wconf 87' lang='lat' dir='ltr'><strong>senex,</strong></span> <span class='ocrx_word' id='word_1_414' title='bbox 1582 3058 1652 3131; x_wconf 84' lang='lat' dir='ltr'><strong>qula</strong></span> <span class='ocrx_word' id='word_1_415' title='bbox 1665 3073 1722 3112; x_wconf 91' lang='lat' dir='ltr'><strong>non</strong></span> <span class='ocrx_word' id='word_1_416' title='bbox 1732 3055 1780 3111; x_wconf 81' lang='lat' dir='ltr'><strong>ob-</strong></span> 
     </span>
     <span class='ocr_line' id='line_1_33' title="bbox 82 3140 1780 3223; baseline 0.005 -30"><span class='ocrx_word' id='word_1_417' title='bbox 82 3154 85 3158; x_wconf 81' lang='grc'><strong><em>’</em></strong></span> <span class='ocrx_word' id='word_1_418' title='bbox 132 3140 236 3196; x_wconf 80' lang='lat' dir='ltr'><strong>Anima</strong></span> <span class='ocrx_word' id='word_1_419' title='bbox 245 3143 358 3214; x_wconf 91' lang='lat' dir='ltr'><strong>quidem</strong></span> <span class='ocrx_word' id='word_1_420' title='bbox 367 3145 527 3216; x_wconf 87' lang='lat' dir='ltr'><strong>corporales</strong></span> <span class='ocrx_word' id='word_1_421' title='bbox 537 3148 703 3220; x_wconf 92' lang='lat' dir='ltr'><strong>plerumque</strong></span> <span class='ocrx_word' id='word_1_422' title='bbox 713 3149 854 3205; x_wconf 88' lang='lat' dir='ltr'><strong>desiderat</strong></span> <span class='ocrx_word' id='word_1_423' title='bbox 867 3169 932 3223; x_wconf 88' lang='lat' dir='ltr'><strong>pas·</strong></span> <span class='ocrx_word' id='word_1_424' title='bbox 973 3149 1059 3204; x_wconf 90' lang='lat' dir='ltr'><strong>tinuit</strong></span> <span class='ocrx_word' id='word_1_425' title='bbox 1079 3149 1154 3221; x_wconf 83' lang='lat' dir='ltr'><strong>apud</strong></span> <span class='ocrx_word' id='word_1_426' title='bbox 1172 3149 1297 3220; x_wconf 89' lang='lat' dir='ltr'><strong>judicem</strong></span> <span class='ocrx_word' id='word_1_427' title='bbox 1313 3148 1446 3219; x_wconf 89' lang='lat' dir='ltr'><strong>gratiam,</strong></span> <span class='ocrx_word' id='word_1_428' title='bbox 1462 3165 1548 3220; x_wconf 89' lang='lat' dir='ltr'><strong>quam</strong></span> <span class='ocrx_word' id='word_1_429' title='bbox 1568 3147 1735 3220; x_wconf 89' lang='lat' dir='ltr'><strong>postulavit,</strong></span> <span class='ocrx_word' id='word_1_430' title='bbox 1749 3150 1780 3201; x_wconf 88' lang='lat' dir='ltr'><strong>et</strong></span> 
     </span>
     <span class='ocr_line' id='line_1_34' title="bbox 131 3229 1372 3308; baseline 0.007 -24"><span class='ocrx_word' id='word_1_431' title='bbox 131 3229 235 3293; x_wconf 81' lang='lat' dir='ltr'><strong>aiones,</strong></span> <span class='ocrx_word' id='word_1_432' title='bbox 247 3231 295 3286; x_wconf 89' lang='lat' dir='ltr'><strong>sed</strong></span> <span class='ocrx_word' id='word_1_433' title='bbox 309 3232 426 3304; x_wconf 90' lang='lat' dir='ltr'><strong>spiritus</strong></span> <span class='ocrx_word' id='word_1_434' title='bbox 446 3234 497 3288; x_wconf 89' lang='lat' dir='ltr'><strong>Dei</strong></span> <span class='ocrx_word' id='word_1_435' title='bbox 514 3241 567 3302; x_wconf 91' lang='lat' dir='ltr'><strong>est,</strong></span> <span class='ocrx_word' id='word_1_436' title='bbox 582 3237 630 3308; x_wconf 90' lang='lat' dir='ltr'><strong>qui</strong></span> <span class='ocrx_word' id='word_1_437' title='bbox 644 3254 706 3292; x_wconf 87' lang='lat' dir='ltr'><strong>eam</strong></span> <span class='ocrx_word' id='word_1_438' title='bbox 722 3239 835 3294; x_wconf 91' lang='lat' dir='ltr'><strong>retinet.</strong></span> <span class='ocrx_word' id='word_1_439' title='bbox 853 3241 933 3296; x_wconf 85' lang='lat' dir='ltr'><strong>Flere</strong></span> <span class='ocrx_word' id='word_1_440' title='bbox 974 3238 1014 3293; x_wconf 87' lang='lat' dir='ltr'><strong>sic</strong></span> <span class='ocrx_word' id='word_1_441' title='bbox 1030 3238 1114 3293; x_wconf 89' lang='lat' dir='ltr'><strong>rediit</strong></span> <span class='ocrx_word' id='word_1_442' title='bbox 1128 3238 1265 3292; x_wconf 87' lang='lat' dir='ltr'><strong>lucellum</strong></span> <span class='ocrx_word' id='word_1_443' title='bbox 1281 3254 1372 3293; x_wconf 88' lang='lat' dir='ltr'><strong>suam.</strong></span> 
     </span>
     <span class='ocr_line' id='line_1_35' title="bbox 132 3319 1780 3399; baseline 0.004 -26"><span class='ocrx_word' id='word_1_444' title='bbox 132 3335 199 3390; x_wconf 89' lang='lat' dir='ltr'><strong>ergo</strong></span> <span class='ocrx_word' id='word_1_445' title='bbox 212 3319 356 3387; x_wconf 92' lang='lat' dir='ltr'><strong>debemus,</strong></span> <span class='ocrx_word' id='word_1_446' title='bbox 364 3323 594 3380; x_wconf 89' lang='lat' dir='ltr'><strong>etimmunditias</strong></span> <span class='ocrx_word' id='word_1_447' title='bbox 609 3332 720 3382; x_wconf 87' lang='lat' dir='ltr'><strong>nostras</strong></span> <span class='ocrx_word' id='word_1_448' title='bbox 735 3329 880 3385; x_wconf 84' lang='lat' dir='ltr'><strong>attendere</strong></span> <span class='ocrx_word' id='word_1_449' title='bbox 890 3330 933 3385; x_wconf 93' lang='lat' dir='ltr'><strong>di·</strong></span> <span class='ocrx_word' id='word_1_450' title='bbox 1011 3325 1054 3384; x_wconf 86' lang='grc'><strong>33,</strong></span> <span class='ocrx_word' id='word_1_451' title='bbox 1071 3326 1207 3382; x_wconf 88' lang='lat' dir='ltr'><strong>Dicebant</strong></span> <span class='ocrx_word' id='word_1_452' title='bbox 1221 3327 1346 3382; x_wconf 90' lang='lat' dir='ltr'><strong>seniores</strong></span> <span class='ocrx_word' id='word_1_453' title='bbox 1355 3343 1361 3382; x_wconf 94' lang='lat'>:</span> <span class='ocrx_word' id='word_1_454' title='bbox 1370 3326 1561 3399; x_wconf 85' lang='lat' dir='ltr'><strong>Quisquaudo</strong></span> <span class='ocrx_word' id='word_1_455' title='bbox 1567 3324 1696 3381; x_wconf 88' lang='lat' dir='ltr'><strong>intrabat</strong></span> <span class='ocrx_word' id='word_1_456' title='bbox 1703 3326 1780 3396; x_wconf 81' lang='lat' dir='ltr'><strong>bloy-</strong></span> 
     </span>
     <span class='ocr_line' id='line_1_36' title="bbox 130 3407 1777 3487; baseline 0.004 -24"><span class='ocrx_word' id='word_1_457' title='bbox 130 3407 260 3478; x_wconf 90' lang='lat' dir='ltr'><strong>ligenter.</strong></span> <span class='ocrx_word' id='word_1_458' title='bbox 277 3410 379 3466; x_wconf 88' lang='lat' dir='ltr'><strong>Vidisti</strong></span> <span class='ocrx_word' id='word_1_459' title='bbox 389 3412 516 3478; x_wconf 89' lang='lat' dir='ltr'><strong>Mariam,</strong></span> <span class='ocrx_word' id='word_1_460' title='bbox 528 3416 774 3486; x_wconf 87' lang='lat' dir='ltr'><strong>quemadmodum,</strong></span> <span class='ocrx_word' id='word_1_461' title='bbox 786 3435 848 3473; x_wconf 90' lang='lat' dir='ltr'><strong>cnm</strong></span> <span class='ocrx_word' id='word_1_462' title='bbox 860 3437 890 3474; x_wconf 92' lang='lat' dir='ltr'><strong>se</strong></span> <span class='ocrx_word' id='word_1_463' title='bbox 897 3420 934 3475; x_wconf 89' lang='lat' dir='ltr'><strong>ad</strong></span> <span class='ocrx_word' id='word_1_464' title='bbox 974 3433 1018 3471; x_wconf 88' lang='lat' dir='ltr'><strong>ses</strong></span> <span class='ocrx_word' id='word_1_465' title='bbox 1033 3416 1061 3470; x_wconf 91' lang='lat' dir='ltr'><strong>in</strong></span> <span class='ocrx_word' id='word_1_466' title='bbox 1072 3415 1155 3483; x_wconf 92' lang='lat' dir='ltr'><strong>nube,</strong></span> <span class='ocrx_word' id='word_1_467' title='bbox 1174 3433 1240 3470; x_wconf 92' lang='lat' dir='ltr'><strong>cum</strong></span> <span class='ocrx_word' id='word_1_468' title='bbox 1267 3417 1324 3470; x_wconf 90' lang='lat' dir='ltr'><strong>Deo</strong></span> <span class='ocrx_word' id='word_1_469' title='bbox 1347 3415 1529 3487; x_wconf 89' lang='lat' dir='ltr'><strong>loquebatur;</strong></span> <span class='ocrx_word' id='word_1_470' title='bbox 1547 3415 1664 3486; x_wconf 87' lang='lat' dir='ltr'><strong>quando</strong></span> <span class='ocrx_word' id='word_1_471' title='bbox 1682 3420 1777 3470; x_wconf 85' lang='lat' dir='ltr'><strong>auteur</strong></span> 
     </span>
     <span class='ocr_line' id='line_1_37' title="bbox 131 3498 1778 3577; baseline 0.004 -26"><span class='ocrx_word' id='word_1_472' title='bbox 131 3498 291 3569; x_wconf 89' lang='lat' dir='ltr'><strong>sepulcrum</strong></span> <span class='ocrx_word' id='word_1_473' title='bbox 299 3500 636 3570; x_wconf 60' lang='lat' dir='ltr'><strong>Dominiinclinsssetset</strong></span> <span class='ocrx_word' id='word_1_474' title='bbox 649 3506 739 3573; x_wconf 87' lang='lat' dir='ltr'><strong>lieret,</strong></span> <span class='ocrx_word' id='word_1_475' title='bbox 749 3507 856 3563; x_wconf 86' lang='lat' dir='ltr'><strong>vocavit</strong></span> <span class='ocrx_word' id='word_1_476' title='bbox 869 3524 932 3563; x_wconf 89' lang='lat' dir='ltr'><strong>eam</strong></span> <span class='ocrx_word' id='word_1_477' title='bbox 974 3505 1066 3560; x_wconf 86' lang='lat' dir='ltr'><strong>exibat</strong></span> <span class='ocrx_word' id='word_1_478' title='bbox 1080 3506 1114 3560; x_wconf 93' lang='lat' dir='ltr'><strong>de</strong></span> <span class='ocrx_word' id='word_1_479' title='bbox 1126 3505 1210 3572; x_wconf 89' lang='lat' dir='ltr'><strong>nube,</strong></span> <span class='ocrx_word' id='word_1_480' title='bbox 1225 3522 1289 3559; x_wconf 91' lang='lat' dir='ltr'><strong>cum</strong></span> <span class='ocrx_word' id='word_1_481' title='bbox 1301 3505 1403 3577; x_wconf 90' lang='lat' dir='ltr'><strong>populo</strong></span> <span class='ocrx_word' id='word_1_482' title='bbox 1415 3523 1420 3558; x_wconf 96' lang='lat'><strong>:</strong></span> <span class='ocrx_word' id='word_1_483' title='bbox 1433 3504 1509 3560; x_wconf 90' lang='lat' dir='ltr'><strong>sicet</strong></span> <span class='ocrx_word' id='word_1_484' title='bbox 1518 3505 1778 3576; x_wconf 68' lang='lat' dir='ltr'><strong>monachusquan·</strong></span> 
     </span>
     <span class='ocr_line' id='line_1_38' title="bbox 131 3586 1773 3665; baseline 0.004 -24"><span class='ocrx_word' id='word_1_485' title='bbox 131 3586 268 3642; x_wconf 89' lang='lat' dir='ltr'><strong>Dominus</strong></span> <span class='ocrx_word' id='word_1_486' title='bbox 282 3606 288 3656; x_wconf 93' lang='lat'>;</span> <span class='ocrx_word' id='word_1_487' title='bbox 303 3588 344 3643; x_wconf 91' lang='lat' dir='ltr'><strong>sic</strong></span> <span class='ocrx_word' id='word_1_488' title='bbox 353 3589 407 3644; x_wconf 91' lang='lat' dir='ltr'><strong>erit</strong></span> <span class='ocrx_word' id='word_1_489' title='bbox 417 3596 445 3645; x_wconf 91' lang='lat' dir='ltr'><strong>et</strong></span> <span class='ocrx_word' id='word_1_490' title='bbox 461 3591 572 3646; x_wconf 80' lang='lat' dir='ltr'><strong>animm.</strong></span> <span class='ocrx_word' id='word_1_491' title='bbox 973 3594 1009 3649; x_wconf 92' lang='grc'><strong>10</strong></span> <span class='ocrx_word' id='word_1_492' title='bbox 1027 3594 1056 3649; x_wconf 91' lang='grc'><strong>10</strong></span> <span class='ocrx_word' id='word_1_493' title='bbox 1072 3594 1142 3650; x_wconf 89' lang='grc'><strong>00110</strong></span> <span class='ocrx_word' id='word_1_494' title='bbox 1162 3611 1213 3649; x_wconf 91' lang='grc'><strong>000</strong></span> <span class='ocrx_word' id='word_1_495' title='bbox 1236 3600 1289 3663; x_wconf 84' lang='grc'><strong>001,</strong></span> <span class='ocrx_word' id='word_1_496' title='bbox 1304 3611 1367 3649; x_wconf 92' lang='lat' dir='ltr'><strong>cum</strong></span> <span class='ocrx_word' id='word_1_497' title='bbox 1387 3594 1445 3648; x_wconf 89' lang='lat' dir='ltr'><strong>Deo</strong></span> <span class='ocrx_word' id='word_1_498' title='bbox 1462 3594 1609 3665; x_wconf 90' lang='lat' dir='ltr'><strong>loquitur;</strong></span> <span class='ocrx_word' id='word_1_499' title='bbox 1627 3593 1773 3664; x_wconf 76' lang='lat' dir='ltr'><strong>egrediens</strong></span> 
     </span>
     <span class='ocr_line' id='line_1_39' title="bbox 166 3673 1533 3758; baseline 0.003 -26"><span class='ocrx_word' id='word_1_500' title='bbox 166 3673 211 3732; x_wconf 75' lang='lat'><strong>28.</strong></span> <span class='ocrx_word' id='word_1_501' title='bbox 228 3677 416 3749; x_wconf 87' lang='lat' dir='ltr'><strong>Interrogavit</strong></span> <span class='ocrx_word' id='word_1_502' title='bbox 429 3678 517 3735; x_wconf 84' lang='lat' dir='ltr'><strong>irater</strong></span> <span class='ocrx_word' id='word_1_503' title='bbox 529 3681 668 3736; x_wconf 89' lang='lat' dir='ltr'><strong>seniorem</strong></span> <span class='ocrx_word' id='word_1_504' title='bbox 683 3701 689 3736; x_wconf 90' lang='lat'>:</span> <span class='ocrx_word' id='word_1_505' title='bbox 708 3684 782 3749; x_wconf 89' lang='lat' dir='ltr'><strong>Quid</strong></span> <span class='ocrx_word' id='word_1_506' title='bbox 793 3690 930 3758; x_wconf 90' lang='lat' dir='ltr'><strong>suntpec-</strong></span> <span class='ocrx_word' id='word_1_507' title='bbox 972 3689 1066 3739; x_wconf 87' lang='lat' dir='ltr'><strong>autem</strong></span> <span class='ocrx_word' id='word_1_508' title='bbox 1076 3683 1111 3738; x_wconf 91' lang='lat' dir='ltr'><strong>dc</strong></span> <span class='ocrx_word' id='word_1_509' title='bbox 1122 3684 1202 3750; x_wconf 90' lang='lat' dir='ltr'><strong>cella,</strong></span> <span class='ocrx_word' id='word_1_510' title='bbox 1217 3700 1280 3739; x_wconf 91' lang='lat' dir='ltr'><strong>cum</strong></span> <span class='ocrx_word' id='word_1_511' title='bbox 1293 3681 1467 3738; x_wconf 80' lang='lat' dir='ltr'><strong>damonibus</strong></span> <span class='ocrx_word' id='word_1_512' title='bbox 1481 3688 1533 3738; x_wconf 91' lang='lat' dir='ltr'><strong>est.</strong></span> 
     </span>
     <span class='ocr_line' id='line_1_40' title="bbox 131 3763 1774 3842; baseline 0.005 -24"><span class='ocrx_word' id='word_1_513' title='bbox 131 3763 300 3818; x_wconf 71' lang='lat' dir='ltr'><strong>cata‘IDicit</strong></span> <span class='ocrx_word' id='word_1_514' title='bbox 309 3766 334 3819; x_wconf 92' lang='lat' dir='ltr'><strong>ei</strong></span> <span class='ocrx_word' id='word_1_515' title='bbox 345 3782 445 3821; x_wconf 90' lang='lat' dir='ltr'><strong>senex:</strong></span> <span class='ocrx_word' id='word_1_516' title='bbox 467 3769 584 3824; x_wconf 85' lang='lat' dir='ltr'><strong>Peccata</strong></span> <span class='ocrx_word' id='word_1_517' title='bbox 597 3774 664 3824; x_wconf 89' lang='lat' dir='ltr'><strong>sunt</strong></span> <span class='ocrx_word' id='word_1_518' title='bbox 680 3788 743 3826; x_wconf 91' lang='lat' dir='ltr'><strong>cum</strong></span> <span class='ocrx_word' id='word_1_519' title='bbox 769 3774 852 3828; x_wconf 88' lang='lat' dir='ltr'><strong>immo</strong></span> <span class='ocrx_word' id='word_1_520' title='bbox 880 3792 932 3831; x_wconf 88' lang='lat' dir='ltr'><strong>sua</strong></span> <span class='ocrx_word' id='word_1_521' title='bbox 1007 3769 1052 3830; x_wconf 81' lang='grc'><strong>31.</strong></span> <span class='ocrx_word' id='word_1_522' title='bbox 1077 3772 1161 3827; x_wconf 90' lang='lat' dir='ltr'><strong>Venit</strong></span> <span class='ocrx_word' id='word_1_523' title='bbox 1185 3771 1299 3842; x_wconf 91' lang='lat' dir='ltr'><strong>quidam</strong></span> <span class='ocrx_word' id='word_1_524' title='bbox 1326 3772 1489 3827; x_wconf 88' lang='lat' dir='ltr'><strong>adolescens</strong></span> <span class='ocrx_word' id='word_1_525' title='bbox 1510 3771 1548 3826; x_wconf 89' lang='lat' dir='ltr'><strong>ad</strong></span> <span class='ocrx_word' id='word_1_526' title='bbox 1569 3769 1704 3826; x_wconf 88' lang='lat' dir='ltr'><strong>abbatem</strong></span> <span class='ocrx_word' id='word_1_527' title='bbox 1718 3770 1774 3826; x_wconf 74' lang='grc'><strong>10-</strong></span> 
     </span>
     <span class='ocr_line' id='line_1_41' title="bbox 132 3851 1776 3928; baseline 0.005 -22"><span class='ocrx_word' id='word_1_528' title='bbox 132 3851 235 3906; x_wconf 86' lang='lat' dir='ltr'><strong>delicta</strong></span> <span class='ocrx_word' id='word_1_529' title='bbox 248 3852 324 3907; x_wconf 90' lang='lat' dir='ltr'><strong>velut</strong></span> <span class='ocrx_word' id='word_1_530' title='bbox 338 3854 408 3908; x_wconf 89' lang='lat' dir='ltr'><strong>nihil</strong></span> <span class='ocrx_word' id='word_1_531' title='bbox 426 3855 591 3927; x_wconf 89' lang='lat' dir='ltr'><strong>despiciens,</strong></span> <span class='ocrx_word' id='word_1_532' title='bbox 605 3858 675 3913; x_wconf 91' lang='lat' dir='ltr'><strong>alios</strong></span> <span class='ocrx_word' id='word_1_533' title='bbox 688 3860 787 3917; x_wconf 89' lang='lat' dir='ltr'><strong>docere</strong></span> <span class='ocrx_word' id='word_1_534' title='bbox 802 3869 929 3920; x_wconf 87' lang='lat' dir='ltr'><strong>conatur.</strong></span> <span class='ocrx_word' id='word_1_535' title='bbox 972 3861 1090 3928; x_wconf 87' lang='lat' dir='ltr'><strong>carium,</strong></span> <span class='ocrx_word' id='word_1_536' title='bbox 1102 3867 1134 3916; x_wconf 94' lang='lat' dir='ltr'><strong>ut</strong></span> <span class='ocrx_word' id='word_1_537' title='bbox 1145 3867 1294 3916; x_wconf 89' lang='lat' dir='ltr'><strong>sanaretur</strong></span> <span class='ocrx_word' id='word_1_538' title='bbox 1307 3878 1325 3915; x_wconf 89' lang='lat' dir='ltr'><strong>a</strong></span> <span class='ocrx_word' id='word_1_539' title='bbox 1339 3860 1485 3916; x_wconf 76' lang='lat' dir='ltr'><strong>demonio.</strong></span> <span class='ocrx_word' id='word_1_540' title='bbox 1502 3861 1537 3915; x_wconf 84' lang='lat' dir='ltr'><strong>Et</strong></span> <span class='ocrx_word' id='word_1_541' title='bbox 1552 3861 1623 3916; x_wconf 87' lang='lat' dir='ltr'><strong>dum</strong></span> <span class='ocrx_word' id='word_1_542' title='bbox 1630 3860 1776 3916; x_wconf 87' lang='lat' dir='ltr'><strong>essettoris</strong></span> 
     </span>
     <span class='ocr_line' id='line_1_42' title="bbox 131 3940 1774 4024; baseline 0.005 -27"><span class='ocrx_word' id='word_1_543' title='bbox 131 3940 285 4012; x_wconf 88' lang='lat' dir='ltr'><strong>Propterea</strong></span> <span class='ocrx_word' id='word_1_544' title='bbox 299 3941 367 3996; x_wconf 91' lang='lat' dir='ltr'><strong>dicit</strong></span> <span class='ocrx_word' id='word_1_545' title='bbox 377 3943 532 4002; x_wconf 89' lang='lat' dir='ltr'><strong>Dominus:</strong></span> <span class='ocrx_word' id='word_1_546' title='bbox 546 3947 708 4019; x_wconf 87' lang='lat' dir='ltr'><strong>Hypocrita,</strong></span> <span class='ocrx_word' id='word_1_547' title='bbox 725 3951 794 4021; x_wconf 88' lang='lat' dir='ltr'><strong>ejice</strong></span> <span class='ocrx_word' id='word_1_548' title='bbox 809 3952 931 4024; x_wconf 92' lang='lat' dir='ltr'><strong>primum</strong></span> <span class='ocrx_word' id='word_1_549' title='bbox 972 3956 1060 4014; x_wconf 84' lang='lat' dir='ltr'><strong>stans,</strong></span> <span class='ocrx_word' id='word_1_550' title='bbox 1072 3967 1135 4006; x_wconf 90' lang='lat' dir='ltr'><strong>ecce</strong></span> <span class='ocrx_word' id='word_1_551' title='bbox 1149 3950 1381 4020; x_wconf 90' lang='lat' dir='ltr'><strong>advenitquidam</strong></span> <span class='ocrx_word' id='word_1_552' title='bbox 1388 3949 1476 4004; x_wconf 86' lang='lat' dir='ltr'><strong>trater</strong></span> <span class='ocrx_word' id='word_1_553' title='bbox 1483 3949 1517 4005; x_wconf 94' lang='lat' dir='ltr'><strong>de</strong></span> <span class='ocrx_word' id='word_1_554' title='bbox 1525 3949 1581 4004; x_wconf 89' lang='lat' dir='ltr'><strong>alio</strong></span> <span class='ocrx_word' id='word_1_555' title='bbox 1591 3949 1774 4015; x_wconf 84' lang='lat' dir='ltr'><strong>monasterio,</strong></span> 
     </span>
     <span class='ocr_line' id='line_1_43' title="bbox 130 4027 1777 4110; baseline 0.007 -27"><span class='ocrx_word' id='word_1_556' title='bbox 130 4027 240 4084; x_wconf 89' lang='lat' dir='ltr'><strong>trabem</strong></span> <span class='ocrx_word' id='word_1_557' title='bbox 255 4031 932 4110; x_wconf 68' lang='grc' dir='ltr'><strong>1000010100,011000010δί00110000100100001</strong></span> <span class='ocrx_word' id='word_1_558' title='bbox 972 4039 1343 4110; x_wconf 89' lang='lat' dir='ltr'><strong>eteoncubuitinpeccutum</strong></span> <span class='ocrx_word' id='word_1_559' title='bbox 1353 4055 1418 4094; x_wconf 92' lang='lat' dir='ltr'><strong>cum</strong></span> <span class='ocrx_word' id='word_1_560' title='bbox 1425 4039 1777 4110; x_wconf 85' lang='lat' dir='ltr'><strong>adolescenteillo.Egres·</strong></span> 
     </span>
     <span class='ocr_line' id='line_1_44' title="bbox 130 4118 1775 4200; baseline 0.005 -27"><span class='ocrx_word' id='word_1_561' title='bbox 130 4118 165 4173; x_wconf 91' lang='lat' dir='ltr'><strong>de</strong></span> <span class='ocrx_word' id='word_1_562' title='bbox 176 4120 255 4174; x_wconf 91' lang='grc'><strong>00010</strong></span> <span class='ocrx_word' id='word_1_563' title='bbox 267 4119 363 4175; x_wconf 81' lang='lat' dir='ltr'><strong>fratris</strong></span> <span class='ocrx_word' id='word_1_564' title='bbox 372 4121 414 4176; x_wconf 95' lang='lat' dir='ltr'><strong>tui</strong></span> <span class='ocrx_word' id='word_1_565' title='bbox 427 4124 533 4190; x_wconf 78' lang='lat' dir='ltr'><strong>(Mettis.</strong></span> <span class='ocrx_word' id='word_1_566' title='bbox 549 4125 608 4197; x_wconf 79' lang='lat' dir='ltr'><strong>vn).</strong></span> <span class='ocrx_word' id='word_1_567' title='bbox 973 4146 1020 4184; x_wconf 91' lang='lat' dir='ltr'><strong>sus</strong></span> <span class='ocrx_word' id='word_1_568' title='bbox 1034 4135 1129 4185; x_wconf 89' lang='lat' dir='ltr'><strong>autem</strong></span> <span class='ocrx_word' id='word_1_569' title='bbox 1152 4143 1238 4184; x_wconf 85' lang='lat' dir='ltr'><strong>senex</strong></span> <span class='ocrx_word' id='word_1_570' title='bbox 1252 4128 1347 4183; x_wconf 88' lang='lat' dir='ltr'><strong>cernit</strong></span> <span class='ocrx_word' id='word_1_571' title='bbox 1361 4127 1478 4182; x_wconf 80' lang='lat' dir='ltr'><strong>fratrem</strong></span> <span class='ocrx_word' id='word_1_572' title='bbox 1505 4128 1588 4182; x_wconf 90' lang='lat' dir='ltr'><strong>illum</strong></span> <span class='ocrx_word' id='word_1_573' title='bbox 1613 4132 1775 4200; x_wconf 77' lang='lat' dir='ltr'><strong>peccantem</strong></span> 
     </span>
     <span class='ocr_line' id='line_1_45' title="bbox 166 4207 1777 4292; baseline 0.004 -26"><span class='ocrx_word' id='word_1_574' title='bbox 166 4207 209 4266; x_wconf 77' lang='lat'><strong>29.</strong></span> <span class='ocrx_word' id='word_1_575' title='bbox 241 4210 428 4282; x_wconf 83' lang='lat' dir='ltr'><strong>Interrogavit</strong></span> <span class='ocrx_word' id='word_1_576' title='bbox 456 4212 543 4270; x_wconf 82' lang='lat' dir='ltr'><strong>frater</strong></span> <span class='ocrx_word' id='word_1_577' title='bbox 557 4215 697 4273; x_wconf 70' lang='lat' dir='ltr'><strong>maiorem</strong></span> <span class='ocrx_word' id='word_1_578' title='bbox 713 4237 719 4272; x_wconf 78' lang='grc' dir='ltr'><strong>ε</strong></span> <span class='ocrx_word' id='word_1_579' title='bbox 738 4218 809 4284; x_wconf 90' lang='lat' dir='ltr'><strong>Quid</strong></span> <span class='ocrx_word' id='word_1_580' title='bbox 835 4237 928 4292; x_wconf 74' lang='grc'><strong>00010,</strong></span> <span class='ocrx_word' id='word_1_581' title='bbox 972 4235 1035 4274; x_wconf 92' lang='lat' dir='ltr'><strong>cum</strong></span> <span class='ocrx_word' id='word_1_582' title='bbox 1050 4218 1166 4290; x_wconf 88' lang='lat' dir='ltr'><strong>parvulo</strong></span> <span class='ocrx_word' id='word_1_583' title='bbox 1180 4218 1238 4282; x_wconf 89' lang='lat' dir='ltr'><strong>illo,</strong></span> <span class='ocrx_word' id='word_1_584' title='bbox 1250 4221 1279 4272; x_wconf 93' lang='lat' dir='ltr'><strong>et</strong></span> <span class='ocrx_word' id='word_1_585' title='bbox 1294 4233 1350 4272; x_wconf 90' lang='lat' dir='ltr'><strong>non</strong></span> <span class='ocrx_word' id='word_1_586' title='bbox 1361 4233 1426 4272; x_wconf 90' lang='lat' dir='ltr'><strong>eum</strong></span> <span class='ocrx_word' id='word_1_587' title='bbox 1437 4216 1602 4288; x_wconf 87' lang='lat' dir='ltr'><strong>increpavit,</strong></span> <span class='ocrx_word' id='word_1_588' title='bbox 1618 4217 1731 4272; x_wconf 91' lang='lat' dir='ltr'><strong>dicens:</strong></span> <span class='ocrx_word' id='word_1_589' title='bbox 1748 4216 1777 4272; x_wconf 88' lang='lat' dir='ltr'><strong>Si</strong></span> 
     </span>
     <span class='ocr_line' id='line_1_46' title="bbox 129 4298 1776 4378; baseline 0.004 -25"><span class='ocrx_word' id='word_1_590' title='bbox 129 4298 203 4370; x_wconf 91' lang='grc'><strong>0001</strong></span> <span class='ocrx_word' id='word_1_591' title='bbox 217 4299 328 4355; x_wconf 86' lang='lat' dir='ltr'><strong>animus</strong></span> <span class='ocrx_word' id='word_1_592' title='bbox 340 4316 420 4356; x_wconf 90' lang='lat' dir='ltr'><strong>meus</strong></span> <span class='ocrx_word' id='word_1_593' title='bbox 442 4301 472 4359; x_wconf 92' lang='lat' dir='ltr'><strong>in</strong></span> <span class='ocrx_word' id='word_1_594' title='bbox 500 4320 585 4375; x_wconf 84' lang='lat' dir='ltr'><strong>parvo</strong></span> <span class='ocrx_word' id='word_1_595' title='bbox 598 4304 695 4361; x_wconf 87' lang='lat' dir='ltr'><strong>labore</strong></span> <span class='ocrx_word' id='word_1_596' title='bbox 711 4324 756 4363; x_wconf 81' lang='lat' dir='ltr'><strong>nse</strong></span> <span class='ocrx_word' id='word_1_597' title='bbox 775 4310 930 4365; x_wconf 79' lang='lat' dir='ltr'><strong>vulnerat?</strong></span> <span class='ocrx_word' id='word_1_598' title='bbox 971 4307 1055 4374; x_wconf 90' lang='lat' dir='ltr'><strong>Deus,</strong></span> <span class='ocrx_word' id='word_1_599' title='bbox 1073 4306 1120 4378; x_wconf 92' lang='lat' dir='ltr'><strong>qui</strong></span> <span class='ocrx_word' id='word_1_600' title='bbox 1137 4306 1286 4378; x_wconf 86' lang='lat' dir='ltr'><strong>plasmavit</strong></span> <span class='ocrx_word' id='word_1_601' title='bbox 1301 4322 1359 4373; x_wconf 89' lang='lat' dir='ltr'><strong>eos,</strong></span> <span class='ocrx_word' id='word_1_602' title='bbox 1372 4305 1479 4373; x_wconf 90' lang='lat' dir='ltr'><strong>videns,</strong></span> <span class='ocrx_word' id='word_1_603' title='bbox 1490 4304 1660 4377; x_wconf 85' lang='lat' dir='ltr'><strong>patientiam</strong></span> <span class='ocrx_word' id='word_1_604' title='bbox 1673 4305 1704 4359; x_wconf 90' lang='lat' dir='ltr'><strong>in</strong></span> <span class='ocrx_word' id='word_1_605' title='bbox 1722 4304 1776 4359; x_wconf 88' lang='lat' dir='ltr'><strong>illis</strong></span> 
     </span>
     <span class='ocr_line' id='line_1_47' title="bbox 128 4380 1773 4471; baseline 0.005 -30"><span class='ocrx_word' id='word_1_606' title='bbox 128 4387 202 4443; x_wconf 87' lang='lat' dir='ltr'><strong>Dicit</strong></span> <span class='ocrx_word' id='word_1_607' title='bbox 211 4388 237 4442; x_wconf 92' lang='lat' dir='ltr'><strong>ei</strong></span> <span class='ocrx_word' id='word_1_608' title='bbox 248 4406 332 4444; x_wconf 85' lang='lat' dir='ltr'><strong>senex</strong></span> <span class='ocrx_word' id='word_1_609' title='bbox 342 4391 419 4446; x_wconf 83' lang='lat' dir='ltr'><strong>:Nou</strong></span> <span class='ocrx_word' id='word_1_610' title='bbox 431 4380 568 4448; x_wconf 78' lang='lat' dir='ltr'><strong>miramur</strong></span> <span class='ocrx_word' id='word_1_611' title='bbox 577 4395 690 4467; x_wconf 80' lang='lat' dir='ltr'><strong>Ioseph,</strong></span> <span class='ocrx_word' id='word_1_612' title='bbox 702 4413 766 4451; x_wconf 91' lang='lat' dir='ltr'><strong>cum</strong></span> <span class='ocrx_word' id='word_1_613' title='bbox 775 4406 849 4453; x_wconf 88' lang='lat' dir='ltr'><strong>esset</strong></span> <span class='ocrx_word' id='word_1_614' title='bbox 861 4416 931 4471; x_wconf 88' lang='lat' dir='ltr'><strong>puer</strong></span> <span class='ocrx_word' id='word_1_615' title='bbox 943 4394 1080 4463; x_wconf 85' lang='lat' dir='ltr'><strong>Ilbabuit,</strong></span> <span class='ocrx_word' id='word_1_616' title='bbox 1097 4396 1146 4467; x_wconf 93' lang='lat' dir='ltr'><strong>qui</strong></span> <span class='ocrx_word' id='word_1_617' title='bbox 1160 4395 1185 4449; x_wconf 93' lang='lat' dir='ltr'><strong>si</strong></span> <span class='ocrx_word' id='word_1_618' title='bbox 1198 4394 1289 4461; x_wconf 92' lang='lat' dir='ltr'><strong>vellet,</strong></span> <span class='ocrx_word' id='word_1_619' title='bbox 1307 4393 1471 4449; x_wconf 88' lang='lat' dir='ltr'><strong>incenderet</strong></span> <span class='ocrx_word' id='word_1_620' title='bbox 1479 4410 1537 4461; x_wconf 89' lang='lat' dir='ltr'><strong>cos,</strong></span> <span class='ocrx_word' id='word_1_621' title='bbox 1550 4410 1603 4464; x_wconf 92' lang='lat' dir='ltr'><strong>ego</strong></span> <span class='ocrx_word' id='word_1_622' title='bbox 1622 4394 1687 4464; x_wconf 88' lang='lat' dir='ltr'><strong>quis</strong></span> <span class='ocrx_word' id='word_1_623' title='bbox 1701 4409 1773 4460; x_wconf 84' lang='lat' dir='ltr'><strong>suni,</strong></span> 
     </span>
     <span class='ocr_line' id='line_1_48' title="bbox 128 4475 1260 4559; baseline 0.006 -28"><span class='ocrx_word' id='word_1_624' title='bbox 128 4475 158 4531; x_wconf 94' lang='lat' dir='ltr'><strong>in</strong></span> <span class='ocrx_word' id='word_1_625' title='bbox 185 4478 315 4550; x_wconf 83' lang='lat' dir='ltr'><strong>AEgypto,</strong></span> <span class='ocrx_word' id='word_1_626' title='bbox 330 4478 359 4533; x_wconf 93' lang='lat' dir='ltr'><strong>in</strong></span> <span class='ocrx_word' id='word_1_627' title='bbox 377 4483 453 4534; x_wconf 84' lang='lat' dir='ltr'><strong>tersa</strong></span> <span class='ocrx_word' id='word_1_628' title='bbox 467 4482 619 4537; x_wconf 90' lang='lat' dir='ltr'><strong>colentium</strong></span> <span class='ocrx_word' id='word_1_629' title='bbox 632 4484 708 4539; x_wconf 91' lang='lat' dir='ltr'><strong>idola</strong></span> <span class='ocrx_word' id='word_1_630' title='bbox 724 4505 729 4540; x_wconf 94' lang='lat'><strong>:</strong></span> <span class='ocrx_word' id='word_1_631' title='bbox 749 4489 924 4559; x_wconf 82' lang='lat' dir='ltr'><strong>quemadmo</strong></span> <span class='ocrx_word' id='word_1_632' title='bbox 971 4485 1018 4557; x_wconf 93' lang='lat' dir='ltr'><strong>qui</strong></span> <span class='ocrx_word' id='word_1_633' title='bbox 1029 4501 1147 4556; x_wconf 88' lang='lat' dir='ltr'><strong>arguam</strong></span> <span class='ocrx_word' id='word_1_634' title='bbox 1164 4500 1212 4540; x_wconf 88' lang='lat' dir='ltr'><strong>eos</strong></span> <span class='ocrx_word' id='word_1_635' title='bbox 1227 4484 1260 4538; x_wconf 74' lang='lat'><strong>¹?</strong></span> 
     </span>
     <span class='ocr_line' id='line_1_49' title="bbox 130 4566 1774 4646; baseline 0.004 -26"><span class='ocrx_word' id='word_1_636' title='bbox 130 4566 196 4621; x_wconf 91' lang='lat' dir='ltr'><strong>dum</strong></span> <span class='ocrx_word' id='word_1_637' title='bbox 202 4567 374 4624; x_wconf 87' lang='lat' dir='ltr'><strong>tentationes</strong></span> <span class='ocrx_word' id='word_1_638' title='bbox 380 4567 499 4625; x_wconf 83' lang='lat' dir='ltr'><strong>viriliter</strong></span> <span class='ocrx_word' id='word_1_639' title='bbox 508 4572 633 4642; x_wconf 89' lang='lat' dir='ltr'><strong>pertulit,</strong></span> <span class='ocrx_word' id='word_1_640' title='bbox 644 4578 673 4627; x_wconf 89' lang='lat' dir='ltr'><strong>et</strong></span> <span class='ocrx_word' id='word_1_641' title='bbox 683 4574 929 4646; x_wconf 85' lang='lat' dir='ltr'><strong>Deusglorificavit</strong></span> <span class='ocrx_word' id='word_1_642' title='bbox 1006 4574 1049 4629; x_wconf 87' lang='grc'><strong>35.</strong></span> <span class='ocrx_word' id='word_1_643' title='bbox 1062 4573 1198 4629; x_wconf 87' lang='lat' dir='ltr'><strong>Dicebant</strong></span> <span class='ocrx_word' id='word_1_644' title='bbox 1207 4572 1344 4644; x_wconf 90' lang='lat' dir='ltr'><strong>doaliquo</strong></span> <span class='ocrx_word' id='word_1_645' title='bbox 1355 4587 1432 4638; x_wconf 90' lang='lat' dir='ltr'><strong>sene,</strong></span> <span class='ocrx_word' id='word_1_646' title='bbox 1444 4570 1704 4642; x_wconf 88' lang='lat' dir='ltr'><strong>quiaininl&#39;eriores</strong></span> <span class='ocrx_word' id='word_1_647' title='bbox 1714 4585 1774 4642; x_wconf 83' lang='lat' dir='ltr'><strong>par-</strong></span> 
     </span>
     <span class='ocr_line' id='line_1_50' title="bbox 128 4657 1773 4736; baseline 0.002 -26"><span class='ocrx_word' id='word_1_648' title='bbox 128 4671 194 4711; x_wconf 89' lang='lat' dir='ltr'><strong>cum</strong></span> <span class='ocrx_word' id='word_1_649' title='bbox 208 4657 341 4729; x_wconf 87' lang='lat' dir='ltr'><strong>usquein</strong></span> <span class='ocrx_word' id='word_1_650' title='bbox 361 4658 456 4716; x_wconf 86' lang='lat' dir='ltr'><strong>linem.</strong></span> <span class='ocrx_word' id='word_1_651' title='bbox 479 4659 630 4716; x_wconf 90' lang='lat' dir='ltr'><strong>Videamus</strong></span> <span class='ocrx_word' id='word_1_652' title='bbox 661 4667 690 4716; x_wconf 93' lang='lat' dir='ltr'><strong>ct</strong></span> <span class='ocrx_word' id='word_1_653' title='bbox 718 4662 772 4718; x_wconf 89' lang='lat' dir='ltr'><strong>Job</strong></span> <span class='ocrx_word' id='word_1_654' title='bbox 797 4666 871 4736; x_wconf 91' lang='lat' dir='ltr'><strong>quod</strong></span> <span class='ocrx_word' id='word_1_655' title='bbox 898 4683 928 4722; x_wconf 83' lang='lat' dir='ltr'><strong>se</strong></span> <span class='ocrx_word' id='word_1_656' title='bbox 969 4663 1135 4735; x_wconf 80' lang='lat' dir='ltr'><strong>tesAEgypti</strong></span> <span class='ocrx_word' id='word_1_657' title='bbox 1147 4661 1262 4717; x_wconf 88' lang='lat' dir='ltr'><strong>sedebat</strong></span> <span class='ocrx_word' id='word_1_658' title='bbox 1274 4660 1396 4732; x_wconf 90' lang='lat' dir='ltr'><strong>quietus,</strong></span> <span class='ocrx_word' id='word_1_659' title='bbox 1413 4665 1442 4714; x_wconf 93' lang='lat' dir='ltr'><strong>et</strong></span> <span class='ocrx_word' id='word_1_660' title='bbox 1455 4676 1528 4714; x_wconf 90' lang='lat' dir='ltr'><strong>unus</strong></span> <span class='ocrx_word' id='word_1_661' title='bbox 1543 4660 1689 4715; x_wconf 75' lang='lat' dir='ltr'><strong>secularis</strong></span> <span class='ocrx_word' id='word_1_662' title='bbox 1704 4659 1773 4715; x_wconf 86' lang='lat' dir='ltr'><strong>lide·</strong></span> 
     </span>
     <span class='ocr_line' id='line_1_51' title="bbox 128 4746 1773 4821; baseline 0.004 -23"><span class='ocrx_word' id='word_1_663' title='bbox 128 4746 257 4817; x_wconf 85' lang='lat' dir='ltr'><strong>usquein</strong></span> <span class='ocrx_word' id='word_1_664' title='bbox 272 4747 357 4801; x_wconf 85' lang='lat' dir='ltr'><strong>finem</strong></span> <span class='ocrx_word' id='word_1_665' title='bbox 369 4764 426 4803; x_wconf 92' lang='lat' dir='ltr'><strong>non</strong></span> <span class='ocrx_word' id='word_1_666' title='bbox 440 4749 608 4804; x_wconf 87' lang='lat' dir='ltr'><strong>relaxaverit</strong></span> <span class='ocrx_word' id='word_1_667' title='bbox 621 4749 725 4806; x_wconf 89' lang='lat' dir='ltr'><strong>timens</strong></span> <span class='ocrx_word' id='word_1_668' title='bbox 739 4753 838 4821; x_wconf 88' lang='lat' dir='ltr'><strong>Deum,</strong></span> <span class='ocrx_word' id='word_1_669' title='bbox 854 4755 929 4810; x_wconf 87' lang='lat' dir='ltr'><strong>undo</strong></span> <span class='ocrx_word' id='word_1_670' title='bbox 969 4752 1004 4807; x_wconf 92' lang='grc'><strong>110</strong></span> <span class='ocrx_word' id='word_1_671' title='bbox 1017 4750 1195 4807; x_wconf 89' lang='lat' dir='ltr'><strong>ministrabat</strong></span> <span class='ocrx_word' id='word_1_672' title='bbox 1204 4750 1240 4805; x_wconf 85' lang='lat' dir='ltr'><strong>ei.</strong></span> <span class='ocrx_word' id='word_1_673' title='bbox 1251 4749 1480 4820; x_wconf 83' lang='lat' dir='ltr'><strong>Contigitautem</strong></span> <span class='ocrx_word' id='word_1_674' title='bbox 1494 4752 1527 4802; x_wconf 92' lang='lat' dir='ltr'><strong>ut</strong></span> <span class='ocrx_word' id='word_1_675' title='bbox 1543 4748 1621 4804; x_wconf 87' lang='grc'><strong>11100</strong></span> <span class='ocrx_word' id='word_1_676' title='bbox 1633 4749 1711 4804; x_wconf 88' lang='lat' dir='ltr'><strong>illius</strong></span> <span class='ocrx_word' id='word_1_677' title='bbox 1723 4765 1773 4804; x_wconf 79' lang='lat' dir='ltr'><strong>se·</strong></span> 
     </span>
     <span class='ocr_line' id='line_1_52' title="bbox 130 4835 1775 4911; baseline 0.003 -25"><span class='ocrx_word' id='word_1_678' title='bbox 130 4848 195 4888; x_wconf 90' lang='lat' dir='ltr'><strong>eum</strong></span> <span class='ocrx_word' id='word_1_679' title='bbox 208 4835 303 4890; x_wconf 90' lang='lat' dir='ltr'><strong>nullus</strong></span> <span class='ocrx_word' id='word_1_680' title='bbox 320 4853 338 4890; x_wconf 92' lang='lat' dir='ltr'><strong>a</strong></span> <span class='ocrx_word' id='word_1_681' title='bbox 356 4853 405 4909; x_wconf 90' lang='lat' dir='ltr'><strong>spe</strong></span> <span class='ocrx_word' id='word_1_682' title='bbox 421 4837 472 4892; x_wconf 92' lang='lat' dir='ltr'><strong>Dei</strong></span> <span class='ocrx_word' id='word_1_683' title='bbox 491 4854 603 4893; x_wconf 90' lang='lat' dir='ltr'><strong>movere</strong></span> <span class='ocrx_word' id='word_1_684' title='bbox 618 4840 772 4911; x_wconf 74' lang='lat' dir='ltr'><strong>prevaluit.</strong></span> <span class='ocrx_word' id='word_1_685' title='bbox 970 4840 1071 4896; x_wconf 91' lang='lat' dir='ltr'><strong>cularis</strong></span> <span class='ocrx_word' id='word_1_686' title='bbox 1086 4838 1347 4910; x_wconf 74' lang='lat' dir='ltr'><strong>infirmaretumqui</strong></span> <span class='ocrx_word' id='word_1_687' title='bbox 1358 4837 1480 4892; x_wconf 89' lang='lat' dir='ltr'><strong>multum</strong></span> <span class='ocrx_word' id='word_1_688' title='bbox 1492 4836 1728 4908; x_wconf 87' lang='lat' dir='ltr'><strong>rogabatsenem,</strong></span> <span class='ocrx_word' id='word_1_689' title='bbox 1744 4839 1775 4892; x_wconf 87' lang='lat' dir='ltr'><strong>ut</strong></span> 
     </span>
     <span class='ocr_line' id='line_1_53' title="bbox 164 4919 1774 5001; baseline 0.002 -23"><span class='ocrx_word' id='word_1_690' title='bbox 164 4919 418 4995; x_wconf 65' lang='grc'><strong>1000000000</strong></span> <span class='ocrx_word' id='word_1_691' title='bbox 437 4930 481 4981; x_wconf 91' lang='lat' dir='ltr'><strong>est</strong></span> <span class='ocrx_word' id='word_1_692' title='bbox 494 4927 588 4983; x_wconf 91' lang='lat' dir='ltr'><strong>senior</strong></span> <span class='ocrx_word' id='word_1_693' title='bbox 601 4945 619 4982; x_wconf 89' lang='lat' dir='ltr'><strong>a</strong></span> <span class='ocrx_word' id='word_1_694' title='bbox 633 4930 754 5001; x_wconf 90' lang='lat' dir='ltr'><strong>quodam</strong></span> <span class='ocrx_word' id='word_1_695' title='bbox 769 4930 907 4987; x_wconf 84' lang='lat' dir='ltr'><strong>militante</strong></span> <span class='ocrx_word' id='word_1_696' title='bbox 921 4951 927 4987; x_wconf 92' lang='lat'>:</span> <span class='ocrx_word' id='word_1_697' title='bbox 970 4930 1085 4989; x_wconf 89' lang='lat' dir='ltr'><strong>veniens</strong></span> <span class='ocrx_word' id='word_1_698' title='bbox 1106 4934 1200 4984; x_wconf 88' lang='lat' dir='ltr'><strong>omret</strong></span> <span class='ocrx_word' id='word_1_699' title='bbox 1213 4945 1264 5001; x_wconf 93' lang='lat' dir='ltr'><strong>pro</strong></span> <span class='ocrx_word' id='word_1_700' title='bbox 1289 4943 1387 4999; x_wconf 89' lang='lat' dir='ltr'><strong>puero.</strong></span> <span class='ocrx_word' id='word_1_701' title='bbox 1414 4926 1539 4997; x_wconf 88' lang='lat' dir='ltr'><strong>Surgens</strong></span> <span class='ocrx_word' id='word_1_702' title='bbox 1558 4943 1674 5000; x_wconf 88' lang='lat' dir='ltr'><strong>quoque</strong></span> <span class='ocrx_word' id='word_1_703' title='bbox 1692 4942 1774 4982; x_wconf 89' lang='lat' dir='ltr'><strong>senex</strong></span> 
     </span>
     <span class='ocr_line' id='line_1_54' title="bbox 130 5008 1774 5093; baseline 0.003 -28"><span class='ocrx_word' id='word_1_704' title='bbox 130 5008 159 5065; x_wconf 84' lang='lat' dir='ltr'><strong>Si</strong></span> <span class='ocrx_word' id='word_1_705' title='bbox 173 5010 248 5065; x_wconf 89' lang='lat' dir='ltr'><strong>Deus</strong></span> <span class='ocrx_word' id='word_1_706' title='bbox 259 5013 358 5084; x_wconf 90' lang='lat' dir='ltr'><strong>recipit</strong></span> <span class='ocrx_word' id='word_1_707' title='bbox 370 5016 554 5085; x_wconf 78' lang='lat' dir='ltr'><strong>poenitentem</strong></span> <span class='ocrx_word' id='word_1_708' title='bbox 583 5017 636 5082; x_wconf 90' lang='lat' dir='ltr'><strong>Qui</strong></span> <span class='ocrx_word' id='word_1_709' title='bbox 650 5035 714 5073; x_wconf 91' lang='lat' dir='ltr'><strong>cum</strong></span> <span class='ocrx_word' id='word_1_710' title='bbox 725 5036 789 5074; x_wconf 91' lang='lat' dir='ltr'><strong>eum</strong></span> <span class='ocrx_word' id='word_1_711' title='bbox 802 5020 931 5093; x_wconf 92' lang='lat' dir='ltr'><strong>pluribus</strong></span> <span class='ocrx_word' id='word_1_712' title='bbox 971 5018 1040 5075; x_wconf 93' lang='lat' dir='ltr'><strong>abiit</strong></span> <span class='ocrx_word' id='word_1_713' title='bbox 1050 5035 1113 5074; x_wconf 93' lang='lat' dir='ltr'><strong>cum</strong></span> <span class='ocrx_word' id='word_1_714' title='bbox 1128 5019 1198 5091; x_wconf 90' lang='lat' dir='ltr'><strong>ipso.</strong></span> <span class='ocrx_word' id='word_1_715' title='bbox 1222 5018 1398 5072; x_wconf 79' lang='lat' dir='ltr'><strong>Praecurrens</strong></span> <span class='ocrx_word' id='word_1_716' title='bbox 1419 5020 1516 5069; x_wconf 82' lang='lat' dir='ltr'><strong>autem</strong></span> <span class='ocrx_word' id='word_1_717' title='bbox 1529 5014 1588 5082; x_wconf 87' lang='lat' dir='ltr'><strong>ille,</strong></span> <span class='ocrx_word' id='word_1_718' title='bbox 1601 5032 1720 5072; x_wconf 87' lang='lat' dir='ltr'><strong>securus</strong></span> <span class='ocrx_word' id='word_1_719' title='bbox 1735 5016 1774 5070; x_wconf 93' lang='lat' dir='ltr'><strong>in·</strong></span> 
     </span>
     <span class='ocr_line' id='line_1_55' title="bbox 128 5097 1773 5178; baseline 0.012 -26"><span class='ocrx_word' id='word_1_720' title='bbox 128 5097 294 5154; x_wconf 71' lang='lat' dir='ltr'><strong>aedificasset</strong></span> <span class='ocrx_word' id='word_1_721' title='bbox 308 5104 494 5170; x_wconf 88' lang='lat' dir='ltr'><strong>sermonibus,</strong></span> <span class='ocrx_word' id='word_1_722' title='bbox 514 5113 658 5178; x_wconf 84' lang='lat' dir='ltr'><strong>postremo</strong></span> <span class='ocrx_word' id='word_1_723' title='bbox 673 5108 714 5164; x_wconf 87' lang='lat' dir='ltr'><strong>uit</strong></span> <span class='ocrx_word' id='word_1_724' title='bbox 728 5109 763 5163; x_wconf 90' lang='lat' dir='ltr'><strong>ad</strong></span> <span class='ocrx_word' id='word_1_725' title='bbox 778 5127 843 5165; x_wconf 92' lang='lat' dir='ltr'><strong>eum</strong></span> <span class='ocrx_word' id='word_1_726' title='bbox 860 5112 932 5167; x_wconf 90' lang='lat' dir='ltr'><strong>:Dic</strong></span> <span class='ocrx_word' id='word_1_727' title='bbox 971 5107 1068 5163; x_wconf 91' lang='lat' dir='ltr'><strong>troivit</strong></span> <span class='ocrx_word' id='word_1_728' title='bbox 1080 5107 1109 5161; x_wconf 90' lang='lat' dir='ltr'><strong>in</strong></span> <span class='ocrx_word' id='word_1_729' title='bbox 1120 5107 1235 5162; x_wconf 91' lang='lat' dir='ltr'><strong>domum</strong></span> <span class='ocrx_word' id='word_1_730' title='bbox 1253 5120 1343 5169; x_wconf 67' lang='lat' dir='ltr'><strong>suam,</strong></span> <span class='ocrx_word' id='word_1_731' title='bbox 1367 5103 1463 5158; x_wconf 62' lang='lat' dir='ltr'><strong>dicens</strong></span> <span class='ocrx_word' id='word_1_732' title='bbox 1479 5125 1486 5158; x_wconf 79' lang='lat'>²</span> <span class='ocrx_word' id='word_1_733' title='bbox 1500 5103 1602 5159; x_wconf 60' lang='lat' dir='ltr'><strong>venile</strong></span> <span class='ocrx_word' id='word_1_734' title='bbox 1616 5104 1648 5161; x_wconf 69' lang='grc' dir='ltr'><strong>ὶῦ</strong></span> <span class='ocrx_word' id='word_1_735' title='bbox 1666 5104 1773 5160; x_wconf 66' lang='lat' dir='ltr'><strong>Oblim</strong></span> 
     </span>
     <span class='ocr_line' id='line_1_56' title="bbox 125 5187 1773 5272; baseline 0.004 -29"><span class='ocrx_word' id='word_1_736' title='bbox 125 5187 204 5254; x_wconf 89' lang='lat' dir='ltr'><strong>mihi,</strong></span> <span class='ocrx_word' id='word_1_737' title='bbox 214 5187 402 5259; x_wconf 86' lang='lat' dir='ltr'><strong>dilectissime,</strong></span> <span class='ocrx_word' id='word_1_738' title='bbox 417 5193 441 5247; x_wconf 92' lang='lat' dir='ltr'><strong>si</strong></span> <span class='ocrx_word' id='word_1_739' title='bbox 455 5195 581 5269; x_wconf 86' lang='lat' dir='ltr'><strong>chlamys</strong></span> <span class='ocrx_word' id='word_1_740' title='bbox 590 5197 787 5252; x_wconf 88' lang='lat' dir='ltr'><strong>tuacnnscissa</strong></span> <span class='ocrx_word' id='word_1_741' title='bbox 800 5199 846 5266; x_wconf 92' lang='lat' dir='ltr'><strong>sit,</strong></span> <span class='ocrx_word' id='word_1_742' title='bbox 868 5216 931 5272; x_wconf 91' lang='lat' dir='ltr'><strong>pro·</strong></span> <span class='ocrx_word' id='word_1_743' title='bbox 971 5197 1095 5252; x_wconf 89' lang='lat' dir='ltr'><strong>solitario</strong></span> <span class='ocrx_word' id='word_1_744' title='bbox 1117 5196 1168 5254; x_wconf 92' lang='lat' dir='ltr'><strong>illi.</strong></span> <span class='ocrx_word' id='word_1_745' title='bbox 1199 5195 1303 5250; x_wconf 85' lang='lat' dir='ltr'><strong>Videas</strong></span> <span class='ocrx_word' id='word_1_746' title='bbox 1322 5196 1417 5248; x_wconf 86' lang='lat' dir='ltr'><strong>autem</strong></span> <span class='ocrx_word' id='word_1_747' title='bbox 1432 5208 1480 5247; x_wconf 90' lang='lat' dir='ltr'><strong>eos</strong></span> <span class='ocrx_word' id='word_1_748' title='bbox 1505 5194 1718 5266; x_wconf 86' lang='lat' dir='ltr'><strong>senexalonge</strong></span> <span class='ocrx_word' id='word_1_749' title='bbox 1731 5211 1773 5249; x_wconf 88' lang='lat' dir='ltr'><strong>ex·</strong></span> 
     </span>
     <span class='ocr_line' id='line_1_57' title="bbox 124 5277 1773 5357; baseline 0.004 -26"><span class='ocrx_word' id='word_1_750' title='bbox 124 5277 188 5350; x_wconf 88' lang='lat' dir='ltr'><strong>jicis</strong></span> <span class='ocrx_word' id='word_1_751' title='bbox 199 5277 282 5332; x_wconf 76' lang='lat' dir='ltr'><strong>eam?</strong></span> <span class='ocrx_word' id='word_1_752' title='bbox 293 5278 346 5342; x_wconf 91' lang='lat' dir='ltr'><strong>Qui</strong></span> <span class='ocrx_word' id='word_1_753' title='bbox 358 5283 528 5352; x_wconf 89' lang='lat' dir='ltr'><strong>respondens</strong></span> <span class='ocrx_word' id='word_1_754' title='bbox 540 5285 598 5340; x_wconf 90' lang='lat' dir='ltr'><strong>ait:</strong></span> <span class='ocrx_word' id='word_1_755' title='bbox 615 5286 687 5352; x_wconf 91' lang='lat' dir='ltr'><strong>Non,</strong></span> <span class='ocrx_word' id='word_1_756' title='bbox 701 5287 750 5342; x_wconf 92' lang='lat' dir='ltr'><strong>sed</strong></span> <span class='ocrx_word' id='word_1_757' title='bbox 775 5289 930 5345; x_wconf 88' lang='lat' dir='ltr'><strong>resarciens</strong></span> <span class='ocrx_word' id='word_1_758' title='bbox 971 5293 1069 5342; x_wconf 89' lang='lat' dir='ltr'><strong>euntes</strong></span> <span class='ocrx_word' id='word_1_759' title='bbox 1082 5302 1145 5341; x_wconf 93' lang='lat' dir='ltr'><strong>cum</strong></span> <span class='ocrx_word' id='word_1_760' title='bbox 1155 5283 1342 5357; x_wconf 85' lang='lat' dir='ltr'><strong>lampadibus,</strong></span> <span class='ocrx_word' id='word_1_761' title='bbox 1355 5280 1487 5352; x_wconf 85' lang='lat' dir='ltr'><strong>cognovit</strong></span> <span class='ocrx_word' id='word_1_762' title='bbox 1501 5281 1569 5353; x_wconf 88' lang='lat' dir='ltr'><strong>quis</strong></span> <span class='ocrx_word' id='word_1_763' title='bbox 1580 5281 1636 5338; x_wconf 90' lang='lat' dir='ltr'><strong>sibi</strong></span> <span class='ocrx_word' id='word_1_764' title='bbox 1649 5283 1773 5338; x_wconf 81' lang='lat' dir='ltr'><strong>venirent</strong></span> 
     </span>
     <span class='ocr_line' id='line_1_58' title="bbox 127 5366 1773 5450; baseline 0.003 -27"><span class='ocrx_word' id='word_1_765' title='bbox 127 5372 240 5424; x_wconf 85' lang='lat' dir='ltr'><strong>nterea.</strong></span> <span class='ocrx_word' id='word_1_766' title='bbox 256 5366 330 5422; x_wconf 90' lang='lat' dir='ltr'><strong>Dicit</strong></span> <span class='ocrx_word' id='word_1_767' title='bbox 342 5369 378 5423; x_wconf 89' lang='lat' dir='ltr'><strong>ad</strong></span> <span class='ocrx_word' id='word_1_768' title='bbox 394 5386 458 5424; x_wconf 93' lang='lat' dir='ltr'><strong>cum</strong></span> <span class='ocrx_word' id='word_1_769' title='bbox 478 5373 572 5428; x_wconf 89' lang='lat' dir='ltr'><strong>senior</strong></span> <span class='ocrx_word' id='word_1_770' title='bbox 583 5390 589 5424; x_wconf 92' lang='lat'>:</span> <span class='ocrx_word' id='word_1_771' title='bbox 600 5375 628 5430; x_wconf 91' lang='lat' dir='ltr'><strong>Si</strong></span> <span class='ocrx_word' id='word_1_772' title='bbox 642 5392 709 5448; x_wconf 89' lang='lat' dir='ltr'><strong>crgo</strong></span> <span class='ocrx_word' id='word_1_773' title='bbox 724 5378 851 5449; x_wconf 81' lang='lat' dir='ltr'><strong>lupercis</strong></span> <span class='ocrx_word' id='word_1_774' title='bbox 864 5396 928 5450; x_wconf 89' lang='lat' dir='ltr'><strong>pro·</strong></span> <span class='ocrx_word' id='word_1_775' title='bbox 970 5378 999 5433; x_wconf 89' lang='lat' dir='ltr'><strong>iu</strong></span> <span class='ocrx_word' id='word_1_776' title='bbox 1014 5392 1159 5432; x_wconf 90' lang='lat' dir='ltr'><strong>occursum</strong></span> <span class='ocrx_word' id='word_1_777' title='bbox 1177 5379 1226 5444; x_wconf 92' lang='lat' dir='ltr'><strong>;et</strong></span> <span class='ocrx_word' id='word_1_778' title='bbox 1238 5389 1342 5428; x_wconf 88' lang='lat' dir='ltr'><strong>exuens</strong></span> <span class='ocrx_word' id='word_1_779' title='bbox 1355 5371 1523 5426; x_wconf 88' lang='lat' dir='ltr'><strong>vestimenta</strong></span> <span class='ocrx_word' id='word_1_780' title='bbox 1544 5388 1607 5439; x_wconf 88' lang='lat' dir='ltr'><strong>sua,</strong></span> <span class='ocrx_word' id='word_1_781' title='bbox 1625 5373 1704 5429; x_wconf 88' lang='lat' dir='ltr'><strong>misit</strong></span> <span class='ocrx_word' id='word_1_782' title='bbox 1727 5373 1773 5428; x_wconf 85' lang='lat' dir='ltr'><strong>illa</strong></span> 
     </span>
     <span class='ocr_line' id='line_1_59' title="bbox 127 5456 1771 5538; baseline 0.005 -27"><span class='ocrx_word' id='word_1_783' title='bbox 127 5456 188 5529; x_wconf 89' lang='lat' dir='ltr'><strong>prio</strong></span> <span class='ocrx_word' id='word_1_784' title='bbox 216 5457 394 5513; x_wconf 84' lang='lat' dir='ltr'><strong>vestimento.</strong></span> <span class='ocrx_word' id='word_1_785' title='bbox 411 5459 483 5514; x_wconf 88' lang='lat' dir='ltr'><strong>Deus</strong></span> <span class='ocrx_word' id='word_1_786' title='bbox 497 5462 541 5517; x_wconf 92' lang='lat' dir='ltr'><strong>sui</strong></span> <span class='ocrx_word' id='word_1_787' title='bbox 556 5463 671 5534; x_wconf 87' lang='lat' dir='ltr'><strong>imagini</strong></span> <span class='ocrx_word' id='word_1_788' title='bbox 697 5481 753 5520; x_wconf 89' lang='lat' dir='ltr'><strong>non</strong></span> <span class='ocrx_word' id='word_1_789' title='bbox 771 5466 926 5538; x_wconf 82' lang='lat' dir='ltr'><strong>indulget?</strong></span> <span class='ocrx_word' id='word_1_790' title='bbox 968 5468 996 5523; x_wconf 93' lang='lat' dir='ltr'><strong>in</strong></span> <span class='ocrx_word' id='word_1_791' title='bbox 1012 5465 1136 5534; x_wconf 83' lang='lat' dir='ltr'><strong>flumine,</strong></span> <span class='ocrx_word' id='word_1_792' title='bbox 1152 5470 1180 5520; x_wconf 91' lang='lat' dir='ltr'><strong>ct</strong></span> <span class='ocrx_word' id='word_1_793' title='bbox 1189 5463 1370 5536; x_wconf 78' lang='grc' dir='ltr'><strong>000111ον000</strong></span> <span class='ocrx_word' id='word_1_794' title='bbox 1382 5476 1425 5527; x_wconf 88' lang='grc'><strong>00,</strong></span> <span class='ocrx_word' id='word_1_795' title='bbox 1434 5464 1513 5515; x_wconf 87' lang='grc'><strong>01000</strong></span> <span class='ocrx_word' id='word_1_796' title='bbox 1522 5460 1635 5518; x_wconf 86' lang='grc'><strong>00100.</strong></span> <span class='ocrx_word' id='word_1_797' title='bbox 1648 5463 1771 5519; x_wconf 81' lang='lat' dir='ltr'><strong>Minister</strong></span> 
     </span>
     <span class='ocr_line' id='line_1_60' title="bbox 135 5545 983 5629; baseline 0.013 -28"><span class='ocrx_word' id='word_1_798' title='bbox 135 5621 139 5627; x_wconf 18' lang='grc' dir='ltr'>ι</span> <span class='ocrx_word' id='word_1_799' title='bbox 163 5545 349 5629; x_wconf 77' lang='grc'><strong>11110001010</strong></span> <span class='ocrx_word' id='word_1_800' title='bbox 366 5546 482 5605; x_wconf 86' lang='lat' dir='ltr'><strong>Macarii</strong></span> <span class='ocrx_word' id='word_1_801' title='bbox 506 5549 655 5628; x_wconf 85' lang='lat' dir='ltr'><strong>judicium,</strong></span> <span class='ocrx_word' id='word_1_802' title='bbox 671 5568 729 5608; x_wconf 93' lang='grc'><strong>000</strong></span> <span class='ocrx_word' id='word_1_803' title='bbox 743 5553 921 5613; x_wconf 86' lang='lat' dir='ltr'><strong>imitandum.</strong></span> <span class='ocrx_word' id='word_1_804' title='bbox 980 5622 983 5629; x_wconf 32' lang='grc' dir='ltr'>Ι</span> 
     </span>
    </p>
   </div>
   <div class='ocr_carea' id='block_1_3' title="bbox 0 0 1915 6116">
    <p class='ocr_par' dir='ltr' id='par_1_3' title="bbox 0 0 1915 6116">
     <span class='ocr_line' id='line_1_61' title="bbox 0 0 1915 6116; baseline 0 0"><span class='ocrx_word' id='word_1_805' title='bbox 0 0 1915 6116; x_wconf 95' lang='lat' dir='ltr'><strong> </strong></span> 
     </span>
    </p>
   </div>
  </div>
 </body>
</html>
