3818 6120
142 394 1790 456 Q

864 559 1030 605 reexuxxu
1050 561 1073 605 l.

281 740 288 752 ’
320 727 532 882 VITA
575 728 886 887 SANCTI
923 735 1297 888 EPHRAEM
1334 805 1381 896 (o
1423 736 1622 891 SYRI

698 994 919 1069 DlAGONl
943 996 1161 1071 EDBSSAE
1186 1027 1240 1100 (2),

296 1145 480 1206 AUCTORE
502 1145 640 1210 GRAECO
660 1147 831 1209 INGERTO
853 1147 907 1228 (3),
931 1149 1186 1210 INTERPRETE
1208 1150 1401 1214 GERARDO
1423 1152 1562 1215 VOSSIO
1586 1151 1637 1231 (d).

175 1440 945 1517 eruraninum-SanctushicPaternosterEphrem,
955 1443 1076 1504 Adienti
1083 1444 1144 1512 jam
1157 1444 1183 1498 ei
1197 1444 1339 1510 inlocum,
1352 1450 1381 1498 et
1390 1446 1600 1515 pertranseunti
1606 1453 1715 1518 portam
1725 1449 1789 1503 civi-

146 1545 177 1582 ex
192 1528 312 1584 Oriente
326 1529 471 1598 oriundus,
487 1532 575 1602 Syrus
588 1548 701 1602 genere,
717 1534 771 1604 piis
783 1536 948 1605 parentibus
988 1532 1064 1598 tatis,
1074 1532 1196 1586 occurrit
1207 1532 1309 1588 mulier
1323 1533 1369 1601 (9),
1382 1550 1443 1604 quae
1457 1533 1488 1587 iu
1502 1534 1613 1589 civitate
1621 1541 1682 1590 erat
1696 1553 1788 1591 merc-

146 1622 230 1671 natus
243 1617 274 1672 in
290 1618 394 1673 Edessa
406 1620 457 1688 (5).
477 1620 555 1675 Vixit
581 1621 756 1693 temporibus
770 1622 948 1679 Constantini
989 1620 1057 1674 trix:
1071 1637 1156 1691 quarn
1172 1621 1309 1693 aspiciens
1323 1638 1419 1676 servus
1435 1623 1486 1676 Dei
1502 1623 1640 1693 Ephrem,
1656 1624 1785 1692 indoluit,

146 1704 241 1776 Magni
255 1705 341 1776 regis,
359 1707 520 1762 etaliorum
535 1709 583 1780 qui
597 1717 660 1781 post
674 1710 767 1781 ipsum
782 1719 946 1783 regnarunt.
988 1709 1028 1763 sic
1056 1726 1151 1764 secum
1176 1710 1294 1781 loquens
1316 1730 1322 1764 :
1348 1711 1467 1764 Domine
1495 1713 1562 1766 Jesu
1592 1713 1712 1780 Christe,
1738 1713 1788 1768 de·

145 1792 299 1848 Abstineas
312 1810 426 1865 apuero
436 1796 556 1852 abomni
575 1815 606 1852 re
622 1800 705 1853 maia.
719 1800 807 1871 Cujus
817 1808 948 1873 parentes
988 1798 1103 1869 epexisti
1120 1815 1216 1870 preces
1231 1799 1303 1853 servi
1319 1799 1360 1853 tui
1375 1800 1521 1870 Ephrem,
1548 1817 1602 1871 quo
1617 1807 1697 1872 pacto
1712 1802 1787 1856 enim

147 1897 177 1936 eo
186 1881 283 1937 adhuc
292 1900 389 1954 puero,
397 1901 448 1956 per
454 1887 594 1941 somnium
605 1887 733 1942 videlicet
740 1889 874 1944 visionem
884 1907 948 1946 con-
988 1886 1047 1941 haec
1059 1887 1093 1941 de
1104 1887 1249 1958 Scriptura
1264 1904 1375 1942 mecum
1389 1888 1530 1942 disserat?
1548 1888 1680 1944 Substitit
1692 1895 1785 1944 autem

146 1976 311 2041 spexerimt,
327 1973 402 2043 quod
414 1990 447 2027 ex
459 1990 507 2029 ore
521 1975 609 2046 ipsius
621 1976 750 2047 Ephraem
760 1978 825 2032 vitis
835 1979 948 2034 adscen-
987 1976 1130 2041 meretrix,
1159 1975 1271 2030 intuens
1290 1976 1381 2030 illum.
1411 1977 1454 2030 Ad
1479 1993 1563 2047 quarn
1586 1985 1699 2033 sanctus
1716 1997 1722 2031 :
1738 1980 1789 2033 Dic

147 2058 227 2114 deret
234 2059 275 2128 (6)
288 2059 369 2115 valde
381 2062 523 2133 frugifera,
540 2080 602 2134 quae
614 2066 800 2133 excrescebat,
813 2072 841 2121 et
855 2069 946 2140 reple·
987 2064 1067 2129 mihi,
1077 2065 1179 2135 puelia,
1191 2065 1257 2136 quid
1269 2064 1407 2131 subsistis,
1422 2071 1451 2118 et
1469 2064 1509 2120 ita
1523 2066 1640 2121 intentis
1649 2068 1680 2122 in
1691 2085 1736 2122 nie
1747 2069 1789 2124 in·

146 2144 191 2202 bat
200 2164 319 2203 omnem
330 2148 458 2206 subcoelo
469 2152 625 2223 regionem:
636 2154 947 2227 veniebantquecuncta
987 2153 1076 2208 tueris
1088 2153 1193 2207 oculis?
1203 2154 1254 2208 Cui
1265 2154 1437 2225 respondens
1452 2156 1595 2221 meretrix,
1603 2156 1643 2210 ait
1656 2157 1691 2210 ad
1700 2174 1764 2211 eum
1779 2176 1785 2211 :

146 2236 270 2291 volatilia
282 2238 354 2303 coeli,
375 2244 404 2293 et
418 2240 602 2296 comedebant
612 2243 647 2297 de
658 2243 751 2299 fructu
759 2244 831 2309 vitis,
841 2251 869 2300 et
880 2262 948 2316 pra-
989 2244 1105 2297 intueor
1118 2247 1156 2307 te,
1167 2242 1232 2312 quia
1243 2259 1294 2312 ego
1309 2243 1411 2297 mulier
1425 2260 1458 2296 ex
1473 2248 1501 2297 te
1515 2243 1573 2298 viro
1587 2251 1702 2316 sumpta
1711 2263 1786 2302 sum.

146 2328 262 2398 terque
276 2326 470 2395 comedebant,
487 2330 579 2384 adhuc
595 2331 747 2403 superabat
763 2333 880 2389 fructus.
897 2335 949 2389 Hic
988 2331 1031 2385 Tu
1043 2336 1138 2385 autem
1148 2347 1183 2385 ne
1193 2347 1239 2385 me
1253 2331 1456 2390 intuearis.sed
1468 2335 1574 2386 terram
1589 2350 1624 2388 ex
1638 2341 1736 2405 quatu
1746 2334 1788 2389 vir

146 2413 176 2469 eb
188 2421 281 2470 aetate
293 2416 411 2486 Juvenili
432 2434 559 2473 eremum
583 2419 708 2491 incoluit,
725 2423 949 2493 cumpunctionis
990 2427 1119 2491 sumptus
1134 2437 1173 2477 es.
1191 2420 1258 2484 Quae
1273 2437 1336 2474 cum
1350 2420 1462 2475 audiret
1470 2437 1567 2475 servus
1581 2422 1631 2476 Dei
1647 2423 1785 2493 Ephrem,

144 2502 193 2557 sibi
210 2502 350 2576 abyssum
363 2506 516 2573 vindicans,
532 2525 583 2579 per
605 2525 690 2580 quarn
705 2516 734 2565 et
751 2511 873 2566 divinam
890 2513 950 2584 Spi·
990 2509 1124 2581 suspexit,
1137 2514 1166 2564 et
1179 2509 1345 2580 glorifieavit
1362 2511 1462 2575 Deum,
1479 2510 1527 2581 qui
1541 2510 1627 2564 talem
1641 2510 1667 2564 ei
1680 2511 1788 2583 sapien-

144 2591 217 2647 ritus
232 2594 327 2648 sancti
340 2595 462 2664 gratiam
476 2597 608 2669 suscepit.
988 2597 1058 2652 tiam
1065 2598 1226 2664 dederat‚ut
1235 2599 1373 2669 ejusmodi
1383 2599 1419 2653 ab
1432 2598 1494 2670 ipsa
1507 2613 1672 2671 responsum
1682 2599 1788 2672 accipe-

174 2682 247 2737 er.
262 2683 300 2737 11.
311 2710 341 2721 -
351 2684 465 2754 Deque,
477 2685 592 2755 quidam
601 2686 694 2741 divino
708 2688 820 2744 afflatus
835 2690 945 2761 spiritu,
989 2692 1041 2740 ret.
1050 2687 1085 2740 Et
1098 2687 1228 2757 cognovit
1239 2703 1320 2741 suam
1330 2704 1347 2741 a
1356 2688 1414 2742 Deo
1427 2688 1698 2759 nequaquamsuisse
1708 2705 1788 2761 spre-

139 2769 347 2840 pcrsomnium
356 2757 980 2843 antarumterribilem,tenontemchartaeii
989 2776 1223 2830 temerationem.
1233 2775 1411 2847 veniensque
1420 2776 1450 2832 in
1459 2777 1567 2845 urbem,
1578 2777 1734 2833 diversatus
1744 2782 1788 2833 est

137 2860 290 2928 columen,
306 2866 335 2915 et
348 2860 540 2934 interrogabat
557 2882 562 2917 :
576 2865 654 2932 Quis,
671 2871 763 2936 putas,
780 2868 905 2939 accipere
919 2874 949 2924 et
988 2862 1038 2917 ibi·

134 2949 289 3005 mistodire
303 2949 374 3005 illud
387 2951 513 3022 poterit?
531 2952 660 3024 factaque
674 2961 718 3009 est
732 2972 785 3010 vox
806 2957 843 3010 ad
858 2974 945 3013 eum:
1024 2953 1090 3007 Cer·
1101 2953 1134 3005 V·
1150 2984 1182 2992 -
1199 2954 1273 3008 Casu
1287 2959 1382 3008 autern
1393 2955 1478 3024 juxta
1492 2956 1553 3026 ejus
1564 2956 1718 3027 hospitium
1730 2957 1787 3011 aha

131 3033 247 3093 Nullus
257 3037 341 3105 alius,
353 3039 408 3094 nisi
418 3041 546 3112 Ephraem
557 3059 653 3098 servus
662 3060 750 3098 meus.
760 3045 821 3109 Quo
833 3046 946 3117 quidem
987 3041 1121 3095 meretrix
1136 3041 1189 3111 (10)
1205 3041 1367 3096 habitabat:
1380 3060 1453 3112 quae,
1464 3060 1528 3098 cum
1544 3044 1591 3098 iiie
1604 3061 1655 3115 per
1664 3045 1787 3116 complu·

130 3132 268 3194 astante,
288 3132 318 3182 et
331 3144 362 3183 os
375 3129 529 3200 aperiente,
551 3131 676 3202 illudque
694 3133 855 3201 devorante,
873 3135 946 3190 illico
987 3146 1032 3184 res
1047 3131 1106 3185 dics
1121 3131 1149 3184 in
1164 3130 1682 3197 urbecommoraretur,dixitadcum:
1699 3134 1786 3188 Bene·
1868 3190 1874 3207 ¹

128 3214 203 3272 fons
213 3219 470 3273 sermonumaDeo
479 3220 714 3293 proficiscentium
724 3222 861 3290 scaturiit,
873 3240 947 3279 com·
987 3219 1040 3286 dic,
1056 3219 1168 3273 domine
1182 3219 1278 3274 abbas.
1291 3221 1326 3275 Et
1334 3220 1395 3274 fixis
1401 3220 1488 3274 oculis
1498 3220 1650 3276 fenestram
1660 3221 1784 3290 intuens,

125 3304 299 3377 punctione
309 3307 506 3378 etpmnitentia
517 3309 626 3380 plenus,
638 3310 769 3366 timorem
779 3329 947 3369 commemo-
987 3308 1056 3362 vidit
1079 3308 1155 3362 illam
1180 3308 1407 3380 prospicientem,
1428 3308 1523 3380 aitque
1544 3309 1579 3363 ad
1608 3326 1669 3364 eam
1687 3311 1785 3366 :Deus
1850 3308 1856 3319 “

128 3408 209 3449 rans
216 3393 362 3465 judicii,et
370 3396 484 3451 secundi
498 3414 561 3453 cum
577 3400 725 3470 majestate
735 3400 871 3457 adventus
881 3403 946 3457 uni·
987 3394 1133 3452 benedicat
1146 3396 1208 3451 tibi.
1224 3398 1267 3451 Ad
1281 3414 1365 3468 quern
1377 3396 1444 3451 illa:
1459 3397 1533 3460 Quid
1545 3404 1594 3452 tuo
1614 3398 1692 3452 deest
1705 3405 1785 3470 septo

126 3497 293 3538 versorum
317 3484 402 3556 Regis
419 3491 448 3541 et
469 3487 581 3541 Domini
609 3489 675 3544 Jesu
695 3488 809 3556 Christi,
824 3492 946 3546 vcriDei
988 3491 1072 3557 atque
1082 3485 1302 3541 domicilioiCui
1312 3486 1523 3540 sanctustTrcs
1533 3485 1640 3555 lapides
1649 3488 1786 3557 etargilia

128 3573 245 3637 nostri,
272 3578 306 3627 ut
328 3574 427 3630 reddat
440 3576 591 3648 unicuique
605 3578 759 3633 secundum
782 3596 868 3650 opera
895 3596 947 3634 sua
988 3575 1108 3641 modica,
1123 3579 1153 3628 ut
1170 3574 1293 3629 fenestra
1303 3572 1475 3641 obstruatur,
1484 3591 1535 3645 per
1547 3591 1631 3645 quam
1639 3575 1782 3646 prospicis.

128 3662 254 3725 aetat.
265 3676 313 3716 xvi
324 3680 331 3730 ;
343 3665 466 3726 domni.
475 3665 705 3721 Praetereaetiam
718 3668 947 3740 divinornmdog-
988 3663 1040 3718 Cui
1049 3664 1111 3736 ipsa
1119 3664 1372 3737 respondit,diccns
1384 3664 1469 3719 :Cum
1480 3663 1637 3735 primumte
1647 3663 1785 3736 alloquor,

126 3757 254 3806 mttnn
284 3751 483 3808 rectitudinem
509 3771 541 3809 ac
559 3757 706 3810 veritatem
725 3756 804 3811 libris
831 3759 946 3813 manda·
987 3752 1082 3822 rejicis
1092 3770 1147 3821 me,
1156 3770 1210 3824 ego
1223 3753 1345 3808 dormire
1359 3758 1452 3807 tecum
1465 3752 1556 3823 cupio,
1568 3757 1597 3806 et
1606 3758 1639 3807 tu
1651 3754 1785 3808 velacoi·

129 3838 193 3895 vit.
986 3841 1126 3897 locutione
1134 3859 1178 3896 me
1190 3841 1514 3912 excludisiRespondens
1524 3846 1619 3895 autem
1633 3841 1674 3896 iili
1689 3859 1785 3897 servus

178 3929 248 3984 Car.
259 3929 532 3988 111.-Anusautem
542 3933 824 4005 quidamsanctorum
834 3951 945 4004 senum,
987 3930 1038 3985 Dei
1054 3931 1257 4002 Ephraem,ait:
1273 3929 1304 3985 Si
1317 3946 1427 3985 mecum
1442 3929 1565 3985 dormire
1572 3930 1721 3998 velis,veni
1730 3947 1785 4002 quo
1884 3972 1888 3977 -

128 4017 641 4093 lursusinvisioneviditangelorum
655 4023 814 4095 agminaffl)
827 4025 947 4079 exeoelis
987 4018 1152 4086 dixeratibi,
1168 4018 1345 4074 utibisimul
1359 4019 1684 4091 dormiamushdqucm
1698 4036 1787 4075 merc·
1872 4078 1879 4100 ὓ

127 4104 239 4163 divino
250 4109 335 4177 jussu
347 4108 554 4177 descendentia,
571 4116 600 4166 et
617 4111 648 4166 in
666 4111 795 4166 manibus
808 4118 902 4184 caput,
917 4113 947 4168 id
987 4107 1041 4162 trix
1058 4126 1064 4161 :
1081 4108 1130 4163 Dic
1140 4107 1441 4178 mihi‚inquit,locum‚
1458 4114 1487 4163 et
1501 4108 1785 4165 veniam.Etsanctus

130 4198 188 4249 ut
196 4195 331 4250 volumen
344 4196 420 4251 intus
433 4203 463 4253 et
472 4204 551 4253 extra
560 4199 748 4270 conscriptum
763 4201 899 4255 tenentia.
913 4187 978 4255 EtC
988 4197 1024 4251 sd
1032 4197 1124 4251 illam:
1135 4196 1164 4251 Si
1175 4195 1351 4251 condormire
1359 4195 1427 4249 mihi
1438 4197 1544 4267 cupias,
1552 4197 1720 4268 nonpoteris
1729 4198 1785 4252 alio

128 4281 415 4341 dieebentinterse:
429 4286 481 4342 cut
495 4287 578 4342 debet
592 4287 663 4342 liber
674 4288 728 4343 iste
740 4289 897 4343 committi?
912 4290 947 4345 Et
988 4286 1017 4340 in
1031 4286 1101 4353 loco,
1118 4285 1173 4339 nisi
1187 4284 1216 4338 in
1229 4283 1299 4340 urbe
1314 4283 1415 4337 media.
1430 4284 1612 4356 Respondeas
1619 4290 1713 4339 autem
1724 4285 1782 4353 illa,

131 4370 217 4428 nlius
224 4372 341 4445 quidem
350 4374 433 4443 huuc,
446 4380 475 4431 et
487 4376 536 4431 alii
542 4360 614 4432 alios
627 4376 821 4433 nominabant.
832 4378 888 4433 Alii
899 4395 947 4433 eu·
987 4373 1057 4429 dixit
1066 4374 1102 4428 ad
1117 4374 1195 4428 iilum
1208 4392 1213 4426 :
1228 4373 1263 4427 Et
1273 4389 1330 4427 non
1343 4370 1534 4427 erubescimus
1543 4378 1722 4444 conspectum
1732 4375 1785 4428 ho·

131 4463 203 4516 um
214 4463 422 4534 responderunt
431 4465 556 4521 dicentes
566 4484 573 4519 :
584 4467 752 4522 Veresancti
763 4474 792 4521 et
799 4468 870 4537 justi
880 4473 947 4523 sunt
986 4462 1113 4519 minum?
1128 4463 1163 4516 Et
1176 4461 1349 4533 respondens
1363 4478 1483 4532 maguus
1498 4462 1638 4533 Ephraim,
1650 4462 1720 4516 dixit
1732 4462 1759 4517 ei
1775 4480 1782 4516 :

132 4548 191 4604 isti
204 4568 211 4602 :
222 4557 419 4608 verumtamen
429 4555 536 4609 nemini
546 4555 734 4610 hocvolumen
745 4556 821 4611 credi
830 4556 943 4628 poterit,
987 4553 1018 4608 Si
1032 4551 1160 4606 homines
1174 4550 1375 4617 erubescimus,
1385 4551 1472 4605 multo
1481 4551 1570 4621 magis
1582 4551 1672 4606 Deum
1688 4550 1786 4606 erube·

134 4637 201 4693 misi
216 4639 347 4712 Ephrrem
362 4642 424 4696 miti
439 4647 467 4698 et
478 4643 579 4698 humili
593 4645 686 4698 corde.
710 4645 843 4716 viditque
862 4662 945 4699 senex
987 4657 1064 4696 scere
1078 4639 1162 4694 simul
1172 4643 1202 4694 et
1213 4638 1313 4693 timere
1328 4637 1477 4709 oportebit,
1494 4638 1542 4708 qui
1556 4639 1634 4694 novit
1644 4639 1784 4696 etiamoc·

136 4727 220 4798 quod
245 4734 345 4784 sancto
364 4731 493 4803 Ephraem
516 4732 677 4788 tradidisset
696 4739 786 4800 los
801 4740 894 4805 caput.
911 4735 946 4789 Et
986 4731 1061 4785 culta
1074 4728 1229 4794 hominum,
1241 4726 1441 4798 quoniamipse
1455 4727 1563 4798 estqui
1574 4727 1667 4782 veniet
1677 4728 1785 4798 judica·

131 4830 264 4887 *urgens
279 4834 372 4886 mane,
389 4820 494 4876 audivit
508 4839 541 4877 ex
556 4839 604 4877 ore
618 4822 708 4894 ipsius
718 4822 879 4894 aptissimos
894 4839 945 4895 pro
986 4824 1068 4874 turus
1081 4817 1228 4883 mnndum,
1243 4822 1272 4870 et
1285 4815 1446 4870 redditurus
1459 4814 1610 4888 unicuique
1631 4819 1784 4874 secundum

138 4903 266 4961 aliorum
276 4907 462 4965 instructione
469 4911 715 4979 sermones,omnis
723 4911 946 4984 compunctionis
959 4906 963 4915 ’
986 4923 1131 4980 operasua
1143 4908 1229 4977 (Rota.
1241 4907 1283 4974 11).
1291 4905 1357 4959 Hice
1367 4904 1484 4959 audiens
1494 4906 1637 4973 meretrix,
1647 4923 1784 4980 compun-

139 4993 296 5051 ettimoris
307 4996 407 5067 divini,
423 5000 499 5055 velut
512 5016 545 5054 ex
558 4996 636 5055 fonte
652 4999 746 5071 aliquo
763 5000 943 5069 scaturiente,
986 5002 1032 5051 cta
1042 5001 1085 5051 est
1102 5012 1136 5050 ex
1157 4991 1249 5049 verbis
1262 4992 1356 5059 illius3
1376 4999 1404 5047 et
1428 4993 1563 5048 accedens
1580 4995 1700 5066 procidit
1719 5003 1785 5052 ante

144 5084 330 5149 renuentes.
343 5084 378 5141 Et
391 5089 505 5158 agnovit
518 5106 612 5156 senex,
627 5106 645 5144 a
659 5089 766 5160 Spiritu
785 5095 882 5144 sancto
896 5089 946 5145 illa
986 5086 1072 5158 pedes
1084 5086 1155 5155 ejus,
1172 5083 1293 5154 plorans,
1311 5081 1462 5154 dicensque
1478 5100 1484 5136 :
1510 5084 1596 5138 Serve
1617 5085 1677 5151 Dei,
1696 5085 1785 5141 deduc

145 5173 269 5242 suggeri,
286 5191 349 5246 quoe
364 5192 398 5230 ex
411 5176 487 5232 illius
500 5194 548 5233 ore
562 5177 724 5233 manabant.
989 5191 1034 5229 me
1047 5174 1077 5228 in
1092 5173 1165 5227 viam
1175 5170 1347 5237 salutis,uta
1360 5171 1455 5226 multis
1468 5171 1538 5226 meis
1551 5174 1784 5246 maiisopcribus-
1863 5168 1866 5173 ’

184 5259 247 5315 Cir.
259 5263 452 5336 IV.-Captus
461 5273 504 5321 est
513 5273 608 5323 autem
619 5267 758 5323 desiderio
774 5273 888 5323 sanctus
902 5269 948 5323 hic
989 5280 1043 5336 que
1056 5260 1192 5334 improbis
1204 5258 1317 5313 liberer.
1338 5259 1458 5314 Sanctus
1481 5268 1577 5317 autem
1592 5280 1676 5318 senex
1687 5264 1785 5318 multis

150 5344 231 5404 Pater
244 5358 342 5406 noster
357 5353 485 5426 Ephrem
503 5356 623 5412 visenda
645 5356 850 5412 Edessenorum
871 5357 947 5412 urbis
988 5369 1052 5408 eam
1069 5352 1223 5406 admonens
1241 5365 1274 5403 ex
1293 5364 1374 5403 sacra
1387 5349 1541 5420 Scriptura,
1559 5354 1786 5423 confirmansque

154 5436 195 5507 (8),
209 5440 355 5513 oravitque
369 5442 460 5499 Deam
481 5445 576 5501 dicens
590 5464 596 5499 ι
612 5444 731 5500 Domine
745 5446 811 5501 Jesu
823 5446 944 5516 Christe,
987 5441 1062 5498 iilius
1072 5437 1280 5512 poessiiettiissmv
1293 5437 1371 5493 misit
1385 5437 1475 5509 ipsam
1490 5439 1520 5493 in
1533 5439 1744 5506 Ummidium,
1757 5446 1786 5495 ei

152 5522 264 5598 dignare
271 5546 319 5584 me
327 5530 422 5587 videre
432 5531 573 5590 civitatem
583 5535 671 5600 iliam,
681 5541 711 5590 et
720 5535 944 5607 cumingrediar‚
953 5546 979 5608 ῃ
987 5530 1104 5587 salvavit
1118 5529 1180 5599 ejus
1193 5527 1317 5583 animam
1329 5544 1362 5582 ex
1375 5544 1454 5584 coeao
1467 5528 1648 5599 flagitiorum.

153 5610 257 5674 mium
266 5619 449 5679 mihihabere
461 5638 572 5679 merear
583 5623 726 5682 homiuem
740 5625 889 5697 ejusmodi,
897 5626 946 5700 qui
1022 5622 1079 5678 Cir
1102 5619 1150 5676 vl.
1161 5648 1182 5661 -
1202 5619 1238 5675 Et
1249 5616 1395 5674 discedens
1409 5633 1428 5671 a
1441 5616 1553 5672 civitate
1562 5616 1620 5684 iila,
1634 5617 1711 5672 thii
1723 5618 1785 5674 0⁸⁸·

152 5708 947 5791 umesaipamamoneuaxoraam.ningre
986 5726 1099 5772 suan
1112 5703 1517 5784 cappadocensium
1525 5705 1788 5780 amptumepenc
