3818 6120
130 277 182 338 723
696 281 745 338 ult
761 282 857 340 vl'rls
874 281 1025 341 PATRUM
1040 279 1149 338 LIBER
1165 279 1202 337 11.
1713 270 1766 331 'm

131 404 239 473 cuium,
254 404 315 477 ipsa
333 403 467 459 Paulinus
485 402 611 459 versibus
629 402 730 461 cecinit
744 404 877 474 (Paullo,
893 402 1183 468 inAtrecentesimus
1193 401 1393 472 nonagesimus
1399 399 1513 456 mitius.
1522 395 1766 469 Sequentiautsnr

132 496 225 551 natali
241 489 274 551 10
286 493 315 549 S.
330 493 448 560 Felicis).
968 510 1032 550 curn
1043 491 1150 564 jamad
1163 490 1288 546 natalem
1308 489 1383 545 diem
1395 487 1486 544 sancti
1504 484 1606 543 Felicis
1619 484 1766 541 Nolamsa

167 585 293 640 Donatus
314 586 357 636 est
376 586 512 652 praeterea
534 581 609 636 idem
627 582 763 637 Paulinus
784 581 927 638 abeodem
968 580 1297 647 contulisset‚secundum
1306 578 1404 635 ordine
1415 576 1505 633 edidit
1512 572 1766 653 natalitiumcuur

132 671 253 729 Melania
265 670 370 737 tunica,
386 670 713 742 innocuorumagnorum
727 676 857 727 contexta
869 672 928 727 vel·
968 687 1034 727 vero
1043 673 1086 739 (ut
1099 672 1160 741 ejus
1173 668 1370 724 testificatione
1384 667 1483 738 liquet)
1494 667 1556 737 jam
1570 678 1680 718 anuum
1691 660 1766 733 apud

132 762 205 816 lere:
222 775 307 831 quam
316 758 391 814 idem
404 758 474 831 ipse,
487 760 736 831 cumaccepisseta
750 760 861 828 Severo,
870 761 929 833 pal-
969 760 1099 815 eumdem
1112 763 1241 813 sanctum
1252 757 1373 812 Felicem
1388 755 1492 827 egisset
1506 752 1612 825 inipso
1626 766 1697 823 agro
1706 750 1764 806 No·

131 849 202 904 lium
216 863 250 904 ex
265 846 328 919 pilis
342 848 513 903 camelorum
530 848 672 903 hirsutum
686 848 777 904 eidem
791 850 865 904 dono
879 850 930 905 mi-
969 849 1044 915 lano,
1069 847 1180 919 quaudo
1194 852 1222 901 et
1236 845 1408 917 legationem
1423 843 1458 898 ab
1474 840 1613 915 episcopis
1626 838 1766 895 Africanis

131 938 169 993 sit
180 957 187 1007 3
211 938 317 1009 deque
330 943 393 1008 post
404 935 461 991 alia
473 937 512 992 sic
526 937 666 1008 adipsum
680 938 791 1010 scripsit
807 956 813 991 :
834 962 842 988 ι
859 938 935 1007 Nos,¹
970 937 1101 1010 suscepit,
1114 935 1163 1009 qui
1176 935 1230 991 tuit
1242 950 1333 990 annus
1338 932 1450 990 Domini
1455 930 1672 988 trecentesimus
1681 943 1767 984 nona·

131 1025 225 1099 inquit
237 1026 375 1099 (Poulin,
389 1027 428 1080 od
447 1025 548 1093 Seuer,
564 1029 677 1096 epistota
691 1026 748 1098 10),
764 1043 855 1099 neque
868 1043 929 1081 rar·
968 1027 1094 1098 gesimus
1107 1025 1234 1098 quintus,
1249 1023 1364 1079 tertium
1380 1021 1415 1078 ab
1425 1037 1458 1077 eo
1468 1021 1606 1092 scriptum
1615 1021 1660 1074 est
1669 1015 1769 1073 natali·

130 1116 186 1185 bis,
200 1131 293 1187 neque
307 1113 391 1169 rebus
404 1115 491 1187 digna
504 1120 666 1187 pensantes,
677 1115 761 1172 unica
775 1120 871 1172 tamen
885 1115 928 1172 fa·
969 1115 1060 1184 tium;
1081 1113 1210 1186 sequenti
1223 1128 1290 1170 uero
1304 1128 1388 1180 anno,
1405 1125 1504 1182 nempe
1519 1106 1670 1181 superiori,
1682 1121 1767 1179 quar·

131 1206 236 1261 cultata
251 1203 331 1259 nobis
340 1203 495 1270 charitatis,
511 1220 567 1275 qua
577 1204 655 1259 vobis
670 1205 729 1259 sola
742 1222 929 1277 paressumus
970 1211 1041 1260 turn,
1056 1204 1136 1261 Unde
1154 1202 1207 1258 hoc
1225 1203 1286 1275 ipso
1299 1217 1373 1256 anno
1383 1198 1496 1256 Domini
1506 1196 1709 1254 trecentesimo
1721 1210 1768 1250 uo·

132 1293 261 1349 misimus
271 1292 406 1359 tunicam,
422 1309 507 1364 quam
520 1292 555 1347 ab
569 1310 622 1348 usu
637 1311 710 1361 meo,
728 1299 761 1350 ut
775 1284 929 1350 de‘sterco·
969 1293 1113 1365 nagesimo
1133 1292 1264 1364 septimo,
1293 1291 1386 1364 ipsum
1414 1288 1546 1361 quintum
1567 1283 1765 1342 elucubratum

132 1384 171 1439 ris
193 1383 301 1438 vilitate
328 1382 474 1438 collectum
496 1398 621 1453 pannum
634 1382 752 1453 dignare
771 1383 925 1455 suscipere.
969 1383 1054 1438 tuisse
1073 1381 1236 1438 natalitium
1261 1379 1420 1435 necessario
1439 1375 1591 1434 ffiocndum
1616 1379 1683 1430 est:
1712 1389 1766 1445 quo

132 1475 205 1530 Nam
219 1473 262 1528 rel
275 1472 328 1526 boc
347 1470 513 1526 innocentie
528 1474 583 1527 tue
599 1472 737 1543 congruit,
753 1472 828 1544 quod
843 1472 878 1527 de
887 1478 929 1528 te-
969 1466 1766 1543 temporeetNicetaeadventumcoutigisse,aequeopusest

130 1579 200 1619 nero
211 1561 459 1633 agnorumvellere
468 1565 599 1616 contexta
608 1559 752 1616 blanditur
764 1561 926 1618 attactibus.
967 1553 1595 1631 alllrmare,cumaquintouatalitiousquead
1604 1567 1767 1608 nonumnn·

129 1651 210 1707 Addo
224 1656 320 1706 autern
331 1651 422 1707 adhuc
435 1651 526 1723 pretio
541 1652 603 1721 ejus
613 1654 642 1704 et
653 1650 762 1722 gratiae,
783 1651 858 1721 quod
872 1666 927 1723 quo
968 1667 1063 1706 ruerus
1074 1650 1122 1705 iiie
1134 1648 1296 1720 perficiatur
1310 1663 1448 1703 annorum
1463 1649 1596 1718 quatuor,
1613 1656 1670 1714 quo
1684 1641 1765 1698 Nice-
1806 1667 1816 1685 ·

130 1740 242 1812 dignior
256 1739 391 1813 probetur
401 1756 455 1795 usu
469 1745 528 1801 tuo,
544 1740 579 1795 de
599 1741 703 1794 sanctes
718 1746 747 1795 et
764 1740 882 1795 illustris
897 1721 1012 1796 insstas
1026 1739 1147 1794 reditum
1157 1739 1188 1793 in
1200 1737 1310 1794 ltaliam
1321 1736 1490 1808 prorogarit,
1507 1741 1560 1792 eto.

130 1829 234 1886 sanctis
246 1827 298 1884 Dei
312 1827 423 1883 semine
437 1827 564 1884 Melaniae
575 1828 769 1884 benedictione
784 1829 928 1901 mibipig·
1003 1830 1066 1883 lam
1079 1844 1155 1895 uero,
1170 1825 1219 1882 ubi
1234 1826 1302 1882 satis
1311 1825 1387 1898 apud
1399 1827 1550 1883 Paulinum
1558 1824 1766 1886 Nolaeoonsedi·

100 1942 103 1949 ·
129 1934 184 1975 nus
196 1922 248 1973 est.
263 1917 344 1973 Unde
358 1922 387 1972 te
400 1917 512 1988 dignior
519 1917 578 1973 visa
593 1922 644 1984 est,
660 1919 817 1990 cujusfides
831 1922 928 1985 480
968 1933 1041 1984 mus,
1057 1915 1208 1973 Melaniam
1222 1932 1287 1971 cum
1301 1915 1414 1971 Ruffino
1434 1916 1602 1974 redeuutem
1621 1918 1654 1973 in
1669 1915 1766 1973 urbem

130 2008 172 2063 illi
186 2006 276 2078 magis
291 2022 376 2079 quam
390 2011 486 2061 noster
499 2006 614 2078 sanguis
626 2007 805 2080 propinquat.
830 2026 841 2058 r
862 2007 927 2062 Hac
967 2021 1182 2080 prosequamur.
1194 2004 1250 2070 Qui
1264 2005 1340 2060 euim
1350 2004 1399 2061 diu
1411 2004 1448 2061 ab
1461 2005 1532 2062 urbe
1544 2006 1678 2063 absentes
1694 2007 1766 2062 Jeru-

130 2095 276 2162 Paulinus,
290 2095 393 2168 quibus
403 2094 516 2166 quidem
531 2096 679 2168 postremis
691 2096 783 2152 verbis
801 2113 831 2152 se
843 2097 929 2152 blela·
968 2095 1084 2168 solymis
1094 2099 1231 2166 tanquam
1243 2093 1275 2149 in
1290 2093 1410 2166 spiritali
1429 2095 1552 2166 quadam
1566 2095 1723 2163 academia,
1737 2102 1767 2153 ut

129 2184 183 2240 nire
196 2183 428 2256 sanguinefuisse
441 2183 622 2255 conjunctum
636 2184 785 2256 significat,
969 2201 1065 2248 veram
1074 2184 1232 2240 excolerent
1246 2182 1425 2256 sapientiam,
1441 2183 1566 2256 quinqua
1580 2186 1622 2255 (ut
1638 2184 1764 2255 vidimus}

165 2274 331 2345 contigerat
339 2279 434 2330 autern
440 2275 516 2330 haud
527 2274 866 2346 pridemanleadventum
872 2274 929 2330 Me·
969 2274 1066 2331 lustris
1079 2273 1274 2341 consederant,
1280 2288 1346 2328 cum
1356 2272 1482 2345 primum
1494 2273 1616 2329 Romam
1628 2279 1764 2331 uenerunt

129 2362 211 2418 lenire
222 2362 323 2418 Nolam
338 2362 413 2418 mitti
425 2364 460 2418 ab
475 2364 575 2419 eodem
591 2364 692 2418 Severo
702 2362 738 2418 ad
748 2363 843 2435 ipsum
857 2363 929 2418 Pau·
969 2362 1190 2435 omniumplane
1200 2362 1295 2418 oculos
1304 2377 1355 2434 pro
1368 2361 1555 2418 admiratione
1568 2379 1599 2418 rn
1611 2380 1643 2418 se
1653 2379 1764 2420 conver·

129 2451 219 2506 linum
232 2449 357 2507 libellum
367 2452 503 2524 scriptum
518 2451 552 2506 de
567 2451 650 2506 rebus
659 2452 747 2523 gestis
755 2451 844 2507 sancti
855 2453 928 2506 Mor·
967 2457 1077 2510 terunt.
1094 2451 1164 2508 Laeti
1175 2453 1237 2522 jam
1249 2450 1292 2506 ilii
1303 2450 1397 2507 ridere
1411 2456 1576 2524 presentes,
1591 2469 1655 2525 que
1670 2454 1705 2509 de
1720 2452 1765 2508 iis·

128 2540 192 2607 tini,
207 2556 291 2612 quem
306 2541 433 2597 Melaniae
448 2541 528 2596 illum
551 2541 632 2596 aride
646 2540 770 2613 cupienti
786 2540 928 2612 selegisse
967 2541 1034 2596 dem
1050 2539 1213 2596 absentibus
1227 2556 1340 2596 summo
1353 2557 1427 2613 sape
1438 2542 1578 2614 praeconio
1595 2541 1675 2597 sama
1688 2542 1764 2598 detu-

127 2633 260 2697 teststur,
275 2644 386 2685 necnon
396 2630 552 2686 ostendisse
562 2634 659 2685 sancto
673 2630 779 2686 Nicetae
788 2629 928 2684 Dacorum
969 2630 1055 2700 lerat;
1070 2630 1192 2685 sednon
1205 2629 1302 2686 uidere
1311 2634 1434 2698 tanturn,
1449 2646 1546 2687 verum
1562 2636 1593 2687 et
1600 2631 1702 2688 audire
1714 2632 1764 2687 sol·

129 2719 268 2792 episcopo,
292 2718 340 2790 qui
358 2718 412 2773 boc
437 2719 536 2774 eodem
555 2725 682 2792 ternpore
696 2719 810 2792 pietatis
822 2718 928 2790 ergoiu
969 2719 1055 2795 liciti;
1071 2719 1167 2791 sicque
1177 2718 1212 2774 ab
1222 2735 1272 2776 ore
1282 2719 1410 2792 ipsorum
1419 2721 1696 2795 tanquamacrelesti
1704 2736 1765 2793 quo

129 2808 241 2865 Italiam
255 2808 450 2880 peregrinatus
460 2808 514 2862 fuit
529 2827 536 2876 3
557 2808 599 2863 ait
612 2809 687 2863 enirn
702 2824 736 2864 aa
754 2808 874 2879 epistola
892 2807 928 2862 ad
969 2808 1036 2863 dam
1048 2808 1127 2864 illato
1140 2808 1259 2864 &mam
1272 2809 1387 2865 oraculo
1404 2809 1611 2881 pependerunt.
1623 2809 1763 2883 cumipsi,

130 2897 263 2952 Seuerum
279 2896 411 2951 reddita:
437 2897 613 2952 uliartinum
638 2897 714 2952 enim
734 2902 863 2952 nostrum
887 2895 929 2952 illi
970 2914 1056 2970 quam
1070 2913 1106 2953 ex
1116 2897 1245 2969 origenis
1254 2897 1334 2953 libris
1348 2897 1515 2965 didicerant,
1532 2898 1629 2955 Stoica
1640 2898 1765 2955 indolea-

130 2987 239 3058 (ncmpe
250 2985 388 3054 Melania)
402 2985 614 3041 studiosissimae
629 2986 730 3041 talium
744 2979 927 3042 historiarum
969 2984 1223 3059 tiapersectissimae
1237 2991 1266 3042 et
1279 2985 1418 3043 adomnes
1425 3003 1558 3044 numeros
1565 2987 1765 3045 absolutevita
1793 3001 1802 3027 ·

128 3075 188 3147 ipse
200 3074 315 3130 recitavi
331 3093 338 3128 :
373 3091 428 3146 quo
440 3091 544 3146 genere
558 3079 586 3130 te
597 3081 627 3130 et
635 3074 787 3131 venerabili
797 3076 926 3147 episcopo
936 3040 958 3105 c
968 3075 1133 3132 christiana
1165 3074 1307 3148 specimen
1322 3076 1446 3144 edentes,
1461 3077 1585 3132 maxima
1598 3077 1677 3150 apud
1691 3077 1766 3135 Chri·

129 3169 215 3236 atque
230 3163 392 3218 doctissimo
398 3163 512 3231 Nicetae,
522 3164 571 3235 qui
577 3181 610 3220 ex
619 3164 705 3221 Dacia
715 3164 929 3229 Romanis,me·
972 3165 1080 3221 stianos
1091 3165 1248 3238 omnesqui
1263 3165 1359 3222 Romae
1373 3170 1463 3233 erant,
1486 3167 1637 3238 perpaucis
1652 3166 1766 3223 eruditis

130 3253 185 3309 rito
195 3252 378 3309 admirandus
392 3253 553 3321 advenerat,
564 3257 593 3308 et
600 3250 733 3324 plurimis
741 3253 800 3309 Deo
814 3255 928 3321 sanctis,
972 3255 1178 3327 exceptis,quos
1186 3259 1271 3310 antea
1277 3261 1391 3311 sanctus
1399 3254 1589 3329 Hieronymus
1598 3255 1704 3312 litteris
1710 3273 1766 3312 mo·

130 3342 292 3398 inveritate
304 3358 361 3397 non
375 3343 466 3414 magis
481 3343 524 3398 tui
539 3343 716 3414 predicator,
729 3359 814 3414 quam
829 3343 931 3414 melja·
972 3344 1090 3412 nuisset,
1106 3344 1313 3400 existimatione
1330 3344 1455 3401 fuerunt.
1472 3344 1544 3402 Cum
1559 3345 1700 3417 sicigitur
1709 3345 1766 3401 eni-

130 3436 219 3501 ctaus,
235 3432 355 3488 revelavi
367 3432 499 3502 (Poulin,
513 3434 632 3502 Epistola
646 3432 699 3502 10),
719 3452 732 3487 a
750 3439 802 3488 etc.
971 3449 1033 3490 mos
1043 3433 1145 3488 civium
1154 3450 1222 3504 erga
1232 3449 1393 3506 sesuosque
1402 3451 1463 3490 esse
1470 3439 1564 3501 4311
1574 3435 1767 3508 propensiores

166 3523 226 3577 lloc
248 3522 310 3594 ipso
336 3521 450 3594 quidem
476 3537 552 3577 anuo
564 3522 717 3593 contigisse
734 3522 830 3594 magni
854 3522 930 3579 iliius
971 3530 1000 3579 et
1012 3522 1118 3597 optime
1135 3523 1248 3579 effectos
1265 3523 1395 3579 Rudinus
1414 3522 1607 3592 intellexisset,
1626 3523 1766 3595 evestigio

131 3611 237 3667 Nicetae
263 3611 424 3677 adrentum,
440 3627 474 3665 ex
487 3626 605 3666 numero
624 3611 762 3667 natalium
776 3611 866 3667 sancti
881 3611 931 3667 Fo-
971 3613 1117 3687 impietate
1131 3610 1235 3668 referta
1248 3612 1440 3669 allatasecum
1453 3629 1486 3669 ex
1497 3613 1619 3686 AEgypto
1634 3615 1765 3686 primum,

132 3698 192 3755 licis
208 3699 353 3755 aPaulino
362 3700 503 3755 editorum
512 3704 618 3754 rectam
629 3699 857 3771 exploratamque
868 3716 931 3773 pos-
970 3700 1037 3757 inde
1048 3701 1238 3774 ierosolymis,
1254 3702 1359 3758 scrinia
1367 3706 1485 3770 reserat,
1498 3702 1622 3774 indeque
1630 3702 1767 3775 depromit

131 3802 232 3843 sumus
242 3786 379 3842 deducere
392 3787 542 3843 rationem.
559 3787 632 3842 Nam
647 3803 712 3843 cum
724 3788 795 3860 ipse,
806 3787 931 3844 scribens
971 3789 1119 3862 pestiferas
1138 3804 1257 3857 merces,
1282 3789 1333 3845 sed
1359 3790 1401 3845 ita
1420 3789 1537 3846 fallaciis
1569 3788 1716 3847 obvolutus
1739 3795 1767 3847 et

133 3875 169 3930 ad
182 3876 316 3932 Severum
328 3875 461 3944 (Paullo,
476 3876 562 3945 Epist.
571 3873 607 3949 9),
619 3880 739 3932 testetur
748 3876 875 3950 quolibet
883 3894 932 3933 an·
972 3894 1042 3935 auro
1055 3879 1177 3945 celatas,
1190 3876 1303 3934 utbene
1313 3879 1466 3951 prudentes
1475 3879 1653 3952 etsupientes
1661 3895 1766 3954 quoque

133 3981 171 4021 no
184 3980 215 4020 se
229 3963 362 4020 statuisse
374 3962 548 4021 conscribere
554 3964 681 4021 versibus
691 3966 819 4038 ejusdem
830 3966 930 4023 Felicis
972 3968 1078 4023 eaedem
1092 3968 1221 4040 decipere
1233 3968 1401 4040 potuissent.

133 4053 303 4120 natalitium,
319 4055 445 4127 planeex
460 4070 577 4111 numero
587 4055 751 4111 eorumdem
767 4072 932 4129 annosquo·
1008 4057 1048 4112 De
1061 4057 1182 4129 appulsu
1195 4061 1290 4114 autem
1316 4057 1419 4114 horum
1441 4057 1472 4113 in
1485 4058 1647 4115 &manum
1659 4065 1766 4133 portura

134 4160 190 4218 que
202 4143 296 4200 licebit
304 4160 356 4200 suo
364 4144 463 4200 ordine
471 4144 669 4201 adnumerare.
681 4145 737 4202 Sed
746 4145 931 4202 cumianono
972 4162 1058 4218 agens
1086 4151 1199 4202 sanctus
1224 4146 1423 4220 Hieronymus,
1438 4148 1498 4204 brec
1510 4163 1563 4220 per
1581 4148 1765 4222 antiphrasin

134 4233 282 4291 aPaulino
297 4233 373 4290 edito
385 4233 777 4293 Natalitiomentiohabeatur
791 4235 826 4291 de
840 4241 932 4309 poste-
971 4237 1108 4304 (Hieron,
1123 4235 1202 4306 Apol.
1220 4238 1268 4292 lib.
1284 4239 1334 4306 nl:
1357 4255 1371 4291 ι
1385 4237 1408 4294 0
1422 4237 1568 4293 triremem
1582 4238 1765 4313 locupletissi-

134 4324 203 4382 riori
216 4325 346 4398 ejusdem
356 4324 462 4381 Nicetes
471 4325 594 4381 adventu
607 4325 717 4392 Nolam,
735 4340 855 4397 eumque
867 4340 933 4380 con·
973 4340 1059 4394 mam,
1074 4341 1136 4397 qua
1151 4323 1341 4381 Orientalibus
1362 4332 1392 4382 et
1404 4326 1546 4400 AEgyptiis
1559 4327 1701 4385 mercibus
1713 4327 1765 4384 lto·

135 4413 232 4487 tigirse
254 4414 330 4470 dicat
343 4430 418 4470 anno
433 4419 533 4487 quarto
555 4431 573 4470 a
585 4415 673 4487 priori
690 4413 779 4487 ipsius
799 4415 931 4482 adventu,
944 4403 1064 4472 Dmauae
1073 4413 1152 4471 urbis
1160 4414 1251 4470 ditare
1265 4420 1381 4471 venerat
1393 4420 1601 4489 paupertatem.

135 4504 279 4560 affirmare
298 4519 369 4576 opus
388 4508 432 4559 est
450 4504 543 4575 ipsum
565 4505 625 4575 ejus
645 4504 769 4577 priorem
782 4504 934 4561 adventurn
1038 4555 1251 4571 ,,,,,,
1284 4520 1322 4571 Tu
1335 4520 1454 4572 mxima,
1466 4521 1509 4572 1110
1523 4535 1549 4572 ω

134 4599 263 4667 tempore
277 4609 333 4666 quo
347 4592 508 4649 natalitium
519 4592 934 4664 quintumelaboravitaccidis-
1037 4599 1103 4652 Unus
1115 4599 1157 4665 qni
1169 4599 1239 4651 nobis
1250 4599 1374 4651 scribendo
1386 4600 1495 4652 matituis
1507 4615 1567 4652 ram.

135 4700 176 4739 se.
191 4683 233 4739 Da
244 4685 306 4755 ejus
317 4682 393 4738 enim
400 4681 549 4755 posteriori
559 4682 690 4750 aduentu,
702 4699 757 4755 quo
766 4682 936 4740 meminitde
975 4692 1048 4764 Ergo
1066 4691 1121 4748 nisi
1131 4690 1166 4746 de
1176 4691 1291 4748 Oriente
1298 4691 1431 4758 venisses,
1440 4690 1652 4750 eruditissimus
1666 4694 1765 4750 virne

137 4772 234 4844 priori,
250 4772 298 4828 isti
311 4777 379 4829 sunt
387 4788 482 4829 versus
493 4773 629 4842 (Petilio,
642 4775 675 4828 io
683 4775 775 4828 natali
779 4772 822 4845 lii:
976 4786 1061 4850 reret,
1077 4780 1170 4836 adhuc
1183 4781 1259 4837 inter
1267 4782 1489 4838 mathematicos.
1503 4799 1516 4836 a
1536 4781 1668 4855 Etpaulo
1681 4788 1744 4856 post
1759 4799 1766 4837 :

184 4867 277 4919 venisti
290 4871 387 4920 undans
399 4873 484 4935 quarto
496 4867 557 4920 nihl
568 4869 675 4921 redditus
683 4882 748 4921 rano
979 4871 1043 4927 lTe
1056 4871 1146 4926 multo
1153 4875 1280 4943 tempore
1289 4871 1398 4927 Pharus
1408 4871 1504 4926 docuit
1515 4871 1591 4943 quod
1607 4873 1699 4929 mma
1709 4888 1767 4929 nes·

186 4944 232 4998 Μ
245 4953 324 5010 ertit·
335 4948 442 5015 cbristo,
454 4949 511 5016 <llil
522 4954 544 5000 ¹⁰
554 4951 590 5000 ¹⁶¹
600 4962 652 5001 ⁸⁰¹⁰
664 4949 761 5003 Mil·
976 4959 1050 5028 civit,
1066 4958 1200 5015 instruxit
1212 4958 1353 5032 AEgyptus
1372 4960 1447 5032 quod
1460 4960 1544 5017 ltalia
1557 4960 1705 5037 bucusque
1715 4975 1768 5018 non

175 5046 247 5102 Cum
270 5046 357 5119 igitur
370 5048 422 5104 bac
439 5050 549 5106 ratione
564 5051 688 5123 priorem
707 5051 768 5122 ejus
784 5051 936 5108 adventum
977 5048 1112 5116 babuit»
1129 5055 1182 5105 etc.
1281 5124 1283 5128 y

140 5134 292 5207 contigisse
301 5139 588 5214 oportuerittempore
596 5140 687 5214 quinti
696 5139 765 5197 editi
776 5140 897 5196 natalitii
906 5141 936 5197 in
976 5141 1099 5195 Melania
1118 5140 1219 5195 recedit
1231 5141 1266 5194 ab
1288 5141 1356 5195 urbe
1377 5142 1410 5195 in
1430 5138 1561 5198 Siciliam
1576 5146 1604 5196 et
1627 5145 1769 5198 reuertitur

141 5240 227 5301 quem
235 5223 348 5280 Domini
361 5243 467 5284 anuum
479 5229 545 5284 illuc
555 5231 733 5302 potissimum
742 5229 936 5298 inciderit,hoc
1267 5232 1476 5298 lerosolymam.

142 5314 345 5395 exquirendum
353 5320 405 5371 est.
415 5317 598 5375 Numeranda
608 5320 721 5392 quidem
730 5336 791 5376 esse
806 5319 936 5376 natalitia
1014 5321 1095 5375 Anno
1110 5320 1214 5375 Obrr‘sti
1228 5316 1289 5376 408.
1302 5319 1405 5374 -Hoc
1419 5319 1488 5375 item
1499 5334 1575 5376 anno
1591 5317 1768 5391 (chesdim.

142 5406 192 5462 illa
200 5402 311 5461 Paulini
326 5402 361 5459 ab
374 5405 476 5462 ultimo
486 5422 570 5474 anno,
582 5425 638 5481 quo
652 5409 743 5465 adhuc
763 5410 894 5466 detentus
907 5410 937 5465 in
978 5408 1136 5466 innocentii
1154 5406 1268 5482 Papaei,
1284 5408 1400 5464 Honorii
1410 5409 1455 5477 ll,
1472 5408 1624 5466 Theodosii
1641 5411 1666 5478 l,
1678 5411 1769 5485 impp!

142 5492 279 5568 Hispania
286 5494 407 5550 Romam
416 5495 698 5568 parabatadventum,
712 5516 744 5554 ex
755 5499 816 5571 ipso
825 5499 894 5555 satis
901 5499 940 5555 in·
980 5498 1028 5569 qui
1044 5498 1299 5555 urbisobsidionem
1308 5498 1770 5571 praecessit,MelaniaRomanari·

144 5584 232 5660 telligi
246 5587 348 5658 potest.
376 5584 442 5644 Fuit
462 5586 510 5642 ille
525 5601 615 5645 annus
629 5587 742 5646 Domini
756 5591 799 5662 (ut
810 5585 938 5663 vidimus)
980 5588 1045 5658 dua,
1056 5588 1091 5644 de
1104 5605 1160 5664 qua
1169 5606 1243 5663 saepe
1256 5588 1385 5662 superius
1394 5587 1499 5647 mentio
1513 5588 1588 5646 facta
1597 5596 1652 5663 est,
1666 5589 1772 5666 antiqui
