3818 6120
132 294 189 354 2³3
413 286 418 298 '
516 295 601 353 VITA
619 297 749 355 sanem
768 300 945 357 Paullum}
962 301 1116 358 asparis
1134 298 1392 356 TARENNENSIS.
1717 302 1772 360 ΞΜ

131 426 229 492 gaute,
242 421 304 492 jam
318 418 354 474 ab
377 419 458 474 aunis
480 420 636 492 puerilibus
661 427 771 478 amator
789 425 1060 486 exstitersthcravit
1075 424 1140 496 (ll).
1151 424 1336 480 Morabantur
1345 440 1412 495 ergo
1426 423 1520 491 simul,
1537 422 1714 481 abstinentia
1728 431 1770 482 at·

131 510 281 565 eastitatis.
974 532 1028 586 que
1038 513 1168 586 precibus
1183 530 1297 585 operam
1310 514 1419 569 dantes.
1434 511 1577 567 Terrebant
1590 530 1701 586 quoque
1712 515 1771 570 cili-

168 603 235 654 er.
250 600 284 653 V.
297 631 329 641 —
345 600 435 672 Igitur
449 603 650 660 Constantinus
664 604 818 675 imperator
829 603 933 676 pietate
974 603 1026 667 eia,
1043 608 1073 658 et
1085 602 1253 657 laborabant
1265 601 1394 656 manibus
1404 601 1471 666 suis,
1476 601 1557 671 juxta
1569 600 1684 657 beatum
1693 604 1769 674 Apo·

131 704 165 742 ac
180 689 246 755 fide,
263 707 320 760 qua
333 691 446 747 Christo
456 693 582 759 credidit,
600 692 743 748 victoriam
758 694 793 747 de
807 693 934 748 hostibus
975 678 1088 757 stolum,
1098 696 1390 761 nontantumprosua
1400 689 1602 744 refectionevel
1612 692 1772 762 requie,sed

131 784 310 845 consecutus,
339 780 446 836 tirones
467 782 552 853 jussit
571 782 685 837 absolvi.
704 782 749 837 Sic
768 782 935 837 pachomius
975 786 1008 835 ut
1021 781 1241 835 haberentunde
1255 779 1412 834 tribuerent
1426 779 1622 834 necessitatem
1637 779 1770 851 patienti·

132 873 232 938 optata
246 867 298 921 sibi
306 867 435 925 libertate
443 888 583 937 concessa,
597 871 726 943 protinus
736 871 771 925 ad
784 871 934 926 Thebaidis
974 869 1026 924 bus
1042 871 1146 939 (Epiros.
1159 873 1205 939 rr).
1221 867 1366 938 invigiliis
1377 867 1534 921 ctiamcum
1547 874 1700 924 nocturnas
1709 886 1772 924 ore·

133 956 483 1028 ulterioraregreditur,et
497 960 641 1030 ingressus
651 959 807 1026 ecclesiam,
820 977 881 1031 qua
891 966 935 1015 cst
975 959 1064 1014 tiones
1079 958 1261 1023 celebrarent,
1273 957 1297 1010 si
1312 956 1423 1027 quaudo
1433 955 1526 1010 senior
1546 955 1661 1013 vidisset
1674 975 1773 1014 somno

133 1044 164 1100 in
179 1044 251 1110 vico,
274 1046 318 1100 cui
346 1063 501 1117 cognomen
530 1054 573 1103 est
592 1048 806 1103 chinoboscium
822 1049 886 1124 (ll),
903 1050 935 1103 frt
975 1048 1157 1102 Pachomium
1169 1047 1269 1118 premi,
1282 1046 1403 1100 educens
1418 1045 1695 1111 eumforas,arenam
1708 1064 1771 1118 por·

134 1133 211 1189 illico
221 1136 557 1207 catechumenus,etpost
570 1138 716 1208 paululum
729 1137 851 1208 gratiam
862 1138 935 1191 lara·
975 1143 1036 1192 tare
1052 1135 1231 1208 precipiebat
1244 1135 1279 1189 de
1293 1135 1353 1189 loco
1369 1134 1404 1188 ad
1419 1134 1540 1188 alterum
1553 1135 1663 1202 locum;
1680 1140 1709 1190 et
1722 1136 1773 1191 tali

135 1223 176 1279 cri
191 1223 287 1278 uitalis
300 1224 472 1295 adipiscitur.
490 1226 524 1280 Et
538 1224 600 1297 ipsa
615 1231 705 1293 nocte,
723 1242 780 1297 qua
793 1226 936 1298 mysteriis
976 1226 1107 1281 exercitio
1121 1230 1245 1279 mentem
1260 1225 1322 1293 ejus
1331 1229 1476 1293 gravatam
1487 1223 1578 1277 somni
1592 1223 1715 1294 pondere
1725 1241 1772 1279 su·

134 1313 225 1368 sacris
236 1312 364 1368 imbutus
377 1321 429 1381 est,
438 1314 507 1369 vidit
516 1315 545 1369 in
559 1316 665 1371 somnis
677 1316 762 1370 veluti
778 1333 870 1371 rorem
880 1333 936 1371 cor·
977 1314 1114 1379 blerabat,
1130 1314 1281 1367 instituens
1296 1328 1328 1367 ac
1343 1313 1469 1367 formans
1491 1328 1566 1378 cum,
1591 1316 1623 1366 ut
1637 1312 1773 1368 sollicitus

135 1402 205 1456 litus
218 1403 357 1474 allapsum
372 1420 452 1458 suam
467 1405 589 1475 replesse
606 1405 760 1471 dexteram,
781 1406 850 1460 etin
865 1405 936 1459 mcl-
977 1412 1051 1460 esset
1064 1405 1093 1459 in
1107 1406 1244 1478 precibus,
1262 1406 1356 1460 dicens
1371 1403 1397 1458 ci
1414 1421 1419 1456 :
1437 1400 1554 1467 Labora,
1579 1401 1722 1468 Pachomi,
1745 1408 1774 1457 ct

134 1491 170 1546 lis
182 1490 242 1559 (It)
251 1490 370 1546 erexisse
378 1493 577 1564 pinguedinem
589 1516 595 1558 ;
606 1493 714 1549 audiant
723 1511 935 1566 quoquexocem
976 1496 1069 1565 vigila,
1081 1514 1117 1551 ne
1132 1497 1244 1568 quando
1259 1495 1343 1567 (quod
1362 1493 1442 1553 absitt
1457 1491 1492 1546 ab
1507 1491 1559 1546 hoc
1572 1507 1647 1546 nunc
1662 1490 1773 1563 incepto
1881 1514 1884 1519 ·

134 1579 278 1634 dicentem
292 1579 345 1635 sibi
361 1599 366 1634 :
384 1581 546 1649 Considera,
562 1583 704 1650 Pachomi,
721 1583 796 1655 quod
816 1584 933 1655 geritur.
976 1587 1119 1656 proposIto
1126 1591 1154 1639 tc
1162 1590 1292 1640 amoveat
1299 1585 1322 1638 is
1332 1583 1379 1654 qui
1392 1586 1492 1647 tentat,
1508 1579 1775 1635 etinanisliatlabor

135 1669 185 1724 Est
197 1670 274 1723 enim
295 1671 442 1736 115hoc
452 1673 563 1742 signum
576 1672 685 1742 gratim,
694 1689 755 1743 qum
769 1672 843 1727 tibia
854 1672 935 1727 Chri·
977 1679 1081 1728 aostcr.
1098 1675 1165 1738 Quae
1179 1679 1279 1729 cuncta
1293 1671 1462 1726 Pachomius
1476 1669 1639 1723 obedienter
1652 1685 1686 1722 ac
1699 1668 1774 1723 solli·

134 1765 179 1812 sto
189 1759 294 1813 collata
306 1764 358 1813 est.
370 1760 442 1815 ilinc
451 1761 646 1833 itaquedirino
660 1761 853 1816 inflammatus
867 1762 935 1816 sffe-
945 1742 965 1800 Β
976 1763 1030 1817 cite
1044 1763 1209 1834 susciplens,
1217 1762 1291 1817 acde
1301 1761 1346 1814 dic
1355 1761 1384 1814 iu
1396 1760 1471 1813 diem
1479 1763 1581 1813 sauetae
1592 1756 1771 1812 mutinentiae

134 1854 192 1914 ctu,
211 1852 241 1902 et
255 1866 288 1903 ex
298 1849 455 1904 dilectionis
467 1850 561 1920 jaculo
574 1850 679 1905 salubri
692 1851 807 1905 vulnere
826 1851 935 1905 saucia·
976 1852 1145 1924 profectibus
1156 1868 1292 1915 crescens,
1309 1848 1496 1904 venerabilem
1506 1862 1604 1901 senem
1612 1845 1697 1900 nimis
1711 1845 1771 1900 ala·

134 1942 327 2001 tuS,totumse
337 1938 491 2010 disciplinis
506 1938 821 2010 atqueinstitutionibus
833 1939 935 1994 divinis
975 1958 1051 1995 mem
1065 1942 1216 2013 latumque
1231 1939 1373 2005 reddebat,
1388 1939 1429 1992 ita
1442 1941 1474 1992 ut
1484 1935 1595 1991 Christo
1603 1950 1715 2005 semper
1723 1950 1774 2005 pro

62 2032 71 2053 ⁶
132 2025 307 2097 subjugavit.
977 2032 1187 2086 conversatione
1203 2031 1264 2100 ejus
1277 2028 1384 2100 gratias
1398 2031 1504 2097 ageret.

170 2116 241 2170 Car.
249 2116 334 2171 VL-
345 2116 558 2172 hudixItautem
567 2118 716 2188 quemdam
727 2119 935 2186 anachoretam,
1013 2121 1082 2174 Car.
1095 2119 1207 2175 VIII-
1218 2121 1273 2173 Per
1280 2118 1355 2172 idem
1367 2122 1480 2187 tempus
1494 2112 1700 2169 sacratissimus
1713 2111 1774 2167 dies

133 2204 178 2260 cui
194 2222 299 2259 nomen
315 2210 377 2260 erat
393 2206 533 2261 Palaemon
554 2205 620 2276 (13),
637 2206 712 2262 intra
726 2208 814 2262 eremi
830 2213 938 2263 secreta
977 2208 1121 2262 Paschalis
1134 2208 1295 2271 advenerat,
1311 2212 1340 2261 et
1354 2206 1394 2260 ait
1409 2205 1444 2259 ad
1457 2202 1640 2258 Pachomium
1655 2200 1749 2256 senior
1763 2221 1771 2258 ε

135 2293 257 2349 Domino
269 2294 457 2362 servientem
482 2295 518 2349 ad
538 2312 622 2366 quem
646 2296 801 2364 confestim,
826 2313 890 2352 cum
905 2314 938 2352 eo
979 2297 1117 2361 Quoniam
1131 2303 1296 2352 cunctorum
1310 2294 1533 2350 ChristIanorum
1552 2289 1718 2346 universalis
1732 2293 1776 2345 est

136 2383 254 2454 cupiens
269 2381 406 2449 babitare,
423 2384 554 2455 perrexit,
571 2390 600 2438 et
615 2385 730 2455 pulsans
752 2386 857 2440 ostium
881 2387 938 2441 cel·
978 2385 1033 2440 ista
1045 2386 1191 2452 testivitas,
1207 2384 1287 2440 nobis
1299 2400 1410 2456 quoquc
1431 2398 1498 2455 para
1518 2398 1579 2452 quse
1599 2379 1664 2434 usui
1678 2383 1775 2434 nostro

137 2472 201 2526 luite
216 2472 465 2543 ejus‚prccabatur
477 2473 645 2544 ingressum.
656 2473 709 2528 (lui
722 2490 806 2528 senex
813 2475 939 2546 aliquan·
979 2479 1046 2530 sunt
1059 2492 1192 2546 congrua.
1208 2474 1286 2529 Tunc
1299 2473 1345 2527 ille
1360 2477 1506 2543 promptus
1526 2470 1561 2524 ad
1577 2469 1775 2539 obtemperan-

137 2561 232 2614 tulum
246 2561 417 2632 patefaciens
426 2561 543 2627 aditum,
555 2561 641 2616 dixit:
654 2563 727 2627 Quid
737 2563 938 2634 rislautquem
979 2564 1056 2630 dum,
1073 2565 1100 2618 id
1117 2563 1191 2635 quod
1206 2562 1258 2617 sibi
1272 2568 1446 2634 pracceptum
1456 2565 1499 2615 est
1510 2558 1653 2630 implevit;
1674 2560 1776 2627 praeter

138 2649 259 2720 quaeris?
288 2651 355 2704 Erat
373 2650 449 2705 enim
471 2667 567 2705 severo
594 2656 717 2722 aspectu,
734 2651 938 2723 propterquod
979 2654 1092 2708 solitum
1108 2670 1229 2724 namque
1239 2668 1391 2724 parumper
1405 2646 1613 2721 accipiensolei,
1630 2662 1694 2701 cum
1708 2644 1776 2700 sali-

138 2739 509 2811 multotemporesolitarius
516 2740 599 2794 vitam
610 2741 707 2811 rigidae
719 2740 937 2795 conversationis
961 2736 964 2742 ’
980 2742 1031 2798 bus
1040 2742 1115 2797 tritis
1129 2742 1438 2812 admiscuitbapsanas
1452 2739 1538 2804 onim,
1554 2736 1583 2791 id
1593 2734 1776 2805 cst,agrestia

138 2833 282 2899 exegerat.
295 2828 476 2900 Respondeas
488 2834 583 2884 autem
598 2830 777 2897 pachomius,
789 2831 830 2884 ait
844 2848 849 2882 :
863 2830 937 2884 Deus
979 2831 1055 2885 olera
1070 2832 1135 2901 (15),
1153 2836 1182 2885 ct
1194 2830 1295 2885 herbas
1309 2830 1377 2884 alias
1390 2833 1490 2900 praeter
1511 2827 1605 2881 oleum
1623 2839 1776 2878 consueve-

140 2932 183 2970 mc
192 2917 271 2971 misit
287 2918 322 2972 ad
333 2923 371 2984 te,
383 2920 575 2973 utmonachus
589 2919 665 2975 fram.
684 2919 735 2974 Cui
746 2919 840 2973 senior
856 2919 936 2973 :Non
979 2925 1044 2974 rant
1057 2921 1149 2976 edera,
1166 2922 1236 2974 Cum
1252 2936 1318 2990 ergo
1332 2921 1525 2991 praeparasset,
1544 2913 1585 2968 ait
1604 2912 1639 2967 ad
1654 2928 1750 2966 senem
1766 2928 1773 2965 ε

137 3012 217 3076 potes
232 3006 289 3069 hie,
301 3006 402 3078 inquit,
418 3008 571 3062 monachus
588 3007 667 3072 fieri:
690 3025 746 3062 non
762 3008 838 3063 enim
853 3024 937 3080 parra
979 3010 1041 3064 Feci
1056 3010 1129 3080 quod
1145 3015 1195 3063 tua
1215 3008 1371 3080 paternitas
1394 3004 1551 3077 inasperavit.
1572 3003 1700 3071 Cumque
1713 3003 1777 3070 post

138 3110 181 3148 res
196 3094 304 3165 agitur,
312 3095 336 3149 si
350 3096 408 3150 reri
422 3096 552 3151 monachi
561 3097 735 3151 conversatio
750 3103 827 3152 casta
840 3113 938 3168 pense·
947 3103 969 3165 G
978 3098 1120 3153 orationes
1133 3098 1232 3152 beatus
1246 3098 1385 3153 Palaemon
1400 3093 1561 3149 accessisset
1582 3090 1618 3145 ad
1638 3104 1776 3155 mensam,

138 3183 379 3254 tur3namplures
388 3184 442 3238 huc
452 3185 558 3240 dudum
568 3184 721 3253 venientes,
737 3186 830 3240 allecti
843 3186 936 3254 taedio,
979 3187 1147 3257 vidissetque
1158 3187 1211 3241 olei
1222 3192 1388 3258 apparatum
1399 3201 1463 3239 cum
1473 3181 1587 3248 salibus,
1603 3178 1776 3232 fricansms·

139 3272 416 3342 perseverantiaeuou
426 3278 542 3329 tenuere
553 3274 694 3329 virtutem.
706 3275 741 3329 Et
751 3275 935 3329 Pachomius:
980 3276 1062 3331 nibus
1076 3276 1206 3340 frontem,
1224 3281 1253 3330 ct
1267 3275 1387 3343 ubertim
1410 3273 1530 3328 fundens
1548 3271 1696 3340 lacrymas,
1714 3265 1776 3322 ait:

141 3360 200 3415 h'on
216 3366 294 3426 sunt,
311 3362 413 3433 iuquit,
429 3364 550 3434 aequales
564 3364 691 3418 omnium
710 3380 812 3420 mores.
834 3364 939 3419 ldeiaco
979 3365 1117 3420 Dominus
1133 3382 1212 3420 meus
1225 3365 1373 3420 crucifixus
1386 3367 1438 3427 est,
1446 3367 1475 3416 et
1488 3376 1540 3432 ego
1549 3374 1624 3413 nunc
1632 3356 1726 3410 oleum
1733 3369 1780 3408 co·

140 3465 240 3519 precor
253 3456 287 3504 ut
297 3467 342 3505 me
356 3451 479 3521 digneris
489 3453 625 3524 excipere,
642 3458 670 3508 et
683 3470 813 3524 processu
829 3459 940 3524 tempo·
981 3454 1114 3508 medam?
1129 3455 1256 3524 Cumque
1268 3458 1380 3524 rogaret
1393 3469 1458 3506 eum
1468 3447 1635 3505 Pachomius
1646 3441 1779 3499 utmodi·

142 3538 178 3593 ris
191 3543 252 3593 tarn
265 3539 439 3594 voluntatem
453 3558 545 3596 meam
556 3558 639 3613 quam
655 3541 868 3614 possibilitatem
883 3543 941 3613 ple·
981 3559 1044 3597 cum
1061 3543 1169 3614 quidex
1183 3560 1215 3597 eo
1230 3542 1531 3608 sumeret,aullatenus
1544 3534 1777 3608 acquIevit.Tune

144 3627 205 3681 nius
221 3627 403 3698 approbabis.
421 3630 456 3683 Et
473 3629 567 3684 senior
581 3630 621 3684 ait
637 3648 643 3683 :
659 3631 722 3685 lam
736 3631 788 3685 tibi
808 3631 940 3703 praefatus
981 3647 1032 3702 pro
1048 3648 1126 3686 more
1140 3632 1198 3685 sale
1216 3636 1245 3685 et
1256 3648 1328 3703 panc
1343 3631 1428 3685 allato
1442 3630 1476 3683 ad
1489 3623 1715 3683 manducandum
1728 3635 1777 3692 ps-

144 3731 202 3770 sum
231 3717 306 3787 quod
334 3717 379 3771 hic
399 3717 460 3772 fieri
478 3720 632 3773 monachus
648 3720 725 3774 nullo
742 3721 825 3775 modo
839 3720 938 3792 possis.
982 3721 1051 3775 riter
1064 3720 1345 3792 consederuntssQuae
1359 3736 1443 3774 senex
1458 3717 1548 3772 crucis
1562 3713 1668 3773 Christi
1682 3710 1774 3781 signo,

145 3803 232 3875 Perge
242 3806 335 3875 magis
347 3807 463 3861 adalind
474 3808 687 3878 monasterium,
699 3815 795 3863 etcum
804 3810 942 3880 tantisper
982 3810 1253 3875 sicutconsucrerat,
1266 3809 1442 3875 benedicens,
1455 3806 1546 3862 cibum
1555 3809 1674 3874 uterque
1684 3814 1779 3869 sump-

145 3891 246 3949 ibidem
261 3895 441 3950 continentiae
455 3913 569 3967 operam
581 3897 692 3951 dederis
706 3903 773 3957 tunc
786 3899 821 3953 ad
837 3915 881 3952 mc
896 3915 941 3953 rc·
982 3905 1088 3965 serunt,
1116 3900 1235 3954 Domino
1260 3899 1367 3969 gratias
1387 3899 1429 3965 (ut
1442 3912 1494 3968 par
1510 3895 1608 3963 fuerat)
1633 3888 1779 3947 humiliter

144 3984 372 4056 moderateque
390 3986 451 4040 sine
469 4002 549 4041 mora
563 3986 724 4057 suscipiam.
739 3987 941 4042 Verumtamen
982 3986 1153 4043 exhibentes.

145 4072 257 4128 adverte
270 4073 345 4144 quod
355 4073 555 4145 diealigohic,
565 4075 615 4142 ali,
631 4076 699 4130 satis
710 4076 857 4146 frugaliter
869 4076 939 4134 xixo.
1018 4077 1083 4131 Car.
1100 4078 1150 4136 lx.
1168 4109 1201 4119 -
1216 4078 1279 4133 Una
1291 4094 1356 4131 sero
1367 4077 1487 4142 dicrum,
1499 4090 1565 4129 cum
1578 4069 1726 4142 vigilantes
1740 4062 1779 4119 si·

145 4158 213 4217 Nam
222 4162 407 4218 nimisardua
419 4169 447 4217 et
456 4163 822 4220 durissimaeonrcrsatione
831 4182 942 4221 mecas-
982 4165 1040 4219 mul
1049 4166 1188 4221 Palaemon
1199 4171 1228 4221 et
1237 4165 1596 4222 Pachomiusaccendercnt
1605 4164 1709 4233 ignem,
1719 4158 1779 4230 qui·

143 4251 209 4324 ligo,
226 4251 335 4307 nullius
349 4251 389 4306 rei
404 4251 529 4307 ciborum
542 4259 633 4322 utens,
643 4255 904 4327 nisitantumpanis
914 4261 942 4311 et
982 4254 1046 4307 dam
1061 4254 1149 4310 frater
1160 4256 1368 4327 superveniens,
1385 4255 1460 4326 apud
1480 4272 1527 4309 eos
1551 4268 1665 4307 manere
1678 4249 1776 4304 soluit.

142 4342 218 4396 salis.
231 4340 303 4397 Oleo
312 4346 408 4396 autem
421 4342 523 4397 ctrina
537 4343 566 4397 iu
579 4349 668 4399 totum
679 4361 793 4416 prorsus
803 4345 939 4400 abstineo.
982 4342 1036 4406 Qui
1050 4359 1114 4398 cum
1129 4350 1276 4416 susceptus
1289 4351 1371 4412 esset,
1387 4342 1555 4398 interverba
1570 4344 1611 4404 (ut
1622 4340 1683 4395 lieri
1698 4337 1778 4407 solet)

142 4427 235 4502 lligilo
245 4429 502 4498 dimidiumnoctis,
514 4433 588 4502 quod
603 4433 726 4504 spatium
740 4435 783 4488 vel
794 4433 823 4487 in
838 4423 1085 4504 oratio-Derupit,
1103 4439 1131 4487 et
1146 4433 1234 4488 dixit:
1250 4435 1351 4506 Siquis
1367 4434 1457 4488 srdelis
1469 4439 1513 4489 est
1527 4449 1560 4487 ex
1573 4431 1659 4498 robis,
1672 4434 1779 4485 stetsu·

137 4532 174 4575 ue
189 4518 325 4584 solemni,
341 4520 384 4573 vel
399 4519 429 4574 in
445 4520 628 4575 meditatione
645 4522 744 4577 dirinae
758 4523 886 4578 lectionis
898 4523 942 4578 in·
984 4538 1034 4592 per
1054 4522 1105 4576 hos
1127 4523 1262 4578 carbones
1280 4524 1363 4595 ignis,
1380 4529 1407 4579 ct
1423 4523 1579 4578 orationem
1602 4519 1779 4576 Dominicam

134 4623 239 4675 sum03
256 4607 400 4665 interdum
417 4614 626 4681 quoquetotam
640 4615 750 4666 noctem
765 4612 836 4667 duco
851 4613 943 4684 pervi-
984 4610 1089 4665 sensim
1104 4612 1233 4684 lenteque
1244 4614 1416 4685 pronuntiet.
1425 4614 1513 4676 Quem
1528 4611 1627 4666 beatus
1638 4612 1780 4665 Palaemon

130 4699 240 4768 gilem.
255 4697 320 4752 Hac
334 4702 429 4752 autem
445 4699 563 4754 audiens
583 4700 758 4768 Pachomius,
776 4702 894 4773 expavit,
911 4708 945 4758 ut
983 4699 1143 4772 iutelligens
1157 4703 1294 4774 superbia
1306 4708 1416 4757 tumore
1430 4702 1588 4772 deceptum,
1607 4700 1781 4755 commonuit

131 4789 238 4843 solent
250 4787 332 4858 pueri
346 4788 546 4859 magistrorum
567 4790 658 4844 vereri
672 4792 871 4861 praesentiam
893 4792 942 4847 sed
983 4789 1099 4845 dicens:
1122 4792 1233 4857 Desine,
1257 4792 1353 4857 frater,
1376 4791 1411 4845 ab
1429 4791 1481 4845 hac
1502 4790 1621 4855 insania,
1646 4806 1698 4845 nec
1724 4790 1781 4844 tale

127 4876 238 4949 gratia
249 4874 362 4930 Domini
377 4875 535 4945 roboratus,
551 4893 663 4932 omnem
679 4879 752 4934 hunc
766 4879 890 4934 laborem
903 4885 944 4935 to
986 4879 1052 4950 quid
1066 4880 1184 4935 ulterius
1196 4881 1389 4953 loquarisQui
1402 4881 1577 4952 correptione
1585 4882 1660 4935 senis
1674 4897 1781 4936 nonso

129 4961 236 5021 lerare
250 4965 408 5036 proposuit,
428 4966 544 5037 senique
558 4968 703 5038 respondit
718 4986 724 5021 :
741 4969 831 5023 Credo
846 4969 875 5022 ln
887 4970 944 5024 Do·
985 4968 1043 5022 lum
1053 4986 1108 5023 non
1123 4970 1277 5041 profecitin
1292 4970 1401 5038 melius,
1413 4971 1462 5025 sed
1476 4971 1539 5048 plus
1549 4971 1670 5026 elatione
1679 4969 1782 5024 mentis

130 5055 223 5109 mino
246 5054 314 5108 Jesu
335 5054 455 5122 Christo,
472 5055 520 5126 qui
535 5055 605 5109 mihi
626 5056 819 5112 fortitudinem
838 5058 945 5128 patien·
986 5057 1110 5123 inflatae,
1122 5075 1207 5130 super
1225 5059 1318 5129 ignem
1341 5066 1417 5114 stare
1442 5061 1526 5132 cepis
1546 5062 1688 5127 audacter,
1704 5059 1782 5115 nullo

131 5143 273 5213 tiamque
286 5142 439 5213 prestabit,
461 5149 494 5199 ut
507 5144 609 5216 dignus
624 5145 730 5201 efficiar
753 5147 811 5201 tuis
832 5148 946 5219 adjutus
986 5147 1038 5202 sibi
1053 5148 1163 5219 penitus
1177 5148 1348 5219 imperante3
1361 5156 1477 5222 cratque
1487 5151 1781 5222 conspicerc,quomo-
1833 5186 1838 5195 -

135 5231 286 5303 precibus,
305 5231 332 5285 in
348 5238 447 5287 sancta
472 5234 682 5290 couversatione
702 5253 753 5308 per
773 5237 869 5292 onmia
884 5237 944 5294 ritae
986 5237 1021 5291 do
1036 5244 1202 5308 cooperante
1217 5238 1329 5293 inimico
1344 5239 1461 5295 humani
1475 5241 1597 5312 generis,
1620 5246 1648 5294 et
1661 5238 1780 5295 Domino

136 5333 217 5374 unere
229 5318 372 5374 curricula
386 5337 560 5392 permanere.
985 5327 1781 5401 permittentemequaquamperustusfueritignisattactu.

181 5408 250 5463 Car.
262 5408 323 5464 Vll.
337 5440 369 5450 -
384 5409 462 5465 Tunc
474 5418 586 5466 sanctus
601 5412 741 5465 Palaemon
754 5413 946 5483 spiritualibus
987 5416 1045 5468 lloc
1056 5415 1147 5486 ipsum
1163 5424 1179 5482 Ι
1193 5423 1252 5482 1ss
1262 5435 1327 5474 xero
1340 5421 1413 5490 quod
1428 5421 1516 5492 gessit
1526 5421 1649 5491 impune,
1660 5420 1696 5474 ad
1711 5434 1780 5486 aug-

143 5497 235 5551 oeulis
253 5496 368 5553 intuens
395 5498 537 5554 Pachumii
562 5500 656 5567 fidem,
679 5500 793 5554 tandem
817 5503 947 5572 patefecit
987 5510 1112 5559 meantum
1126 5505 1242 5577 profecit
1249 5509 1310 5578 ejus
1323 5509 1449 5577 insaniae,
1460 5510 1613 5565 secundum
1629 5510 1704 5581 quod
1718 5508 1784 5561 scri·

147 5585 405 5659 adiwmeumque
418 5588 585 5661 suscipiens,
600 5589 841 5646 habitumouachi
853 5609 947 5650 eonse-
986 5598 1067 5666 ptum
1080 5601 1126 5651 est
1140 5615 1146 5651 ε
1162 5595 1205 5652 hd
1224 5613 1324 5668 pravos
1337 5615 1438 5669 pravas
1460 5598 1518 5652 rias
1542 5598 1632 5653 mittit
1646 5596 1782 5653 Dominus

272 5685 408 5750 Parnon
428 5687 568 5751 LXXIII.
1643 5696 1665 5757 8
