3818 6120
150 276 202 339 ³73
609 233 695 340 vind
713 282 842 343 SANOTI
860 284 1013 343 loannis
1031 281 1333 340 uuusuosrrmml.
1737 289 1787 348 374

149 410 212 461 etus
221 407 312 475 valde,
324 395 394 467 duit
408 408 444 463 sd
458 424 538 465 eum:
561 410 650 465 crede
667 412 746 478 mihi,
763 414 867 466 multas
881 427 933 467 cen
942 443 948 454 ·
957 411 981 471 t
990 424 1042 463 nes
1056 409 1146 472 freter,
1161 413 1189 463 et
1198 413 1311 479 peccate
1333 414 1361 464 at
1384 408 1575 468 inobedientia
1588 410 1718 483 deceptos
1733 412 1786 467 ite·

149 497 324 554 versationes
337 499 455 554 Petrum
470 501 535 570 legi,
552 501 608 554 tale
624 501 728 572 aliquid
743 503 911 557 norandini.
990 515 1053 554 rum
1068 497 1223 561 vivificavit,
1235 502 1264 551 et
1273 500 1632 569 mprepriesanguine
1642 501 1789 561 redemite

183 586 252 640 Car.
269 587 790 645 XXXVIII.-Malitiamreservantcm
799 593 948 663 quemdam
991 595 1091 652 morte,
1107 594 1136 642 et
1151 604 1263 645 estruem
1278 593 1384 643 terrum
1399 594 1427 645 et
1435 589 1528 658 ipsum
1542 590 1643 649 eoeluru
1660 590 1689 649 in
1704 590 1786 651 obse·

149 674 317 742 illustrium,
332 684 431 732 contre
440 678 698 751 sliumpriucipem,
711 681 828 734 audiens
838 682 883 735 hic
894 698 951 735 ma·
991 679 1090 749 quium
1104 677 1252 734 hominum
1268 676 1403 742 subdidit,
1415 678 1464 733 sed
1476 685 1586 737 stnunc
1595 679 1716 750 qualiter
1727 696 1788 752 pse

147 780 223 836 gnus
237 766 370 832 loannes,
382 767 494 821 monuit
507 783 571 822 eum
588 784 671 841 saepe,
690 776 719 823 et
732 770 822 824 suasit
833 771 867 824 sd
883 787 950 824 cen-
990 766 1279 837 eeutesneudissipat,
1291 766 1789 841 aedrongsnimisarmsgisexspeetot

147 854 286 917 cordiam,
302 860 333 909 et
349 871 407 909 uon
425 857 518 927 potuit
534 873 598 912 enm
613 865 774 913 convertere
793 860 828 913 ad
841 876 948 931 paoem.
991 855 1317 920 immobilisillonsturs‚
1333 855 1538 926 etpstiensille
1550 858 1656 923 oculus.
1668 858 1787 919 atnebis

146 941 246 998 Semel
255 960 324 1013 erge
336 945 423 999 mittit
436 950 465 999 et
476 945 591 1000 adducit
600 963 664 1001 earn
675 954 798 1014 sanetus,
811 948 949 1019 qussipre
990 944 1487 1017 plerumqueblasphemantibusipse
1501 946 1660 1004 consolatur
1670 952 1698 1008 et
1711 947 1787 1009 bun

144 1047 177 1087 re
198 1032 331 1103 publica:
347 1034 455 1088 etfacit
468 1035 568 1089 missas
582 1037 611 1089 in
627 1037 749 1091 oratorio
763 1054 823 1099 sue,
841 1038 950 1094 nullum
990 1034 1340 1105 diturpermiseratienern
1349 1049 1439 1098 sumn,
1452 1033 1600 1094 desursum
1609 1035 1717 1106 pluvias
1725 1053 1788 1108 pro·

142 1120 257 1176 habens
271 1122 325 1177 nisi
334 1124 497 1180 ministrum
506 1141 589 1179 suum
606 1125 673 1197 (8¹2).
689 1127 760 1183 Cum
775 1142 843 1197 erge
853 1133 950 1182 sancta
991 1128 1054 1195 pter
1064 1123 1149 1180 sitam
1163 1129 1289 1181 nostram
1300 1122 1437 1195 tribuens,
1455 1128 1575 1194 quantos
1588 1125 1678 1183 malos
1687 1141 1787 1197 aparte
1859 1139 1866 1152 '

142 1209 340 1267 benedixisset
349 1212 518 1283 patriarcha,
527 1215 716 1269 steretienem
725 1216 900 1270 Dominicam
908 1217 950 1271 in·
990 1213 1057 1276 rios,
1066 1216 1215 1284 pergentes
1226 1218 1258 1270 ut
1266 1212 1395 1269 occidant
1404 1211 1599 1280 culturensem
1612 1212 1716 1284 tentes
1729 1231 1786 1275 non

142 1299 540 1373 cheasset‚coepemntdieere
554 1310 612 1358 tres
620 1309 733 1361 tantum
744 1306 793 1371 ilii,
807 1306 949 1373 Paterno·
990 1302 1087 1366 tradit,
1099 1301 1496 1373 necapianturetpunianturl
1505 1306 1625 1372 quantos
1634 1302 1786 1363 mutentur

143 1392 216 1442 ster.
232 1390 269 1443 Et
281 1406 345 1444 eum
358 1392 533 1462 pervenisset
539 1393 575 1445 ad
590 1409 758 1459 sermenem,
773 1395 946 1465 quedicitur,
990 1390 1018 1446 in
1035 1391 1152 1447 neribus
1163 1391 1193 1446 in
1199 1391 1308 1462 pelago,
1318 1390 1515 1460 utpraedeutur
1521 1389 1665 1449 obviantes
1676 1391 1730 1451 sibi
1737 1407 1787 1452 utt-

143 1476 353 1533 Dlmitteuobls
367 1479 463 1533 debita
475 1486 581 1546 nestra,
598 1481 671 1535 sieut
680 1486 709 1535 et
718 1499 769 1537 nes
779 1482 948 1537 dimittimus
989 1497 1046 1546 ses,
1072 1485 1100 1534 et
1114 1479 1243 1536 occidant
1262 1480 1310 1549 qut
1324 1479 1353 1535 in
1377 1478 1418 1533 eis
1431 1484 1507 1544 sunt,
1525 1495 1582 1538 non
1601 1480 1741 1550 permitte
1756 1482 1787 1543 in
1838 1480 1840 1485 ’

143 1565 323 1622 debitoribus
333 1567 446 1634 nomme,
463 1569 557 1624 innuit
570 1570 722 1627 domestico
736 1571 904 1642 patriarcha,
917 1577 949 1626 ut
989 1568 1159 1640 protundum
1172 1568 1308 1638 demergi,
1317 1568 1366 1625 sed
1380 1568 1503 1638 imperat
1512 1567 1627 1627 marine
1636 1569 1787 1630 absorbeat

145 1659 265 1709 taceret.
287 1656 371 1710 siluit
387 1672 453 1727 ergo
468 1662 497 1711 et
510 1658 680 1729 patriarcha,
692 1665 721 1713 et
731 1661 866 1714 remansit
874 1661 949 1731 prin·
990 1675 1047 1724 ees,
1077 1663 1241 1729 exspectans
1261 1657 1472 1714 conversionem
1498 1657 1613 1715 malitias
1632 1658 1785 1728 ipserum?

146 1758 213 1814 seps
227 1744 316 1809 selus,
330 1745 426 1801 dicens
447 1763 574 1803 versum:
594 1747 710 1802 Dimitte
725 1748 814 1814 nobis,
833 1750 905 1803 sicut
919 1735 977 1805 etB
989 1728 1242 1819 qusnd'pejerant
1269 1763 1370 1816 corpus
1394 1743 1449 1814 (83)
1472 1751 1501 1803 ct
1528 1747 1695 1816 sanguinem
1723 1748 1785 1818 aius
1848 1739 1854 1746 ’

146 1847 199 1886 nos
212 1832 831 1903 dimittimusEtstatimcenversussanctus,
845 1838 947 1892 dieitei
988 1841 1206 1901 sacrosanctum,
1239 1841 1267 1891 et
1297 1835 1404 1906 patitur
1432 1841 1461 1891 et
1492 1835 1691 1905 longanimiter
1713 1837 1782 1907 agit,

147 1927 297 1977 mansueta
309 1939 391 1977 rece:
407 1924 478 1978 Vide
488 1925 516 1979 in
531 1925 607 1995 quali
619 1926 739 1979 terribili
750 1927 819 1981 hora
831 1927 896 1997 quid
907 1928 947 1981 di·
988 1943 1045 1981 nen
1064 1925 1185 1982 reddens
1206 1925 1246 1981 eis
1266 1925 1311 1981 hic
1331 1923 1438 1995 aliquid
1456 1923 1592 1981 diliicile?
1616 1930 1737 1995 quantes
1755 1926 1785 1987 in

147 2025 193 2063 cas
209 2000 284 2063 Dee:
301 2011 438 2075 Quoniam
457 2013 530 2068 sicut
543 2031 595 2085 ege
608 2014 730 2079 dimitte,
751 2016 792 2068 ita
815 2019 888 2070 etta
907 2017 947 2070 di·
987 2016 1088 2070 itinere
1103 2014 1302 2071 latrocinantes
1317 2029 1382 2073 non.
1396 2013 1484 2071 tradit
1508 2013 1539 2073 in
1559 2012 1651 2073 doum
1673 2014 1785 2075 ebrian-

146 2098 229 2153 mitte
245 2100 328 2157 mibi.
343 2101 490 2174 Tanquam
505 2102 540 2156 sb
554 2105 620 2174 igne
634 2104 729 2158 statim
740 2104 896 2159 emciatum
910 2106 947 2159 fe·
987 2105 1062 2160 tibus
1077 2104 1130 2163 sibi
1150 2103 1268 2161 bestiis?
1284 2108 1405 2175 quantes
1427 2107 1527 2162 euntes
1541 2101 1571 2162 in
1584 2118 1706 2161 concava
1729 2110 1784 2163 ter·

146 2203 212 2242 sens
226 2189 379 2260 predictus
394 2191 531 2263 princeps,
544 2193 644 2247 cecidit
656 2193 685 2246 in
702 2193 801 2247 faciem
812 2194 847 2247 ad
861 2194 946 2264 pedes
986 2210 1092 2258 rerum,
1112 2199 1141 2249 et
1154 2192 1289 2249 itinerum
1308 2192 1460 2251 seditiones
1474 2197 1633 2261 operantes,
1649 2193 1782 2264 protegit,

146 2277 246 2342 uncti,
268 2278 379 2333 dicens:
392 2280 570 2352 Quaecunque
582 2283 710 2352 jusseris,
725 2283 846 2347 domine,
863 2283 947 2339 saciet
989 2287 1020 2338 ut
1033 2298 1089 2338 nen
1109 2287 1342 2339 consumantura
1360 2278 1584 2339 custodientibus
1604 2280 1783 2345 mathusael
1853 2316 1855 2320 Α

106 2430 110 2435 ¹
146 2382 243 2421 semus
257 2371 333 2422 tuus.
349 2369 822 2426 Etreconciliatuscstinimicesuo
833 2389 866 2426 ex
876 2377 944 2426 tunc
986 2371 1071 2427 etiarn
1086 2371 1261 2427 hominibusi
1269 2370 1557 2429 Etmeintsrdutnaut
1566 2372 1783 2432 summeretrice

145 2468 208 2509 eum
219 2457 299 2510 omni
313 2457 440 2512 veritate.
984 2461 1175 2522 recumbente.
1190 2468 1240 2516 aut
1254 2477 1317 2517 cum
1332 2459 1375 2516 his
1386 2460 1433 2530 qui
1444 2477 1475 2517 se
1490 2459 1640 2525 inebrient,
1654 2465 1706 2520 sut
1717 2476 1782 2521 curn

170 2544 240 2599 cnr.
253 2546 561 2618 XXXIX—Superbum
571 2551 695 2605 autemst
703 2550 943 2622 ridebataliquem
984 2551 1080 2622 turpia
1094 2550 1272 2622 loquentibus
1284 2554 1476 2610 conversante.
1488 2554 1537 2605 aut
1546 2554 1647 2607 cetero
1657 2548 1783 2620 quantae

147 2631 256 2699 beatus,
265 2634 340 2691 hunc
348 2636 462 2706 quidem
474 2654 529 2692 nen
544 2639 682 2709 arguebat
694 2640 723 2693 in
734 2640 816 2695 facie:
832 2641 949 2711 quande
985 2641 1078 2696 seculi
1086 2641 1170 2711 hujus
1182 2638 1324 2710 implicato
1334 2644 1458 2709 peccate,
1471 2637 1532 2709 spis
1543 2637 1658 2708 quidem
1665 2637 1782 2699 ursum·

145 2726 239 2776 sutem
250 2738 317 2778 eum
327 2724 355 2778 in
371 2732 479 2791 secrete
493 2728 699 2782 succedentem
712 2728 832 2794 ridebat,
848 2731 944 2784 silere
985 2730 1083 2793 samur,
1100 2736 1129 2785 et
1141 2729 1226 2784 valles
1239 2733 1267 2784 et
1280 2729 1374 2784 alveos
1383 2727 1492 2792 circuit,
1510 2743 1638 2797 quaerens
1649 2726 1781 2799 colligere

145 2810 236 2866 bstde
246 2814 406 2868 bumilitate
415 2832 567 2882 sermones,
583 2824 616 2872 ut
625 2834 675 2888 per
683 2818 740 2872 tale
748 2820 942 2888 magisterium
984 2817 1117 2884 tractum,
1135 2823 1167 2871 ut
1179 2817 1260 2872 dulce
1270 2816 1355 2872 saciet
1367 2814 1437 2873 mihi
1450 2819 1559 2885 guttur,
1577 2815 1652 2886 quod
1666 2815 1740 2875 stada
1753 2823 1783 2877 tt

145 2903 250 2957 sensim
263 2909 425 2974 percuteret
438 2905 600 2976 superbum,
615 2912 644 2961 et
653 2908 813 2963 modestum
828 2909 941 2978 laceret,
984 2906 1081 2978 iniqua
1093 2905 1277 2977 pronuntiat,
1293 2922 1346 2961 uva
1360 2910 1455 2961 sutem
1469 2902 1585 2962 sannae
1598 2905 1781 2975 perennem

144 2991 239 3047 dicens
254 2992 308 3046 ita:
322 2993 418 3059 Mirer,
431 2995 536 3049 domini
550 2996 614 3062 mei,
631 2998 770 3067 quemodo
785 3014 841 3052 nen
853 3016 943 3052 recer-
984 2995 1132 3060 maturari,
1149 3001 1181 3049 ut
1192 2995 1298 3065 repleat
1312 2999 1387 3049 eset
1397 2992 1520 3049 laetisseet
1533 2993 1677 3063 conqueri
1690 2993 1779 3056 tecm

143 3079 227 3135 detur
236 3081 441 3137 misereanirna
450 3100 513 3138 mea
522 3084 691 3139 humilitatis
702 3085 1046 3156 quaedemonstrmcrern
1068 3100 1152 3138 suum
1174 3081 1384 3154 praevaricatum
1403 3088 1456 3139 est.
1482 3082 1579 3141 Floras
1604 3081 1723 3142 invicem
1749 3099 1779 3139 se

141 3170 181 3224 rit
191 3169 276 3225 uubis
289 3186 374 3242 super
386 3176 491 3226 terram
502 3190 639 3244 apparere
648 3174 750 3228 Filium
761 3175 820 3240 Dei,
839 3177 886 3229 sed
896 3177 941 3231 in·
983 3179 1187 3244 praeoccupant,
1203 3178 1235 3227 ut
1249 3172 1387 3229 delectent
1404 3171 1511 3236 ocules,
1526 3170 1574 3241 qui
1584 3170 1777 3231 fornicationi·

139 3262 271 3315 lumesce
287 3266 315 3314 et
334 3262 452 3315 extollor
465 3278 551 3333 super
564 3263 679 3317 fratrem
694 3280 800 3330 meum,
816 3265 840 3319 si
862 3265 940 3320 strare
981 3260 1033 3316 bus
1047 3266 1076 3315 et
1090 3261 1189 3315 alicnis
1200 3260 1364 3315 mulieribus
1373 3259 1556 3315 adinsuriam
1572 3258 1684 3319 tenuat.
1695 3259 1779 3319 Fisida

139 3349 283 3404 modicum
298 3354 348 3404 aut
357 3350 500 3421 pulchrior
511 3369 554 3416 ee,
564 3357 614 3407 aut
623 3352 716 3421 ditior,
727 3354 937 3425 uutgloriosior,
981 3350 1113 3406 turbatur
1123 3349 1189 3417 (81),
1199 3355 1338 3420 quatenus
1348 3348 1500 3419 perveniat,
1507 3349 1654 3420 utrepleat
1662 3365 1778 3408 manum

137 3443 189 3493 sut
200 3438 391 3509 principatum
402 3439 684 3512 efficiicujuscunque
695 3442 889 3509 hebuere,nen
898 3443 940 3497 in·
981 3439 1270 3513 permsgnitudinem,
1284 3443 1350 3492 etos
1358 3453 1408 3508 per
1418 3434 1606 3504 dulcedhem,
1616 3439 1778 3509 quodianet

136 3526 414 3597 telligcnsldirinam
431 3544 536 3591 recem,
557 3545 618 3599 quse
633 3529 717 3584 dicit:
733 3532 838 3587 Discite
861 3549 938 3588 ame
980 3536 1008 3585 et
1030 3529 1121 3584 basiat
1143 3528 1265 3582 alienam
1289 3526 1446 3582 mulierem.
1472 3524 1552 3584 'l'alla
1570 3543 1647 3597 erge,
1671 3527 1774 3599 iuquit.

136 3615 608 3686 quiamitissumethumilisoerde‚
621 3624 649 3673 et
657 3618 804 3674 invenietis
812 3623 937 3691 requiem
978 3618 1169 3690 operalrstras
1177 3622 1339 3687 assentisset
1352 3615 1423 3670 tales
1429 3616 1629 3673 retributiones
1636 3617 1776 3687 recipian-

134 3703 288 3759 animabus
301 3704 401 3759 vestus
415 3707 521 3773 (Metti.
534 3712 681 3778 x1);neque
691 3716 937 3766 sanctorumveces
978 3712 1021 3763 tes
1035 3724 1053 3761 a
1065 3706 1187 3776 benigne
1197 3706 1264 3770 Dee,
1276 3705 1388 3774 qualem
1398 3703 1587 3761 debueramus
1597 3703 1701 3761 babere
1710 3722 1776 3777 pru·

133 3793 275 3864 cogitans
290 3788 422 3864 queniam
442 3795 557 3866 quidam
567 3801 672 3850 terram
681 3798 758 3857 (Gen.
772 3802 860 3865 svin),
874 3800 936 3871 qui·
978 3797 1113 3862 dandam,
1129 3795 1340 3850 considerantes
1347 3792 1526 3850 nenssimam
1539 3798 1664 3851 nestram
1677 3796 1775 3854 ether

133 3882 205 3937 dam
226 3882 361 3949 cinerem,
394 3884 508 3954 quidam
532 3902 654 3939 vermem
676 3892 704 3940 et
718 3904 774 3942 nen
794 3889 936 3945 hominem
977 3886 1095 3941 rendam
1104 3883 1348 3939 horanribiultum
1359 3882 1435 3937 enirn
1448 3882 1483 3939 de
1494 3882 1631 3940 memoria
1640 3885 1775 3942 mertiset

136 3971 226 4038 (Psoi.
254 3975 323 4040 ur),
354 3972 469 4043 quidam
492 3979 542 4027 aut
557 3961 791 4045 impeditioris'et
804 3977 937 4031 tardioris
978 3975 1053 4030 exitu
1068 3975 1170 4033 animas
1190 3971 1352 4043 disputabat
1367 3988 1480 4042 semper
1494 3971 1541 4028 ills
1560 3971 1668 4036 boatus.
1684 3974 1725 4031 ita
1742 3981 1774 4032 ut

134 4058 243 4129 unguas
265 4061 360 4125 (deod.
384 4070 420 4129 ιν)
441 4079 471 4115 se
491 4062 689 4117 nominabant:
707 4066 819 4136 etquis
837 4067 933 4125 isaias.
977 4064 1139 4134 frequenter
1153 4063 1267 4134 quidam
1284 4061 1319 4116 sd
1328 4077 1392 4117 eum
1403 4060 1525 4132 superbo
1538 4062 1679 4119 schemate
1688 4062 1774 4120 intra·

133 4149 253 4220 quando
262 4149 451 4205 Deumridere
464 4153 613 4216 meruit,ut
623 4153 698 4224 capit
707 4154 872 4215 hemetunc
882 4156 935 4210 im·
978 4160 1041 4208 rent
1050 4160 1079 4208 et
1094 4152 1197 4209 ridenti
1211 4152 1300 4215 rultu,
1312 4151 1551 4207 etincensidsrato
1567 4152 1661 4216 ocules
1678 4153 1772 4211 etexi-

133 4236 246 4292 munds
261 4237 332 4293 labia
348 4256 378 4294 se
392 4239 496 4294 hebere
516 4242 708 4312 pronuntiavit
718 4245 782 4307 (isc.
799 4248 846 4312 rr).
863 4244 935 4308 Quid
977 4243 1452 4309 renthumilimere,etcempunctu
1462 4238 1541 4301 sacis,
1553 4238 1772 4310 eticoryrnanti·

131 4326 214 4382 uuim
224 4332 254 4380 et
263 4343 326 4383 sum
335 4328 464 4385 humilis?
471 4329 570 4384 Nonne
581 4331 615 4384 de
627 4331 685 4384 luto
693 4332 774 4386 lictus
784 4335 935 4393 sumunda
976 4330 1028 4385 bus
1036 4332 1257 4401 oculis.Propter
1267 4328 1341 4399 quod
1348 4326 1506 4383 coercebat:
1523 4327 1596 4391 Quia
1610 4331 1651 4395 tut
1662 4327 1771 4385 estimo

131 4419 205 4469 nunt
226 4420 256 4469 et
277 4415 392 4472 lateres?
407 4419 506 4472 Nonne
521 4435 633 4473 emnem
648 4437 732 4491 quam
748 4427 816 4493 pute
832 4423 964 4516 habereD
975 4437 1027 4492 ege
1037 4420 1164 4488 humilisl
1177 4418 1281 4473 suflicit
1295 4416 1329 4470 ud
1345 4415 1466 4471 salutem
1481 4416 1592 4473 assidue
1602 4421 1631 4472 at
1644 4415 1772 4474 dolenter

129 4503 266 4573 moriem,
283 4507 373 4560 utiles
382 4506 448 4561 teni
464 4508 610 4563 marcessit
624 4510 688 4573 (iso.
700 4511 760 4579 xil?
770 4511 819 4565 liis
829 4528 897 4582 erge
907 4519 935 4567 et
975 4506 1365 4580 cogitare.etsellicitudinem
1377 4504 1523 4560 hnberede
1534 4507 1770 4577 assequentem

131 4592 309 4663 hujusmodi,
323 4602 352 4650 et
365 4596 429 4651 eliis
448 4597 574 4668 pluribus
588 4598 679 4651 verbis
698 4599 931 4671 sapientissimus,
975 4616 1057 4654 nemo
1072 4598 1151 4653 nobis
1163 4598 1191 4651 in
1201 4597 1250 4651 ills
1266 4597 1336 4650 hors
1350 4593 1546 4665 compatietur,
1562 4599 1613 4652 aut
1624 4595 1770 4654 comitabi-

131 4683 218 4752 quasi
232 4683 267 4738 de
279 4700 309 4738 se
320 4685 425 4753 dicens,
435 4702 498 4740 eum
509 4687 556 4757 qui
567 4688 732 4758 languorem
744 4689 897 4744 inflationis
906 4696 934 4745 et
974 4694 1023 4743 tur
1037 4689 1133 4742 exeita
1141 4687 1205 4742 ists.
1221 4685 1275 4740 nisi
1285 4701 1372 4757 opera
1382 4683 1457 4739 bona
1466 4686 1572 4739 nestra.
1585 4683 1770 4753 usquemodo

129 4771 273 4842 superbire
284 4773 405 4828 habebat
415 4776 539 4829 cauterio
545 4775 721 4841 comburens,
733 4779 864 4848 proderat
872 4782 933 4849 ejus
974 4775 1267 4848 angelisvenientibus
1286 4781 1315 4829 et
1327 4770 1542 4846 properantibus
1556 4770 1686 4829 turbatur
1702 4780 1770 4833 tunc

129 4861 433 4933 animaslntelligebat
443 4865 518 4919 enim
532 4865 613 4936 isqui
628 4868 706 4920 uleus
721 4866 841 4922 habebnt
857 4870 931 4939 qued
975 4869 1079 4933 anima,
1096 4869 1120 4922 si
1136 4869 1250 4923 invente
1265 4882 1321 4920 nen
1337 4864 1422 4919 fuerit
1440 4863 1615 4934 preparatas
1629 4866 1768 4936 quemodo

128 4950 168 5005 de
180 4966 216 5005 ee
230 4952 391 5023 patriarcha
405 4953 625 5009 hecintimaret.
972 4957 1216 5027 regstntsddstur
1225 4953 1426 5011 sibimodicum
1433 4951 1767 5023 tempmritestandist:

168 5040 235 5094 cnr.
245 5041 303 5096 XL.
320 5073 353 5082 -
370 5042 403 5096 Et
417 5043 470 5098 hec
480 5043 642 5115 frequenter
652 5043 726 5099 illea
740 5046 798 5100 Dee
808 5047 930 5101 herrore·
972 5046 1044 5110 Quid
1064 5045 1164 5099 enimi
1184 5045 1306 5114 Tempus
1329 5042 1403 5112 qued
1428 5041 1529 5107 vixisti,
1550 5041 1621 5099 bene
1640 5059 1768 5101 oensrrm·

128 5128 928 5205 tus,silerebatinmedium,edhumilitatisargumentum,
972 5135 1073 5206 peisti?
1090 5136 1124 5189 Et
1138 5134 1240 5187 iterum
1262 5130 1372 5187 dicebat
1386 5139 1523 5202 tanquam
1541 5131 1576 5187 de
1592 5133 1742 5204 semetipso
1760 5154 1765 5189 :

128 5216 247 5273 dicens:
268 5219 349 5284 Quod
373 5221 396 5273 si
411 5221 666 5277 considerassemus
686 5230 715 5278 et
728 5225 930 5294 cogitassemus
972 5225 1126 5290 Quomodo,
1138 5222 1252 5277 humilis
1267 5222 1397 5285 loannes,
1415 5221 1535 5275 transire
1546 5220 1652 5292 peteris
1662 5220 1766 5278 bestias

128 5304 184 5361 Dei
197 5322 326 5377 ergenos
336 5308 558 5364 misericordiam
570 5317 599 5365 et
608 5310 772 5375 bonitatem,
784 5300 871 5368 necin
879 5331 931 5368 cre·
971 5314 1131 5369 arundineti
1148 5315 1227 5379 (Prot.
1246 5312 1337 5376 ιιιιι),
1354 5310 1465 5381 quande
1477 5309 1630 5366 obviabunt
1637 5310 1689 5365 tibi
1704 5328 1765 5366 exv

127 5394 175 5451 ios
189 5395 401 5452 sublevaremus
415 5399 508 5453 ocules
519 5405 638 5465 nostres,
651 5401 699 5455 sed
713 5419 824 5473 semper
837 5403 865 5456 in
880 5403 931 5458 hu·
972 5404 1080 5458 cteresi
1094 5404 1142 5456 Vae
1156 5402 1248 5473 qualis
1260 5400 1345 5454 umor
1359 5406 1388 5454 et
1401 5406 1508 5455 tremor
1521 5399 1630 5457 obtinet
1642 5400 1766 5455 enimam

127 5483 191 5538 mili
202 5484 498 5557 habituacprudentia
508 5488 682 5559 degeremus
691 5490 727 5544 Ut
735 5491 809 5544 enim
818 5498 931 5562 praeter-
971 5499 1038 5547 tunc
1051 5493 1189 5545 rationem
1201 5497 1360 5561 ponentem,
1376 5491 1463 5544 tantis
1478 5488 1694 5561 exquisitoribus
1707 5497 1766 5543 tam

125 5586 204 5639 earu,
226 5573 349 5644 qualiter
366 5591 423 5630 nen
439 5577 591 5632 existentes
612 5583 643 5632 ut
659 5595 785 5634 essemus
800 5581 931 5650 produxit
971 5581 1075 5647 amaris
1088 5586 1116 5634 ot
1130 5578 1397 5634 immisericordibus
1408 5579 1419 5631 i
1430 5578 1541 5634 Etenim
1554 5577 1767 5635 unamines
