3818 6120
134 255 188 315 917
786 239 905 295 VERBA
923 234 1121 298 SENIORUM.
1721 252 1776 316 918

134 382 194 455 Ego
204 396 267 437 sum
280 380 411 434 loannes.
430 374 465 430 Et
477 371 624 444 respondit
636 370 724 424 irater
736 367 807 438 ejus,
823 368 853 419 et
864 362 963 424 dlxitA
970 371 1155 436 agnoscentes
1170 372 1304 440 quoniam
1323 372 1353 428 in
1367 374 1498 432 omnibus
1513 377 1674 436 obedientes
1695 387 1771 438 sunt.

133 470 161 528 ei
177 488 184 527 ι
200 472 323 527 loannes
343 466 460 538 angelus
483 463 572 519 factm
586 465 638 526 est,
652 464 681 515 et
701 459 776 513 ultra
794 455 869 511 inter
882 453 934 509 ho·
1009 451 1054 511 31.
1066 457 1166 512 Frater
1178 457 1361 532 interrogavit
1381 462 1512 522 abbatem
1526 467 1638 540 loseph,
1655 469 1770 527 dicens:

133 561 226 617 mines
248 572 305 614 non
328 562 380 612 est.
395 555 446 610 llle
470 557 565 609 aulem
592 548 723 624 pulsabat
740 546 836 602 dicens
852 563 858 598 :
876 544 934 614 Ego
974 544 1048 610 Quid
1061 544 1170 615 facium
1182 548 1249 620 quia
1263 566 1314 606 nec
1328 553 1488 610 molestiam
1502 555 1574 612 serre
1587 573 1711 631 possum,
1722 575 1775 616 nac

134 667 210 707 sum.
227 651 262 706 Et
280 663 337 704 non
360 645 471 718 aperuit
489 644 525 711 ei,
546 642 595 697 sed
617 639 724 695 dimisit
746 653 811 692 eum
834 633 932 706 afiligi.
975 632 1111 702 laborare,
1126 641 1155 692 et
1171 637 1237 693 dare
1249 639 1476 716 eleemosynam?
1490 645 1524 701 Et
1538 646 1607 703 dicit
1624 649 1649 704 ei
1664 665 1749 706 senex
1766 669 1775 705 :

131 739 237 799 Postea
254 753 319 793 vero
343 735 472 808 aperiens
488 733 559 788 dixit
578 731 604 786 ei
620 748 626 784 :
652 729 682 784 Si
704 729 789 783 honio
810 742 849 792 es,
865 740 935 796 opus
975 723 1005 778 Si
1016 740 1072 780 non
1086 731 1165 798 potes
1178 727 1279 784 horum
1290 730 1360 785 nihil
1370 731 1471 801 iacere,
1482 736 1526 791 vel
1538 752 1618 793 serva
1632 738 1775 796 conscien-

132 829 222 886 habes
235 829 339 885 iterum
348 823 605 899 operari,utvivas;
618 819 643 875 si
653 823 748 874 autem
760 816 877 887 angelus
893 830 933 884 es,
975 812 1043 868 tiam
1057 819 1136 870 tuam
1150 815 1186 871 ab
1200 818 1277 874 omni
1293 821 1367 876 malo
1382 823 1502 894 proximi
1517 825 1569 894 tui,
1585 826 1667 883 etita
1680 829 1774 886 salvus

134 920 203 994 quid
214 918 315 992 queris
330 917 437 972 intrare
455 914 485 969 in
506 913 615 969 cellam.
630 910 665 965 llt
679 909 726 963 ille
740 904 934 979 penitentum
974 902 1048 968 eris:
1064 904 1139 960 Deus
1151 911 1247 963 autern
1261 907 1385 965 animam
1396 912 1456 967 sine
1468 921 1582 986 peccato
1591 918 1700 989 quaerit.

133 1026 232 1083 agens,
247 1007 334 1064 dixit:
347 1007 462 1077 ignosce
476 1003 555 1070 mihi,
572 1001 668 1064 frater,
680 997 748 1070 quia
758 995 878 1069 peccavi.
1011 990 1054 1050 32.
1076 993 1152 1051 Dixit
1173 994 1259 1052 abbas
1283 997 1360 1053 isaac
1379 1000 1515 1058 Thebaeus
1539 1003 1673 1063 iratribus
1690 1008 1772 1065 suis:

172 1102 269 1165 599
281 1094 327 1154 28.
345 1096 492 1152 Venerunt
513 1089 665 1163 aliquando
680 1102 761 1142 senes
776 1085 807 1141 iu
826 1083 932 1157 Scythi,
975 1081 1081 1139 Pueros
1094 1084 1140 1139 hic
1163 1101 1219 1142 non
1234 1086 1390 1157 adducatis,
1407 1090 1474 1162 quia
1491 1099 1607 1165 propter
1628 1112 1731 1169 pueros
1744 1097 1775 1154 in

135 1189 166 1239 et
179 1187 241 1238 erat
258 1198 322 1237 oum
338 1181 379 1235 eis
394 1179 480 1234 abbas
494 1180 616 1234 loannes
631 1175 747 1240 Nemus:
764 1175 793 1226 et
804 1171 872 1225 dum
891 1184 937 1223 co·
976 1173 1073 1244 Scythi
1087 1179 1208 1246 quatuor
1221 1176 1344 1233 ecclesiae
1359 1195 1470 1235 eremus
1483 1180 1562 1240 iactes
1575 1188 1651 1240 sunt.

132 1273 290 1341 mederent,
301 1270 424 1327 surrexit
434 1267 550 1341 quidam
556 1264 703 1338 presbyter
717 1262 758 1316 vir
771 1263 936 1332 magnumst
1011 1260 1055 1319 ³3.
1064 1261 1250 1335 Interrogavit
1258 1265 1345 1322 abbas
1353 1267 1496 1341 Longinus
1505 1270 1636 1328 abbatem
1645 1272 1772 1347 Lucium,

132 1364 215 1418 daret
228 1379 279 1434 per
288 1360 415 1432 singulos
425 1357 567 1413 vasculum
581 1367 785 1426 aquaeparvum
795 1350 831 1405 ed
841 1348 936 1404 biben·
976 1349 1072 1405 dicens
1084 1368 1091 1406 :
1105 1352 1201 1408 Habeo
1215 1358 1273 1410 tres
1286 1356 1469 1428 cogitationes
1482 1378 1488 1415 :
1503 1377 1591 1417 unam
1606 1367 1637 1420 at
1646 1366 1683 1421 ad
1697 1384 1776 1439 pere·

133 1454 219 1521 dum;
237 1456 267 1507 et
283 1467 365 1507 nemo
382 1447 522 1520 acquievit
539 1445 665 1517 accipere
680 1441 716 1497 ab
730 1457 774 1509 eo,
789 1438 844 1495 nisi
859 1439 935 1494 solus
974 1440 1163 1511 grinationem
1179 1443 1290 1500 vadam.
1306 1445 1341 1501 Et
1351 1448 1497 1520 respondit
1510 1450 1536 1506 ei
1548 1468 1656 1509 senex:
1676 1455 1776 1514 Sinon

132 1531 811 1599 loannesBrevis.Admiratisuntantemcaeteri,
823 1530 935 1585 etdixe·
976 1531 1100 1587 tenueris
1118 1532 1244 1604 linguam
1262 1540 1341 1590 tuam
1360 1535 1519 1612 ubicunque
1536 1545 1702 1614 perrexeris,
1719 1562 1777 1603 non

133 1637 202 1689 mut
212 1631 237 1686 ei
253 1629 417 1697 :Quomodo
431 1634 463 1683 tu
477 1643 541 1683 cum
554 1626 593 1679 sis
608 1623 733 1680 omnium
748 1623 852 1686 minor,
865 1635 935 1691 prse-
976 1619 1031 1675 eris
1044 1623 1218 1694 peregrinus.
1235 1623 1290 1679 Sed
1312 1625 1424 1682 refrena
1442 1629 1488 1684 hic
1501 1630 1628 1702 linguam
1642 1638 1731 1702 tuam,
1747 1641 1777 1693 et

133 1720 280 1795 sumpsisti
294 1718 451 1775 ministerio
459 1716 500 1771 uti
509 1714 561 1770 viri
568 1714 643 1770 senis
657 1718 686 1767 et
698 1708 858 1782 magniiEt
867 1708 935 1765 dicit
945 1724 969 1787 Β
978 1710 1034 1767 eris
1049 1712 1135 1768 etiam
1148 1712 1194 1767 hic
1208 1713 1384 1786 peregrinus.
1400 1717 1435 1773 Et
1443 1717 1515 1774 dixit
1532 1720 1558 1774 ei
1572 1719 1661 1778 abbas
1675 1724 1776 1797 Longi-

133 1812 192 1868 eis:
204 1811 262 1882 Ego
274 1800 791 1882 quandosurgodnreaquam,gaudeo
802 1799 826 1854 si
837 1814 935 1854 omnes
976 1818 1047 1857 nus:
1065 1801 1128 1857 Alia
1143 1801 1276 1874 cogitatio
1293 1819 1358 1860 mea
1372 1811 1424 1874 est,
1440 1812 1473 1863 ut
1494 1809 1622 1880 jejunem
1638 1811 1776 1871 biduanas

135 1899 267 1965 biberint,
283 1904 316 1954 ut
328 1896 486 1953 mercedem
506 1893 665 1965 acquiram3
682 1906 757 1946 nuno
770 1890 857 1961 igitur
869 1904 936 1960 pro·
975 1891 1102 1947 levando.
1114 1892 1150 1947 Et
1164 1891 1310 1965 respondit
1324 1893 1350 1950 ei
1363 1893 1450 1952 abbas
1463 1897 1564 1954 Lucius
1580 1917 1586 1954 :
1603 1900 1690 1957 isaias
1708 1920 1776 1975 pro·

136 1994 235 2064 pterea
244 2005 295 2060 ego
304 1987 423 2060 suscepi,
432 1991 464 2042 ut
473 1984 573 2039 faciam
584 1982 610 2038 ei
623 1981 671 2054 qui
684 1977 935 2035 surrexitinrenira
975 1981 1062 2053 pheta
1075 1980 1146 2037 dixit
1161 1999 1168 2035 ε
1185 1981 1214 2037 Si
1226 1984 1383 2040 curvaveris
1395 1985 1472 2042 velut
1491 1986 1625 2045 circulum
1639 1991 1776 2049 cervicem

134 2077 423 2145 mercedem,neforte
433 2070 795 2130 etiamcontristeturnullo
808 2071 935 2123 sumente
975 2076 1064 2139 tuam,
1080 2087 1132 2126 neo
1145 2070 1185 2126 sic
1200 2071 1253 2128 erit
1274 2079 1419 2145 acceptum
1432 2075 1573 2147 ieiunium
1589 2083 1671 2135 tuum
1685 2081 1775 2151 (isaia

134 2169 171 2225 ab
186 2184 229 2225 eo.
245 2168 312 2223 llaec
327 2182 391 2221 cum
404 2163 528 2230 dixisset,
545 2158 676 2216 admirati
691 2163 758 2214 sunt
780 2172 877 2213 omnes
900 2155 935 2210 de
975 2160 1064 2233 uxnr);
1081 2160 1131 2216 sed
1141 2161 1231 2233 magis
1241 2162 1353 2218 contine
1368 2169 1491 2221 mentem
1506 2171 1586 2222 tuam
1599 2185 1617 2222 a
1629 2169 1776 2241 cogitatio-

134 2258 303 2316 discretione
318 2259 389 2328 ejus.
975 2249 1057 2305 nibus
1070 2249 1162 2306 malls.
1174 2251 1209 2306 Et
1223 2250 1295 2308 dixit
1305 2250 1393 2308 abbas
1407 2253 1552 2326 Longinus
1569 2273 1575 2310 :
1590 2256 1717 2314 Tertium
1732 2265 1776 2317 est

165 2348 210 2406 29.
222 2346 409 2418 Interrogavit
422 2341 575 2415 aliquando
589 2339 675 2395 abbas
688 2338 788 2394 Pastor
801 2334 933 2390 abbatem
975 2339 1142 2412 dispositum
1157 2357 1261 2407 meum,
1276 2346 1310 2398 ut
1319 2341 1456 2399 declinem
1470 2344 1618 2403 hominurn
1632 2353 1772 2421 aspectus.

133 2438 247 2510 loseph,
263 2435 358 2492 dicens
374 2454 379 2489 :
395 2434 467 2499 Quid
482 2432 593 2497 faciam,
611 2428 723 2503 quando
737 2424 933 2498 approximant
974 2429 1010 2484 Et
1027 2429 1173 2501 respondit
1187 2430 1213 2485 ei
1223 2428 1310 2486 abbas
1322 2431 1424 2489 Lucius
1435 2451 1442 2488 :
1455 2433 1517 2489 Nisi
1531 2434 1609 2507 prius
1621 2435 1775 2495 correxeris

133 2527 204 2583 mibi
224 2526 325 2598 aliquae
340 2523 515 2580 tentationes
532 2539 539 2588 ;
555 2520 655 2576 resisto
667 2517 733 2583 illis,
750 2532 787 2572 an
801 2514 934 2588 permitto
975 2517 1062 2573 vitam
1078 2515 1158 2574 tuam
1178 2518 1252 2575 inter
1274 2519 1344 2575 alios
1367 2522 1567 2593 conversando,
1586 2540 1678 2599 neque
1697 2527 1774 2584 solus

129 2616 259 2672 intrare?
272 2615 346 2671 Dicit
360 2613 386 2669 ei
401 2629 503 2668 senex:
519 2610 636 2666 Dimitte
653 2608 770 2674 intrare,
795 2610 824 2660 et
839 2620 935 2676 pugna
975 2606 1105 2662 habitans
1118 2608 1259 2680 corrigere
1269 2614 1298 2665 te
1309 2610 1482 2682 prevalebis.

129 2722 196 2762 cum
206 2705 257 2761 eis.
272 2705 425 2760 Revertens
439 2718 506 2773 ergo
516 2702 546 2756 in
558 2698 654 2772 Scythi
666 2693 934 2764 sedebat3etconti-
1009 2696 1055 2752 at.
1075 2697 1152 2769 Dixit
1173 2697 1259 2753 abbas
1274 2699 1414 2756 Macarius
1431 2719 1436 2755 :
1453 2701 1482 2757 Si
1497 2702 1680 2762 recordamur
1699 2706 1776 2763 mala

127 2795 172 2867 git
186 2799 219 2850 ut
231 2788 645 2864 veniensquidamoThebaida
656 2787 686 2841 in
697 2784 795 2858 Scythi
805 2786 934 2838 narmret
974 2801 1037 2858 quas
1062 2786 1221 2843 inseruntur
1243 2787 1324 2844 nobis
1341 2789 1377 2844 ab
1399 2790 1571 2861 hominibus,
1594 2799 1775 2867 amputamus

129 2882 274 2950 fratribus,
290 2900 320 2937 se
333 2882 522 2952 interrogasse
534 2878 664 2934 abbatom
678 2875 797 2947 loseph:
814 2869 933 2938 Quando
973 2875 1062 2930 menti
1077 2879 1179 2932 nostrie
1193 2876 1326 2933 virtutem
1339 2879 1506 2936 recordandi
1520 2881 1610 2939 Deum
1622 2903 1628 2952 ;
1640 2883 1664 2939 si
1677 2892 1774 2943 autem

130 2972 308 3046 approximat
322 2972 391 3027 mihi
405 2970 533 3036 tentatio,
549 2968 649 3024 resisto
664 2967 700 3030 ei,
714 2982 750 3021 an
765 2963 877 3019 dimitto
892 2961 934 3016 in·
974 2966 1155 3021 recordamur
1164 2966 1304 3022 malorum
1314 2968 1523 3040 quaedaemoms
1533 2971 1773 3041 excitant,erimus

131 3062 227 3118 trare?
242 3066 270 3118 et
279 3062 381 3117 dixerit
393 3062 439 3116 ei:
456 3060 577 3115 Omnino
594 3074 651 3114 nou
663 3055 788 3112 dimittas
798 3052 930 3109 tentatio·
940 3041 963 3104 G
973 3054 1196 3127 imperforabiles
1212 3057 1325 3128 remen..
1342 3074 1364 3114 o.
1382 3057 1425 3128 37,
1438 3077 1467 3116 n.
1484 3059 1514 3130 ις
1538 3062 1660 3132 disponet.
1676 3065 1772 3133 Mart,

132 3169 199 3208 nem
217 3151 245 3208 in
261 3156 298 3218 te,
317 3151 366 3206 sed
385 3151 440 3205 cito
462 3147 595 3204 abscinde
609 3164 682 3203 earn.
698 3145 823 3202 Audiens
837 3147 932 3197 autem
974 3161 1004 3204 n.
1018 3144 1074 3212 15).

131 3241 219 3297 abbas
232 3242 342 3306 Pastor,
358 3239 425 3312 quia
448 3239 488 3294 sic
510 3238 611 3293 dixerit
629 3237 703 3303 huic,
718 3234 766 3308 qui
787 3237 934 3289 venerata
1010 3233 1053 3293 35.
1067 3236 1143 3293 Dixit
1150 3234 1236 3293 abbas
1249 3237 1370 3294 blathois
1387 3240 1501 3297 :Nescit
1511 3241 1630 3300 Satanas
1640 3260 1696 3318 qua
1709 3261 1772 3320 pas·

132 3331 286 3398 Thebaida,
306 3330 392 3385 abbas
419 3328 523 3401 Joseph
544 3343 661 3398 surgens
685 3326 790 3381 iterum
810 3324 880 3380 abiit
902 3325 931 3379 in
976 3327 1054 3382 sione
1066 3325 1217 3382 seducatur
1237 3327 1342 3397 anima,
1356 3334 1385 3384 et
1398 3329 1461 3386 ideo
1476 3330 1597 3388 seminat
1611 3333 1725 3405 quidem
1742 3334 1773 3392 in

132 3421 265 3493 Panepho
278 3420 313 3475 ad
328 3419 459 3474 abbatem
472 3417 584 3490 loseph,
602 3421 631 3471 et
644 3415 712 3470 dicit
722 3415 747 3470 ei
759 3434 765 3470 :
780 3414 869 3483 Abba,
882 3431 934 3486 ego
976 3433 1009 3471 ea
1023 3416 1151 3472 sisiniam
1165 3433 1255 3483 suam,
1272 3417 1322 3473 sed
1339 3424 1446 3475 metere
1460 3421 1550 3477 nescit
1565 3437 1572 3478 :
1593 3424 1701 3496 spargit
1719 3424 1774 3482 ali·

118 3509 183 3564 -ubi
194 3510 322 3565 commisi
336 3508 520 3579 cogitationes
535 3522 621 3571 meas,
640 3510 669 3559 et
685 3510 717 3560 tu
737 3504 820 3559 aliter
839 3504 935 3559 dixisti
975 3505 1087 3577 quando
1099 3506 1205 3562 semina
1221 3506 1446 3578 tornicationum,
1458 3509 1609 3583 aliquando
1624 3513 1774 3570 detractio·

132 3599 212 3667 mibi,
228 3600 310 3654 aliter
320 3605 415 3653 autem
424 3596 504 3651 fratri
515 3597 550 3650 de
560 3594 711 3651 Thebaida.
724 3595 759 3649 Et
772 3593 839 3647 dicit
851 3593 877 3648 ei
892 3611 935 3648 se·
974 3611 1052 3662 num,
1064 3600 1093 3651 et
1105 3601 1270 3653 caeterarum
1288 3597 1417 3654 similiter
1436 3600 1613 3672 passionum;
1630 3602 1702 3659 etin
1716 3620 1772 3678 qua

131 3706 186 3746 nex
202 3707 208 3744 ι
225 3689 284 3744 Scis
308 3688 373 3760 quia
396 3687 482 3756 diligo
502 3684 554 3740 te‘?
574 3684 609 3738 Et
632 3683 801 3755 respondit:
828 3682 930 3737 Etiam.
973 3685 1102 3757 passione
1112 3685 1213 3741 viderit
1222 3687 1346 3761 animam
1360 3687 1558 3757 declinantem,
1570 3692 1643 3747 hauc
1654 3691 1679 3747 ei
1689 3691 1771 3748 mini·

131 3779 231 3836 Nonne
244 3784 277 3834 tu
287 3777 355 3832 mini
367 3776 473 3839 dixisti,
487 3779 520 3829 ut
533 3772 681 3828 sicutmilri
692 3773 755 3844 ipsi,
771 3772 812 3827 ita
825 3772 876 3827 tibi
891 3772 933 3826 di·
973 3779 1062 3830 strat:
1079 3791 1145 3830 nani
1164 3775 1188 3831 si
1210 3775 1295 3832 sciret
1314 3777 1350 3831 ad
1374 3777 1442 3851 quid
1465 3779 1595 3851 proclivis
1608 3785 1651 3837 est
1664 3781 1769 3851 anima,

131 3885 225 3924 cerem
243 3864 480 3939 quodsentiremi
495 3863 605 3919 Etenim
623 3863 646 3916 si
660 3861 827 3916 intraverint
837 3865 930 3917 tenta·
972 3878 1028 3918 non
1047 3862 1072 3918 ei
1092 3863 1201 3920 diversa
1215 3865 1258 3920 vel
1273 3865 1352 3921 varia
1365 3866 1526 3923 seminaret.

131 3958 232 4024 tiones,
247 3962 276 4012 et
284 3956 394 4010 dederis
408 3961 493 4026 atque
506 3952 646 4024 acceperis
657 3968 720 4007 cum
731 3951 781 4018 eis,
792 3950 932 4023 probatio·
1008 3951 1052 4008 36.
1065 3953 1258 4010 Narraverunt
1267 3954 1302 4010 de
1313 3954 1414 4012 abbate
1423 3957 1559 4030 Nathyra,
1569 3960 1617 4031 qui
1628 3959 1682 4016 fuit
1691 3960 1773 4018 disci·

131 4065 191 4103 rem
202 4052 231 4101 te
252 4046 368 4112 iaciunt3
385 4061 436 4115 ego
452 4047 546 4098 autem
561 4043 637 4097 velut
651 4041 720 4096 mihi
744 4040 796 4112 ipsi
822 4039 862 4094 sic
880 4039 931 4094 tibi
972 4041 1055 4113 pulus
1063 4041 1171 4098 abbatis
1187 4043 1303 4112 Silvani,
1318 4045 1385 4117 quia
1397 4063 1461 4101 cum
1473 4046 1584 4103 sederet
1594 4049 1623 4104 in
1634 4049 1705 4106 cella
1719 4067 1772 4107 sua

130 4137 241 4193 locutus
250 4152 312 4191 suna
325 4153 331 4189 :
346 4141 411 4189 sunt
423 4133 523 4188 autern*
534 4131 620 4203 aliqui
635 4130 794 4203 quibusnec
804 4129 932 4202 approxi-
972 4132 1001 4187 in
1018 4137 1114 4186 monte
1128 4130 1204 4199 Sina,
1221 4132 1401 4188 mediocriter
1412 4133 1579 4206 gubernavit
1590 4136 1675 4192 vitam
1689 4152 1770 4194 suam

131 4243 211 4282 :aare
226 4225 337 4298 expedit
351 4223 504 4295 passiones,
520 4221 570 4277 sed
584 4221 680 4276 statim
695 4219 798 4275 debent
821 4218 930 4274 abscin·
973 4222 1008 4277 de
1020 4221 1064 4277 his
1074 4237 1134 4293 queo
1143 4221 1388 4278 erantneeessaria
1396 4223 1506 4296 corpori
1514 4226 1770 4299 (appenduntur,

131 4317 199 4372 dere
209 4332 266 4370 eas.
975 4330 998 4370 c.
1014 4311 1058 4380 20,
1072 4328 1101 4367 n.
1120 4310 1174 4381 la).
1188 4310 1306 4376 Quando
1318 4315 1414 4367 autem
1427 4311 1517 4368 iactus
1529 4318 1572 4369 est
1584 4313 1771 4388 episcopusin

169 4403 213 4462 30.
228 4405 301 4460 ltem
317 4405 388 4459 dixit
410 4402 496 4459 abbas
510 4401 627 4457 Pastor:
645 4400 715 4456 Veni
740 4400 891 4472 aliquando
903 4363 964 4455 inl)
975 4402 1096 4469 Pharan,
1106 4401 1227 4457 multum
1237 4399 1383 4456 coartabat
1394 4400 1517 4456 animam
1532 4418 1613 4458 suam
1622 4403 1652 4459 in
1666 4403 1772 4462 duritia

132 4494 455 4551 llevacleoinlerioread
471 4491 723 4563 abbatomloseph,
736 4490 932 4546 ethabebatin
974 4488 1162 4547 continentiae.
1192 4491 1227 4546 Et
1249 4490 1318 4547 dicit
1344 4490 1370 4546 ei
1396 4490 1550 4564 discipulus
1571 4508 1639 4549 suus
1658 4513 1664 4549 :
1680 4493 1769 4564 noba,

131 4580 931 4653 monasteriosuoarboremsycomorumpulchramnimis;
975 4579 1769 4654 quandoeramusineremononteitaooocruciabas.

132 4680 162 4729 et
182 4673 294 4728 dicebat
316 4673 385 4727 mihi
401 4688 514 4727 amane
535 4688 541 4722 ι
566 4670 651 4737 Vade,
669 4677 697 4726 et
715 4669 814 4741 collige
827 4669 888 4738 tibi,
905 4675 934 4725 et
975 4672 1009 4727 Et
1023 4670 1089 4726 dicit
1104 4671 1130 4726 ei
1143 4688 1247 4728 senex:
1264 4671 1328 4741 Fili,
1344 4671 1401 4726 illic
1415 4671 1536 4727 solitudo
1551 4677 1621 4740 erat,
1638 4678 1666 4730 et
1680 4673 1772 4746 quies,

132 4764 281 4819 manduca.
303 4762 371 4817 Erat
389 4767 483 4817 autem
498 4764 577 4816 sexta
594 4761 672 4815 teria.
695 4761 752 4832 llgo
767 4765 861 4815 autern
876 4775 933 4816 non
975 4765 1004 4816 et
1017 4765 1178 4834 paupertas,
1193 4766 1343 4834 propterea
1358 4759 1481 4816 volebam
1495 4760 1653 4832 gubernare
1671 4778 1773 4837 corpus

131 4853 240 4908 comedi
250 4851 525 4925 propterjejunium3
541 4857 570 4906 et
579 4851 674 4922 rogavi
686 4867 750 4905 evim
762 4849 857 4905 dicens
869 4868 874 4903 :
884 4849 934 4904 Dic
974 4867 1080 4918 rueum,
1093 4867 1128 4905 ne
1142 4850 1310 4918 infirmarer,
1322 4856 1351 4906 et
1364 4866 1518 4922 quaererem
1533 4851 1607 4924 quod
1620 4869 1676 4908 nou
1688 4852 1774 4909 habe·

131 4938 934 5015 mihipropterDominumrationemhujusrei,quiadice-
975 4939 1058 4995 bani:
1075 4957 1151 4996 nunc
1173 4946 1268 4996 autem
1291 4940 1337 4994 hic
1351 4941 1483 4996 sarculum
1503 4946 1554 5008 est,
1572 4946 1600 4997 et
1614 4942 1773 4999 occasiones

130 5032 182 5088 bas
192 5031 278 5087 mibi:
291 5031 378 5098 Vade,
391 5030 538 5085 manduca.
548 5031 605 5101 Ego
615 5031 728 5101 quidem
742 5029 934 5101 propterjeju·
975 5035 1042 5085 sunit
1056 5030 1207 5085 excedendi
1221 5029 1365 5101 plurimse3
1391 5029 1456 5085 etsi
1470 5030 1499 5085 in
1513 5031 1708 5088 infirmitatem
1727 5033 1772 5088 in·

131 5122 212 5177 nium
227 5137 284 5176 non
302 5120 369 5188 abii,
391 5120 441 5174 sed
459 5120 666 5183 erubescebam,
684 5119 751 5191 quia
765 5117 932 5174 mandatum
976 5136 1099 5187 currere,
1111 5119 1230 5174 sunthic
1242 5118 1290 5191 qui
1300 5124 1474 5187 succurrant,
1484 5120 1703 5195 nepropositum
1715 5138 1773 5178 rno-

131 5217 214 5266 tuum
227 5226 284 5265 non
301 5210 430 5278 laceram,
447 5210 573 5282 cogitans
589 5210 655 5282 quia
665 5209 726 5264 sine
742 5208 851 5263 ratione
864 5207 933 5262 :nihi
973 5209 1055 5264 nachi
1066 5209 1193 5281 perdam.

132 5302 193 5356 baec
208 5316 265 5355 non
281 5316 461 5372 praeceperas.
478 5301 528 5355 llle
542 5304 637 5355 autem
652 5297 796 5371 respondit
812 5317 818 5350 :
835 5297 934 5352 Patres
1010 5297 1352 5370 37.Fraterinterrogavit
1362 5297 1771 5368 abbatcmPastorenr,dicens:

132 5389 627 5461 senioresnonloquunturabinitio
642 5388 872 5455 iratribusrecta,
885 5387 934 5443 sed
976 5387 1154 5444 Perturbatio
1175 5387 1245 5442 mihi
1268 5388 1310 5455 tlt,
1327 5392 1355 5444 et
1375 5388 1436 5444 volo
1462 5388 1657 5462 derelinquere
1679 5389 1774 5444 locum

132 5481 224 5551 magis
238 5479 371 5546 distorta;
382 5484 411 5534 et
425 5480 448 5533 si
464 5479 583 5534 viderint
593 5480 702 5551 quiaea
712 5481 854 5550 qurotorta
869 5482 935 5533 sunt
974 5479 1071 5534 istum.
1086 5478 1121 5532 Et
1136 5476 1203 5532 dicit
1217 5477 1242 5532 ei
1268 5493 1352 5532 senex
1368 5495 1374 5530 :
1390 5478 1445 5533 Pro
1460 5495 1516 5551 qua
1540 5476 1651 5534 causa?
1673 5474 1708 5531 ut
1725 5475 1773 5531 ille

132 5569 250 5638 faciunt,
262 5571 322 5641 jam
336 5569 378 5626 eis
389 5585 446 5626 non
461 5569 614 5644 loquuntur
628 5568 681 5625 nisi
697 5584 758 5641 que
773 5567 932 5641 expediunt,
975 5567 1047 5624 dixit
1063 5585 1068 5622 :
1085 5564 1156 5632 Quia
1171 5565 1255 5623 audio
1269 5565 1354 5623 verba
1367 5566 1402 5622 do
1413 5567 1534 5640 quodam
1546 5566 1641 5635 tratre,
1653 5579 1715 5639 quse
1727 5578 1773 5621 tue
