3832 6120
132 299 187 357 toa
359 297 445 354 VITA
464 294 684 353 ammonuit
702 293 865 351 aeleram
884 290 1107 349 PRESBYTERI
1126 292 1171 349 ET
1188 294 1356 352 ASTIONIS
1374 296 1550 357 MONAOHI.
1716 300 1770 357 tto

130 425 185 482 hus
199 425 249 497 qui
259 424 319 478 illic
333 424 517 478 demorantur
526 436 591 474 eum
599 419 798 486 convocavit‚et
811 417 864 472 sibi
874 416 960 477 for-A
971 415 1088 485 uiantes,
1104 421 1325 490 predicaverunt
1339 440 1403 479 eum
1419 441 1479 479 esse
1499 431 1658 489 venturum,
1667 433 1695 481 et
1709 443 1766 482 non

129 516 206 570 sitan
221 530 279 586 prae
294 512 384 566 nimia
397 511 604 583 pulchritudine
624 511 685 580 ejus
707 509 736 562 in
759 508 848 563 lilium
867 522 931 560 eum
973 509 1222 579 suntrecepti3ve1
1237 513 1375 582 quomodo
1386 515 1521 569 Dominus
1532 516 1606 570 Deus
1620 518 1769 572 nosterJe·

130 602 295 674 edoptavit?
306 602 341 656 Et
355 601 538 671 vigilantius:
554 600 597 654 Ab
609 600 680 671 ipso,
692 597 793 669 inquit,
806 596 931 668 principe
972 611 1020 650 sus
1034 596 1172 663 Christus,
1188 600 1236 670 qui
1250 604 1293 654 est
1306 601 1406 656 unicus
1420 603 1521 670 Patris,
1535 605 1658 659 Verbum
1673 623 1706 660 ac
1716 606 1770 662 Sa·

130 690 255 764 regionis
263 689 339 744 illius
347 705 411 743 cum
422 689 511 743 multo
524 689 629 742 honore
642 693 671 742 ct
683 686 817 741 comitatu
827 683 932 738 ibidem
972 685 1088 756 pientia,
1103 686 1191 742 virtus
1203 689 1308 743 scilicet
1321 707 1353 746 ac
1369 692 1499 762 splendor
1514 695 1619 763 gloria,
1637 695 1768 765 dignatus

130 788 245 838 vocatus
253 779 387 852 perrexit.
399 778 457 848 Ego
469 777 609 848 siquidem
622 783 689 831 tunc
702 775 846 830 ministros
856 773 931 844 ipsos
972 774 1008 829 sit
1021 775 1050 829 in
1064 777 1222 832 novissimis
1236 778 1343 845 diebus
1361 780 1396 834 de
1411 782 1517 855 Spiritu
1529 789 1625 839 sancto
1637 791 1665 839 et
1680 783 1770 840 Maria

130 870 226 927 ridere
237 886 295 925 uon
305 868 397 940 potui3
410 873 536 922 attamen
546 866 687 938 sicutipse
698 865 769 919 mihi
780 862 929 928 referebat,
972 880 1083 934 semper
1100 865 1207 936 virgine
1222 866 1252 923 in
1269 869 1373 924 mundo
1397 871 1474 924 nasci
1490 890 1497 938 3
1512 875 1540 926 et
1555 873 1694 943 quomodo
1705 873 1767 928 illos

131 959 212 1014 valde
232 957 422 1030 pulcherrimo
445 972 478 1010 ae
491 955 637 1027 splendido
650 955 729 1010 vultu
743 952 928 1017 habebantur,
972 957 1020 1028 qui
1035 956 1123 1011 secuti
1147 961 1213 1011 sunt
1227 973 1301 1025 eum,
1317 959 1468 1030 discipulos
1486 977 1551 1016 suos
1565 961 1631 1017 feeit
1651 979 1723 1030 esse,
1740 968 1770 1018 et

131 1053 264 1120 gerentes
276 1063 364 1101 aurea
377 1062 457 1101 arma
468 1050 497 1100 et
510 1043 693 1117 hyacinthina
707 1043 882 1097 indumenta·
896 1040 932 1095 Et
972 1046 1088 1101 mittens
1102 1062 1150 1100 eos
1164 1047 1199 1100 ad
1215 1047 1421 1118 praedicandum
1437 1049 1552 1104 verbum
1567 1052 1666 1106 salutis
1675 1052 1769 1122 genti·

132 1135 199 1209 quia
218 1135 250 1189 in
265 1135 318 1189 hnc
333 1140 429 1189 nostra
441 1134 556 1206 regione
575 1133 697 1190 fideliter
710 1147 744 1187 cx
763 1135 821 1187 teto
836 1130 930 1186 auimo
972 1134 1033 1202 bus,
1049 1135 1182 1206 apostolis
1193 1135 1358 1206 imposuerit
1372 1153 1475 1192 nomen
1486 1157 1492 1191 :
1504 1138 1554 1192 sed
1567 1144 1595 1192 et
1604 1140 1678 1210 quod
1689 1141 1769 1210 regni

133 1242 194 1299 quae
208 1225 263 1280 sibi
278 1223 314 1278 ab
329 1224 375 1278 illo
388 1225 514 1295 inJ'uncta
527 1224 640 1278 luerent
652 1220 823 1292 adimplevit,
835 1221 887 1274 hac
897 1220 931 1274 de
972 1223 1017 1278 sui
1032 1224 1182 1294 participes
1197 1240 1244 1278 eos
1267 1225 1398 1291 effecerit,
1414 1227 1462 1298 qui
1480 1227 1564 1297 hujus
1589 1228 1682 1282 saculi
1702 1245 1768 1282 con-

133 1328 295 1370 cauaaeum
312 1313 378 1366 illuc
390 1328 441 1383 per
463 1328 529 1366 suos
544 1311 687 1365 ministros
702 1307 813 1363 dicebat
825 1308 931 1362 vocita-
972 1313 1437 1385 tempserintvanitatem‚etipsum
1447 1315 1538 1370 solum
1549 1332 1634 1387 super
1644 1332 1768 1371 eruorem

133 1402 344 1467 tumuissent
357 1401 545 1473 principatum
556 1401 580 1454 ci
596 1400 733 1464 videlicet,
742 1414 827 1469 super
835 1395 931 1451 decem
972 1402 1492 1475 propinquorumdiligerentb‘umque
1502 1405 1561 1459 haec
1570 1405 1770 1460 ethorumam·

134 1492 269 1557 civitates,
279 1491 613 1544 condonaretEtmater:
624 1490 710 1543 Putas
721 1487 842 1558 igiturin
852 1491 933 1541 tanta
972 1490 1062 1563 pliora
1075 1493 1216 1562 sapienter
1226 1492 1267 1545 eis
1277 1492 1446 1562 vigilantius
1461 1493 1649 1557 dissemisset,
1667 1494 1770 1549 iterum

134 1580 221 1651 gloria
233 1596 311 1633 nune
320 1578 423 1632 ibidem
432 1579 540 1650 positus
549 1577 806 1631 habetmcmoriam
824 1576 934 1630 nostrii
974 1587 1111 1635 venerunt
1125 1581 1257 1634 inlocum
1272 1581 1352 1635 illum
1368 1580 1414 1635 ubi
1427 1582 1562 1652 seriptum
1576 1588 1634 1636 est:
1651 1583 1686 1637 Et
1700 1583 1771 1637 dixit

134 1669 167 1725 Et
174 1668 361 1738 vigilantius:
371 1665 711 1737 Illequidemmemoriam
719 1665 804 1720 vestri
814 1664 932 1718 nimium
973 1670 1054 1724 lesus
1066 1669 1209 1740 discipulis
1224 1670 1300 1724 suis:
1318 1671 1408 1724 Amen
1423 1687 1506 1725 amen
1525 1671 1586 1724 dieo
1598 1670 1683 1736 vobis,
1704 1672 1770 1743 quia

134 1755 215 1812 habet
227 1757 258 1810 in
275 1761 380 1824 mente,
396 1762 425 1810 et
439 1756 518 1811 valde
532 1756 609 1826 cupit
624 1772 671 1810 vos
683 1757 765 1825 juxta
779 1772 809 1810 se
828 1755 931 1811 habere
942 1731 963 1790 B
973 1758 1063 1813 omnis
1078 1759 1125 1830 qui
1147 1775 1192 1812 me
1212 1759 1354 1814 consessus
1373 1759 1460 1814 fuerit
1482 1776 1578 1814 coram
1597 1759 1767 1822 haminibus,

136 1862 250 1918 semper,
267 1846 292 1900 si
306 1852 401 1901 tamen
416 1862 451 1901 ca
464 1863 526 1917 qum
546 1845 651 1916 scripta
664 1849 729 1899 sunt
753 1844 782 1899 in
798 1843 869 1899 libro
884 1845 932 1898 illo
972 1847 1126 1902 confitebor
1141 1854 1169 1902 ct
1184 1864 1236 1918 ego
1251 1865 1316 1902 eum
1335 1865 1429 1902 eoram
1440 1849 1522 1903 Patre
1533 1865 1606 1914 nxeo,
1618 1848 1665 1919 qui
1680 1855 1723 1903 est
1739 1849 1769 1903 in

138 1936 294 2006 quemmihi
305 1935 579 2007 reliqnitadimplere
591 1934 743 1989 volueritis.
753 1935 785 1989 Et
796 1934 931 1989 materad
972 1938 1067 2003 coelis;
1088 1937 1136 2008 qui
1151 1943 1245 1992 autem
1265 1937 1408 2007 negaverit
1430 1954 1474 1992 me
1489 1953 1582 1991 coram
1598 1936 1768 2002 hominibue,

138 2023 187 2080 hec
200 2044 208 2078 ε
223 2026 381 2095 Agaergo,
393 2030 421 2079 et
431 2024 590 2094 depositum
601 2023 681 2077 nobis
690 2023 820 2078 celeriter
828 2040 929 2094 repra·
972 2026 1116 2096 denegabo
1131 2033 1160 2080 ct
1174 2043 1225 2096 ego
1249 2042 1313 2080 cum
1328 2042 1422 2080 coram
1437 2027 1521 2080 Patre
1536 2043 1608 2093 nien,
1622 2026 1669 2097 qui
1684 2026 1769 2081 estin

142 2119 220 2169 teuta
230 2114 267 2168 Et
276 2115 336 2168 haec
348 2113 482 2180 dieentes,
494 2130 509 2167 e
522 2129 620 2167 mensa
630 2112 735 2184 pariter
747 2119 930 2183 consurgunt.
973 2115 1059 2171 eoelis.
1076 2115 1169 2169 Nolite
1183 2115 1270 2184 igitur
1284 2114 1424 2183 arbitrari,
1437 2116 1503 2187 quia
1516 2116 1579 2170 veni
1593 2132 1690 2186 pacem
1703 2115 1770 2170 mit·

171 2204 232 2258 Car.
250 2204 339 2258 xxti.
356 2236 386 2246 -
399 2205 477 2258 Tunc
487 2203 657 2273 vigilantius
671 2219 818 2259 assumens
829 2219 886 2268 coe,
903 2203 933 2258 in
973 2208 1033 2259 tere
1039 2205 1068 2258 iu
1076 2205 1325 2270 terrammonveni
1335 2220 1432 2276 pacem
1443 2205 1770 2275 mittere‚sedgladium.

145 2293 231 2347 cellam
254 2299 418 2347 sanctornm
432 2298 590 2364 martyrum
608 2293 782 2359 introduxit;
800 2298 828 2347 et
842 2297 933 2346 osten·
973 2293 1124 2348 Venienim
1135 2309 1266 2364 separare
1273 2294 1668 2365 hominemadversuspatrem
1675 2310 1767 2360 suum,

146 2381 201 2437 dens
214 2383 257 2436 eis
268 2380 439 2436 dominicam
454 2398 563 2436 crucem
574 2387 602 2436 et
614 2385 824 2436 sacrosanctum
838 2386 927 2448 221
973 2386 1002 2436 et
1012 2383 1097 2437 tiliam
1108 2383 1241 2437 adversus
1252 2386 1372 2437 matrem
1381 2398 1471 2448 suam,
1480 2388 1508 2437 et
1522 2399 1625 2436 nurum
1636 2383 1770 2437 adversus

147 2468 316 2540 Evangelium
325 2469 525 2534 Christi‚aitad
539 2486 599 2524 eos:
612 2471 677 2525 lime
685 2475 752 2523 sunt
763 2487 824 2541 quae
833 2470 932 2524 Aetion
973 2488 1084 2526 socrum
1093 2487 1182 2538 suam,
1194 2476 1223 2525 et
1235 2471 1340 2525 inimici
1349 2471 1470 2526 hominis
1480 2471 1626 2526 domestici
1635 2472 1705 2541 ejus
1716 2471 1770 2535 Qui

148 2556 208 2612 llius
214 2564 309 2612 vester
317 2558 387 2611 mihi
395 2557 592 2628 dereliquit.Si
600 2575 666 2629 ergo
674 2558 837 2629 mysterium
847 2557 932 2627 hujus
973 2566 1168 2630 ematpatrem
1179 2565 1357 2615 autmatrem
1368 2560 1525 2631 plusquam
1538 2577 1592 2626 me,
1605 2576 1662 2615 non
1675 2566 1770 2614 estme

148 2642 233 2700 divinae
242 2645 355 2700 virtutis
366 2651 394 2700 et
404 2663 436 2700 ea
447 2663 508 2717 quae
517 2647 547 2701 in
566 2647 619 2701 boo
633 2646 727 2701 codiee
742 2646 846 2718 scripta
855 2652 930 2711 sunt,
974 2648 1084 2718 dignus.
1098 2649 1133 2702 Et
1142 2649 1191 2720 qui
1204 2665 1260 2703 non
1269 2649 1371 2720 accipit
1384 2666 1494 2704 erucem
1504 2665 1594 2714 suam,
1606 2648 1720 2720 etsequi
1726 2655 1771 2703 tur

149 2731 264 2801 feceritis,
280 2734 404 2805 proiecto
425 2734 553 2789 videbitis
578 2752 652 2801 eum,
678 2741 707 2790 et
729 2752 794 2789 cum
816 2735 877 2806 ipso
903 2736 933 2789 in
973 2754 1028 2803 me,
1036 2754 1091 2792 non
1103 2744 1145 2792 est
1154 2754 1199 2791 me
1207 2738 1319 2808 dignus,
1332 2738 1420 2809 thui
1430 2738 1536 2792 invenit
1546 2739 1668 2793 animam
1679 2755 1769 2805 suam,

149 2829 303 2895 perpetuum
317 2824 397 2878 eritis
409 2824 497 2879 inille
512 2825 635 2895 regione.
646 2826 711 2880 Haec
727 2826 844 2881 audiens
853 2831 934 2897 pater
974 2827 1073 2899 perdet
1083 2843 1156 2881 eam.
1168 2827 1202 2881 Et
1216 2827 1264 2898 qui
1273 2827 1427 2898 perdiderit
1436 2827 1648 2882 animamsuam
1657 2832 1773 2898 propter

151 2912 208 2982 ejus,
228 2913 336 2985 accepit
351 2914 532 2984 Evangelium
551 2915 655 2970 Christi
670 2932 726 2986 prce
751 2915 891 2984 manibus,
906 2921 935 2969 et
975 2931 1021 2969 me
1036 2916 1258 2986 ctEvangelium
1275 2932 1379 2982 recum,
1394 2917 1518 2970 inveniet
1533 2932 1594 2970 eam
1608 2917 1716 2986 (llattb.
1733 2921 1771 2984 x).

151 3003 264 3074 aperiens
277 3003 406 3074 pervenit
419 3003 455 3058 ad
467 3021 530 3058 eum
540 3005 633 3059 locum
644 3003 690 3058 ubi
705 3005 842 3059 Dominus
852 3004 934 3059 Jesus
975 3005 1009 3058 Et
1023 3004 1126 3059 iterum
1144 3021 1151 3059 ι
1168 3005 1238 3059 Cum
1254 3009 1348 3060 autem
1359 3004 1530 3058 tradiderint
1542 3021 1590 3059 vos
1605 3004 1678 3076 apud
1693 3020 1772 3072 reges

151 3088 243 3146 locutus
258 3097 302 3147 est
315 3093 351 3146 ad
366 3093 517 3164 discipulos
531 3110 607 3160 suos,
615 3093 712 3148 dicens
724 3112 729 3146 :
740 3094 839 3159 Amen,
847 3110 929 3147 amen
941 3086 963 3149 G
973 3099 1001 3148 et
1015 3094 1157 3164 praesides,
1172 3093 1259 3147 nolite
1277 3094 1409 3164 cogitare,
1426 3092 1566 3164 quomodo
1580 3099 1630 3147 aut
1648 3092 1715 3163 quid
1730 3093 1771 3145 lo-

152 3177 197 3234 dice
209 3180 295 3247 vobis,
308 3182 384 3252 quod
398 3199 447 3236 vos
461 3183 509 3254 qui
524 3182 614 3236 secuti
629 3182 696 3236 estis
709 3199 764 3248 me,
778 3181 806 3236 in
820 3199 934 3253 regenc-
975 3182 1111 3254 quamini.
1124 3182 1270 3236 Noncnim
1279 3182 1413 3243 vosestis.
1425 3181 1635 3253 quiloquimini,
1648 3180 1696 3234 sed
1712 3179 1772 3251 Spi-

153 3269 314 3325 rationecum
324 3271 652 3326 sederitFiliushominis
662 3271 767 3325 insede
777 3272 933 3341 majestatis
974 3271 1045 3325 ritus
1060 3270 1152 3325 Patris
1162 3271 1247 3324 vestri
1262 3270 1309 3340 qui
1325 3270 1448 3340 loquitur
1462 3270 1492 3323 in
1505 3268 1591 3323 vobis.
1606 3268 1709 3322 Tradet
1724 3285 1772 3322 au·

153 3372 202 3425 tva,
217 3358 351 3414 sedebitis
366 3365 395 3413 et
409 3376 457 3414 vos
475 3377 560 3430 super
579 3361 659 3415 sedes
680 3359 828 3415 duodecim
854 3360 932 3431 judi·
974 3366 1032 3415 tem
1043 3360 1130 3413 frater
1148 3359 1271 3431 fratrem,
1285 3358 1315 3414 in
1335 3363 1464 3423 mortem,
1477 3365 1506 3412 et
1523 3364 1604 3429 pater
1618 3356 1726 3424 lilium;
1743 3362 1772 3410 et

153 3454 228 3503 antee
241 3448 392 3504 duodecim
402 3448 491 3503 tribus
501 3450 597 3505 lsrael.
608 3450 643 3504 Et
653 3450 745 3503 omnis
756 3450 803 3521 qui
811 3450 933 3521 relique·
973 3453 1090 3518 surgent
1109 3447 1160 3501 filii
1173 3448 1203 3501 in
1217 3451 1357 3518 parentes,
1375 3451 1404 3500 et
1417 3452 1507 3501 morte
1522 3463 1568 3501 eos
1581 3446 1722 3514 afficient3
1743 3450 1771 3499 et

153 3535 180 3589 rit
189 3536 311 3602 domum,
320 3538 364 3591 vel
376 3537 486 3604 tratres,
501 3543 551 3591 aut
563 3553 682 3605 sorores,
691 3544 741 3592 aut
753 3544 872 3609 patrem,
885 3545 934 3593 aut
975 3537 1054 3594 eritis
1068 3536 1131 3591 odio
1146 3535 1283 3599 omnibus
1293 3541 1407 3606 propter
1421 3550 1524 3590 nomen
1537 3551 1640 3589 meunt.
1653 3534 1706 3598 Qui
1720 3551 1770 3590 au-

153 3631 265 3692 tumem,
280 3632 332 3681 aut
345 3642 471 3693 uxorem,
487 3626 632 3693 antidius,
647 3631 697 3680 aut
711 3643 802 3697 agree,
820 3633 935 3699 propter
975 3633 1032 3682 tem
1042 3625 1260 3698 perseveraverit
1272 3641 1361 3696 usque
1375 3623 1405 3679 in
1419 3624 1513 3693 sunem,
1531 3624 1575 3678 hie
1598 3623 1690 3678 salvus
1706 3623 1770 3677 erit.

153 3726 237 3770 nomen
253 3732 360 3782 meum,
376 3716 538 3787 centuplum
558 3715 684 3786 accipiet,
705 3720 734 3769 et
751 3716 836 3770 vitam
855 3721 935 3771 aeter·
975 3715 1153 3786 Rursumque
1175 3714 1339 3785 perveniens
1357 3712 1387 3767 in
1401 3712 1531 3769 ultimam
1549 3717 1658 3785 partem
1682 3712 1772 3766 sancti

153 3805 563 3877 nampossidebitMultiautem
574 3812 641 3859 sunt
650 3805 733 3876 primi
742 3806 896 3872 novissimi,
905 3812 934 3861 et
975 3803 1126 3875 Evangelii,
1135 3804 1218 3875 caepit
1229 3803 1384 3859 secundum
1393 3803 1532 3857 loannem
1550 3802 1653 3856 iterum
1667 3802 1771 3871 legere,

152 3894 277 3950 nonmimi
291 3895 377 3966 primi
388 3896 494 3961 (blattis.
508 3897 572 3962 xix).
590 3894 624 3950 Et
639 3901 719 3966 puter
731 3913 736 3947 ι
747 3895 815 3959 Quis
825 3902 877 3962 est,
893 3896 935 3950 in·
975 3893 1070 3947 dicens
1087 3912 1092 3946 :
1118 3893 1213 3958 Pater,
1231 3910 1300 3964 quos
1314 3894 1417 3948 dedisti
1441 3892 1520 3957 mihi,
1538 3892 1599 3945 volo
1614 3895 1647 3944 nt
1661 3889 1708 3944 ubi
1721 3906 1773 3961 ego

153 3981 206 4049 quit,
219 3983 272 4037 iste
281 3983 418 4038 Dominus
428 3984 519 4049 JesuS,
528 3989 556 4037 et
569 3985 616 4054 qui
630 3990 696 4039 sunt
711 3984 758 4055 qui
770 3986 857 4039 secuti
869 3991 934 4041 sunt
975 3999 1047 4047 sum,
1057 3986 1085 4036 et
1095 3982 1150 4035 illic
1160 3980 1658 4047 sintmeeum,utvideantclaritatem
1669 3994 1771 4045 xeneam,

152 4071 217 4124 alm?
230 4072 321 4127 sedet
330 4073 451 4144 quisunt
460 4073 501 4126 illi
514 4073 561 4144 qui
568 4073 705 4143 jubentur
715 4074 873 4145 relinquere
883 4092 934 4147 pa·
976 4086 1060 4142 quam
1075 4071 1176 4125 dedisti
1192 4072 1270 4135 mihi,
1278 4071 1343 4142 quia
1358 4070 1479 4124 dilexisti
1493 4085 1537 4122 me
1556 4074 1621 4122 ante
1640 4067 1774 4122 constitu-

152 4158 208 4212 trcm
226 4167 276 4215 aut
290 4167 421 4226 matrem,
437 4177 552 4215 uxerem
565 4167 593 4214 et
605 4161 686 4227 titios,
700 4168 816 4233 propter
829 4179 932 4218 nomen
973 4159 1079 4214 tionem
1099 4159 1196 4213 mundi
1222 4160 1309 4230 <loen
1326 4161 1402 4223 xviv).
1429 4158 1464 4212 Et
1482 4158 1575 4211 denuo
1594 4157 1654 4211 :Ut
1676 4172 1773 4209 omnes

215 4263 280 4303 mos
293 4248 361 4304 dicit
375 4255 556 4321 percepturos
575 4265 635 4303 esse
655 4249 684 4303 in
698 4248 793 4305 sutura
810 4249 932 4305 beatitu·
973 4248 1136 4314 unumsint‚
1149 4247 1276 4313 sicutte,
1289 4248 1382 4312 Pater,
1400 4247 1494 4313 inme,
1507 4252 1597 4314 ctego
1611 4245 1640 4297 in
1655 4250 1692 4310 te,
1703 4248 1773 4297 utet

153 4336 280 4392 merten
297 4338 930 4406 aetemaleuaesumuste,tratercharissime‚
973 4336 1026 4408 ipsi
1040 4336 1070 4389 in
1089 4334 1169 4390 nobis
1180 4352 1269 4389 unum
1283 4334 1348 4401 sint,
1365 4340 1397 4389 ut
1412 4334 1508 4388 eredat
1524 4332 1645 4386 mundus
1660 4331 1726 4402 quia
1742 4335 1773 4385 tu

154 4427 321 4499 vtaialiquid
333 4427 363 4482 in
376 4428 419 4481 his
428 4444 489 4499 quae
502 4444 568 4482 vera
580 4433 647 4482 sunt
657 4428 741 4493 nosti,
750 4428 831 4483 nobis
842 4426 1016 4500 exple-Dme
1031 4425 1141 4478 misisti.
1158 4425 1192 4478 Et
1211 4441 1262 4495 ego
1282 4424 1441 4479 claritatem
1470 4438 1554 4494 quam
1578 4420 1681 4474 dedisti
1704 4419 1774 4474 mihi

155 4528 205 4570 nare
217 4533 273 4573 non
287 4516 443 4588 pigriteris,
460 4517 597 4589 Aperiens
612 4523 708 4572 autem
717 4517 885 4588 Vigilantius
901 4534 932 4572 os
973 4515 1038 4570 dedi
1053 4515 1104 4581 eis
1128 4518 1160 4567 ut
1173 4513 1229 4568 sint
1243 4530 1341 4580 unum,
1358 4515 1430 4568 sicut
1450 4519 1479 4567 et
1493 4529 1544 4566 nos
1558 4526 1647 4565 unum
1661 4526 1769 4564 sumus.

155 4618 227 4673 mum,
238 4612 267 4660 et
276 4606 416 4676 incipiens
429 4607 602 4678 aScriptura
616 4606 680 4669 ista,
689 4606 887 4677 evangelizavit
902 4606 934 4660 il·
974 4604 1032 4675 Ego
1056 4603 1085 4658 in
1109 4603 1158 4669 eis,
1176 4608 1204 4657 et
1221 4609 1253 4656 tu
1275 4603 1306 4657 in
1324 4620 1379 4669 me,
1404 4608 1436 4656 ut
1459 4601 1516 4655 sint
1534 4598 1720 4655 consummati
1743 4599 1773 4652 in

155 4687 335 4749 liaDominmu
349 4695 446 4749 lesum
468 4695 622 4760 Christum,
641 4695 762 4766 qualiter
776 4694 811 4750 ab
825 4696 933 4765 origine
974 4709 1072 4760 unum,
1083 4698 1112 4748 et
1124 4699 1274 4764 eognoscat
1288 4693 1419 4757 mundus,
1432 4691 1540 4762 quintu
1555 4704 1599 4743 me
1615 4686 1774 4754 misisti,di·

156 4782 233 4837 nundi
243 4783 341 4838 omnia
351 4799 402 4854 per
411 4783 504 4854 ipsum
514 4783 587 4837 facta
597 4792 673 4847 sunt,
680 4788 709 4837 et
719 4784 838 4854 qualiter
844 4784 933 4838 homi·
973 4782 1068 4838 lexisti
1078 4799 1135 4846 coe,
1151 4783 1224 4836 sicut
1234 4787 1262 4836 et
1274 4798 1319 4835 me
1331 4780 1461 4835 dilexisti.

157 4879 203 4924 reu
214 4872 248 4926 ad
260 4872 288 4926 in
301 4872 414 4942 aginam
429 4877 457 4925 et
466 4870 678 4926 similitudinem
691 4888 772 4925 suam
786 4870 892 4935 lecerit,
905 4879 933 4928 et
1010 4872 1075 4926 Car.
1088 4870 1187 4925 XXIII.
1197 4902 1230 4911 -
1241 4872 1306 4925 llaec
1316 4876 1344 4924 et
1356 4869 1494 4940 avnpliora
1502 4869 1602 4922 horum
1614 4866 1682 4921 dum
1693 4865 1775 4936 legis-

157 4951 335 5029 apamenum
344 4960 507 5014 deliciarum
516 4960 654 5031 posuerit;
663 4960 836 5030 etquornodo
846 4977 932 5015 unam
974 4966 1017 5016 set
1031 4965 1120 5032 pater,
1130 4960 1166 5013 ad
1176 4959 1361 5030 vigilantium
1371 4958 1411 5011 ait
1424 4976 1429 5010 :
1443 4958 1553 5021 Precor,
1570 4955 1657 5009 frater
1671 4954 1774 5008 charis-

159 5051 240 5103 wttam
251 5048 351 5104 tulerit
360 5048 395 5101 de
410 5048 497 5101 latere
511 5048 605 5117 ipsius,
617 5053 646 5101 et
659 5048 739 5101 finxit
753 5064 815 5101 eam
830 5049 859 5102 in
874 5066 933 5103 mu-
973 5049 1053 5115 sime,
1062 5049 1166 5102 iterum
1175 5048 1296 5119 explana
1305 5046 1385 5100 nohis
1396 5046 1559 5115 diligentius
1569 5061 1603 5098 ea
1614 5060 1675 5115 quae
1691 5042 1773 5096 modo

159 5126 244 5191 ierem:
255 5138 305 5192 scd
316 5143 345 5191 ct
357 5136 616 5208 quomodopropter
625 5142 785 5208 serpentem
794 5137 885 5191 Adam
897 5137 933 5192 de
972 5137 1101 5208 legimus,
1113 5154 1146 5191 eo
1162 5136 1235 5206 quod
1250 5152 1301 5189 nos
1309 5135 1422 5206 penitus
1437 5135 1465 5188 in
1480 5135 1524 5188 his
1540 5133 1633 5189 verbis
1647 5132 1718 5187 nihil
1732 5132 1773 5184 in·

160 5225 440 5286 modsodeliciarum
450 5225 672 5280 inhaneterram
679 5226 839 5279 mortalium
849 5243 933 5298 expu·
973 5226 1136 5297 telligimus
1163 5223 1333 5295 vigilantius
1348 5223 1493 5294 respondit
1508 5241 1514 5276 :
1531 5223 1598 5277 lllos
1614 5238 1682 5293 quos
1706 5219 1774 5273 dicit

160 5302 223 5375 lta
234 5315 355 5386 qualiter
363 5313 428 5379 Eva,
439 5315 506 5383 quia
516 5313 568 5383 ipsi
579 5314 702 5385 serpenti
715 5314 804 5383 magis
819 5314 932 5369 obedire
973 5315 1109 5369 Dominus
1120 5315 1134 5368 J
1137 5330 1201 5368 esus
1215 5319 1311 5367 noster
1323 5331 1329 5367 :
1340 5313 1413 5377 Quia
1426 5313 1474 5386 qui
1485 5329 1529 5366 me
1543 5310 1660 5365 contessi
1670 5306 1772 5362 luerint

161 5397 224 5456 ltluit
234 5420 318 5475 quam
329 5402 449 5457 Domino
462 5402 782 5466 Deosuo,anxietatibus
795 5409 823 5457 et
832 5404 933 5458 dolori·
972 5419 1067 5460 coram
1077 5402 1246 5468 hominibus,
1256 5403 1410 5457 confitebor
1420 5407 1449 5456 et
1458 5418 1510 5472 ego
1525 5418 1573 5456 eos
1584 5414 1678 5454 coram
1688 5397 1772 5450 Patre
1831 5432 1834 5443 .

162 5477 232 5544 buain
242 5491 431 5562 parturitione
444 5496 487 5544 est
501 5491 695 5557 condemnata
711 5489 759 5545 sed
772 5495 800 5545 et
811 5491 933 5562 qualiter
975 5507 1046 5556 mee,
1064 5491 1111 5562 qui
1127 5491 1211 5545 estin
1226 5492 1320 5560 coelis;
1337 5491 1385 5562 qui
1401 5497 1496 5545 autem
1512 5485 1712 5559 denegaverint
1726 5499 1771 5535 me

162 5577 227 5633 ⁸³leti
235 5580 377 5652 prophetae
388 5583 453 5634 ante
466 5579 589 5651 primurn
601 5580 752 5636 adveutum
757 5580 821 5635 Filii
828 5580 878 5636 Dei
888 5597 933 5634 ve·
976 5596 1071 5634 coram
1086 5580 1255 5647 hominibus,
1267 5579 1412 5652 denegabo
1422 5596 1471 5634 eos
1480 5583 1508 5633 et
1522 5593 1574 5647 ego
1583 5589 1676 5631 coram
1688 5572 1771 5625 Patre
