3818 6120
685 277 1013 337 nrvrmsmruuu
1031 276 1139 336 unca
1155 278 1232 335 vnr.
1306 252 1309 261 ’
1703 277 1772 337 rios

424 404 541 462 cAPur
554 405 640 462 Xllll.
938 403 1061 475 Aexegi,
1071 409 1101 459 et
1112 420 1187 459 nunc
1200 403 1263 460 veni
1276 407 1308 458 ut
1321 408 1351 458 ta
1365 419 1397 459 ex
1407 403 1459 458 hac
1469 418 1582 474 quoque
1590 402 1774 475 surgemcum

972 509 1038 564 ergo
1046 493 1220 563 cognovisset
1228 492 1527 549 boatusNatbanaelse
1540 492 1630 548 luisse
1648 493 1771 560 illusum,

972 599 1100 637 reversus
1115 588 1158 637 est
1178 582 1215 637 nd
1227 582 1348 654 primam
1362 582 1461 638 cellam
1477 586 1526 641 :et
1543 581 1638 652 spatio
1656 581 1774 651 triginta

170 673 290 739 Quidam
304 677 387 728 aetate
394 673 500 743 junior,
511 673 625 728 nomine
635 672 783 739 Macarius,
798 672 933 727 decernet
972 677 1080 742 septem
1095 688 1234 727 annorum
1253 688 1309 726 non
1323 678 1366 727 est
1376 687 1505 743 egressus
1515 677 1597 726 extra
1606 669 1693 738 fores,
1709 688 1774 726 mn·

135 767 391 828 octoannosnatus,
401 779 466 818 cum
474 762 584 818 luderet
593 779 657 817 cum
669 761 887 833 suisoequalibus
896 761 932 816 ad
972 761 1090 816 tendens
1101 777 1166 815 curn
1180 760 1316 827 daemone,
1331 761 1380 831 qui
1393 766 1436 815 tot
1446 765 1475 814 et
1487 764 1569 814 tanta
1583 759 1613 813 ei
1625 759 1733 814 lecerat
1744 767 1775 816 ut

134 852 227 907 lacurn
243 852 291 924 qui
305 851 408 906 dicitur
416 852 515 919 Maria,
525 868 641 924 pascens
646 868 746 922 pecora
754 851 855 905 caedem
867 850 933 905 iecit
972 865 1037 904 eum
1050 849 1275 921 cogeretexcella
1286 849 1431 920 egredi,ut
1441 865 1477 904 ne
1487 865 1521 904 ea
1530 864 1650 903 narrare
1661 849 1774 920 quidem

134 941 362 996 involuntariam.
376 942 403 996 ls
415 941 593 995 cumncmini
607 941 660 994 hoc
673 940 801 1007 dixisset,
816 940 931 994 venitin
973 938 1063 992 liceat.
1074 938 1247 1009 htqueinter
1255 943 1357 993 caetera
1364 937 1477 1010 quidem
1485 938 1538 992 hoc
1545 937 1775 992 machinatusest

133 1030 324 1095 solitudinem,
334 1035 362 1084 et
369 1047 402 1084 eo
410 1030 545 1102 processit
554 1035 631 1084 metu
639 1034 668 1084 et
677 1029 728 1084 Dei
735 1035 763 1083 et
772 1029 929 1095 hominurn,
972 1027 1109 1083 bonorum
1127 1027 1269 1095 inimicus,
1285 1043 1386 1098 nempe
1401 1032 1433 1081 ut
1452 1026 1631 1098 eumprobro
1642 1043 1676 1080 ac
1690 1026 1774 1082 dede·

133 1126 236 1174 utnon
253 1119 374 1174 senserit
387 1136 416 1174 se
428 1118 518 1174 tribus
532 1119 614 1173 annis
629 1119 765 1173 mansisse
783 1118 844 1173 sine
857 1123 931 1173 tecto
972 1133 1035 1172 core
1049 1116 1183 1183 afficeret,
1199 1117 1234 1171 ad
1249 1117 1310 1187 ejus
1325 1116 1548 1188 abrumpendum
1562 1115 1740 1170 institutum.

134 1209 164 1264 in
178 1208 339 1264 solitudine.
359 1208 410 1263 Est
437 1214 531 1264 autern
557 1207 607 1262 illa
629 1211 705 1262 terra
728 1207 817 1273 arida,
846 1207 930 1278 idque
1005 1207 1076 1261 Cum
1090 1211 1197 1278 septem
1211 1206 1300 1260 suncti
1315 1205 1438 1276 episcopi
1448 1211 1579 1260 sanctum
1599 1205 1771 1273 invisissent,

133 1297 226 1353 sciunt
247 1313 354 1364 omnes,
365 1303 423 1352 tam
437 1298 486 1369 qui
495 1297 639 1352 auditione
650 1302 828 1368 acceperunt,
844 1313 928 1367 quam
971 1294 1120 1350 autexDei
1135 1294 1319 1366 providentia.
1334 1294 1614 1365 autexsuggestione
1626 1293 1704 1349 illius
1717 1299 1774 1349 ten-

134 1386 182 1457 qui
190 1403 224 1440 ex
233 1385 293 1458 ipsa
304 1385 654 1458 nomntexper'ventia.Hic
664 1385 724 1457 ipse
732 1385 930 1440 lineariussibi
970 1384 1095 1451 tationis,
1111 1400 1176 1439 eum
1195 1383 1398 1456 propemodum
1413 1383 1576 1439 deturbavit
1586 1399 1604 1436 a
1619 1384 1771 1455 proposito.

133 1481 232 1547 postea
241 1475 388 1530 aedificavit
395 1476 523 1530 cellulam
536 1481 579 1541 ;et
585 1475 684 1530 cumin
695 1492 729 1529 ea
737 1475 850 1529 vixisset
861 1475 930 1529 ulios
971 1474 1041 1528 Cum
1052 1473 1127 1528 enim
1141 1473 1264 1543 episcopi
1275 1477 1425 1544 postquam
1439 1488 1503 1528 enm
1510 1472 1686 1538 invisissent,
1701 1489 1773 1527 oras·

131 1563 231 1634 viginti
246 1569 275 1618 et
284 1566 408 1636 quinque
418 1581 515 1632 annos,
531 1570 612 1620 tantu
618 1564 712 1635 gratia
721 1563 822 1635 dignus
836 1564 931 1618 ostha-
971 1569 1043 1628 sent,
1059 1568 1159 1634 etpost
1173 1562 1330 1616 orationem
1341 1562 1459 1629 exirent,
1469 1578 1505 1617 ne
1517 1578 1650 1633 gressum
1661 1562 1771 1634 quidem

133 1650 216 1716 bitus,
233 1658 266 1707 ut
278 1653 428 1708 solitudine
447 1651 503 1721 (43)
527 1653 682 1707 delectatus
705 1652 860 1723 despiceret
874 1653 931 1707 dae·
970 1666 1059 1706 unum
1070 1651 1150 1722 pedis
1160 1667 1208 1707 eos
1222 1651 1372 1706 comitatus
1383 1656 1428 1706 est
1443 1651 1485 1705 vir
1494 1652 1639 1722 egregius,
1649 1666 1687 1706 ne
1697 1652 1772 1706 daret

131 1757 239 1796 mones.
260 1742 318 1812 Ego
331 1758 395 1796 oum
415 1759 448 1796 eo
461 1748 586 1796 versatus
600 1741 683 1812 longo
694 1747 831 1812 tempore,
842 1740 877 1794 ab
896 1757 929 1795 eo
938 1723 961 1783 Β
970 1741 1061 1795 locum
1070 1740 1185 1795 inimico
1200 1740 1347 1796 bonorum.
1364 1740 1396 1795 Ei
1406 1740 1582 1812 ergodicnnt
1593 1740 1709 1794 diaconi
1719 1740 1771 1812 epi·

131 1829 216 1884 didici
231 1830 368 1901 quomodo
374 1831 473 1885 allecta
487 1836 562 1885 esset
575 1831 636 1901 ejus
649 1830 721 1884 ratio
734 1829 769 1885 ob
783 1835 926 1901 peccatum
969 1829 1265 1900 sooporum:Superbe
1274 1835 1303 1884 te
1316 1829 1427 1900 geris,o
1438 1829 1534 1897 abbas,
1549 1830 1600 1902 qui
1616 1847 1676 1885 non
1690 1830 1772 1885 dedu·

131 1919 224 1974 cedis.
238 1918 354 1974 Dicebat
366 1925 470 1984 autem,
485 1924 595 1974 tantum
611 1919 751 1974 abessent
764 1919 881 1984 doleret,
897 1925 929 1973 ut
969 1919 1008 1973 cis
1031 1920 1185 1990 episcopos.
1206 1919 1234 1974 ls
1254 1934 1318 1973 vero
1335 1918 1403 1973 dicit
1429 1918 1469 1973 eis
1488 1919 1566 1990 :Ego
1586 1923 1617 1973 et
1643 1919 1771 1975 domiuus

131 2008 217 2063 etiam
232 2009 339 2079 gratias
354 2013 451 2079 ageret
465 2009 500 2063 de
523 2008 640 2063 crimine
655 2008 746 2063 credis.
761 2009 827 2062 Fuit
854 2009 929 2063 enim
969 2007 1194 2079 meosepiscopos
1213 2009 1441 2076 colo,etomnem
1449 2009 1557 2063 clerum
1564 2008 1677 2063 honoro
1687 2025 1772 2066 esum·

130 2096 927 2165 caedesinvoluntariamibicausasalutis.Dicebatautcm,
969 2112 1024 2168 que
1038 2114 1090 2167 ego
1103 2103 1231 2168 peccator
1245 2097 1371 2152 omnium
1383 2097 1530 2152 hominnm
1540 2098 1724 2169 peripsema:
1735 2098 1775 2152 his

130 2202 165 2242 ex
180 2186 332 2258 Scripturis
353 2187 472 2241 afferens
503 2187 697 2242 testimonium
724 2188 816 2253 caedis,
833 2203 929 2258 quma
970 2190 1064 2240 autern
1080 2186 1209 2244 omnibus
1224 2191 1253 2240 et
1262 2186 1314 2241 toti
1330 2186 1401 2253 vitm,
1417 2186 1491 2257 quod
1499 2186 1529 2241 in
1544 2192 1655 2253 meast,
1676 2203 1773 2258 propo-

129 2292 231 2347 magno
247 2276 297 2331 Dei
307 2292 386 2330 servo
400 2277 496 2348 Moyse
510 2275 583 2331 facta
596 2276 649 2331 suit
661 2277 690 2331 in
709 2278 838 2349 AEgypto.
855 2276 929 2348 quod
970 2275 1023 2330 sito
1031 2291 1093 2329 sum
1107 2279 1346 2340 ‘immortuus
1355 2275 1596 2346 Egoenimhabeo
1606 2292 1775 2348 scopnmoc

129 2364 464 2437 nisiproptercaedermet
477 2370 584 2420 metum
592 2366 756 2428 Pharaonis,
766 2366 929 2436 nondignus
970 2364 1086 2430 cultum,
1102 2380 1186 2434 quem
1200 2364 1253 2418 scit
1270 2363 1406 2419 Dominus
1427 2365 1570 2436 quinovit
1592 2365 1706 2421 occulta
1723 2365 1774 2420 mei

128 2451 242 2508 habitus
255 2453 355 2507 iuissct
368 2455 475 2525 Moyses
490 2453 596 2507 visione
611 2453 732 2519 Domini,
748 2460 777 2507 et
790 2459 869 2508 tanto
883 2454 931 2507 do·
970 2453 1071 2518 cordis,
1093 2469 1143 2508 cur
1157 2470 1204 2509 eos
1214 2470 1270 2508 non
1285 2470 1348 2508 sum
1360 2453 1520 2509 comitatus.

129 2557 176 2608 no,
184 2546 213 2596 et
226 2542 431 2612 conscriptione
442 2541 785 2612 sanctorumoloquiorum
795 2543 925 2613 Spiritus.
1006 2543 1076 2597 Cum
1092 2558 1158 2613 crgo
1171 2542 1216 2597 hic
1230 2559 1341 2614 qnoque
1357 2549 1436 2597 actus
1447 2559 1503 2597 non
1519 2542 1709 2598 successisset
1722 2544 1774 2598 dee·

129 2627 202 2683 Nam
216 2646 279 2683 cunr
295 2631 439 2701 effugisset
451 2630 789 2702 exAEgypto,pervenitin
803 2637 928 2686 montem
969 2631 1620 2703 moni,rursustalemsuscipitliguramNovem
1631 2632 1773 2687 mensibus

132 2717 208 2772 Sina.
226 2715 291 2772 llaec
300 2722 395 2772 autem
402 2718 465 2772 dico
480 2734 537 2772 non
548 2718 677 2773 muniens
688 2719 760 2773 viam
776 2719 810 2774 ad
824 2719 928 2774 caedem
969 2725 1034 2774 ante
1047 2720 1246 2775 dormitionem
1254 2721 1366 2775 athlebe
1373 2720 1593 2775 transformatus
1602 2726 1649 2775 est
1664 2722 1695 2776 in
1707 2738 1772 2793 pne·

130 2807 273 2878 aliquam,
287 2807 336 2861 sed
359 2807 452 2877 potius
466 2808 616 2862 ostendens
627 2825 688 2863 esse
702 2809 787 2864 etiatn
811 2809 928 2864 virtutes
969 2826 1033 2864 rum
1048 2808 1196 2864 duodecim
1206 2825 1294 2864 annos
1304 2814 1412 2874 natum,
1424 2814 1561 2881 tanquam
1578 2815 1712 2881 agentem
1724 2808 1775 2865 asi·

129 2911 191 2968 quae
217 2896 348 2950 oriuntur
361 2912 393 2950 ex
420 2912 495 2964 casu,
512 2896 623 2968 quando
646 2914 702 2952 non
719 2898 776 2952 vult
790 2899 852 2969 quis
878 2914 930 2952 sua
970 2915 1038 2953 num
1052 2915 1154 2970 panem
1168 2898 1198 2952 in
1213 2903 1309 2970 sporta
1326 2898 1472 2954 ferentem.
1484 2898 1539 2962 Qui
1550 2916 1623 2971 puer
1635 2916 1701 2954 cum
1716 2915 1775 2954 sero

129 2989 229 3057 sponte
243 2984 278 3039 ad
288 2984 392 3039 bonum
407 2986 546 3040 accedere.
563 2985 604 3040 Ex
614 2986 763 3041 virtutibus
778 2987 854 3042 enim
867 2987 928 3042 aliae
970 3004 1084 3059 vespere
1092 2991 1167 3042 essct
1181 3003 1267 3058 prope
1281 2987 1389 3053 cellam,
1403 2987 1558 3042 simulabat
1570 2987 1709 3043 cecidisse
1722 2987 1776 3042 asi·

130 3073 244 3144 quidem
262 3079 404 3146 suntque
419 3092 453 3129 ex
465 3075 608 3130 voluntate
624 3081 654 3130 et
681 3091 715 3130 ex
742 3081 840 3131 nostro
867 3075 960 3158 ani-0
970 3093 1050 3141 num,
1065 3082 1094 3131 et
1103 3093 1133 3130 se
1142 3077 1263 3131 clamare
1275 3075 1371 3131 =Abba
1380 3077 1547 3142 Nathanael,
1559 3077 1699 3133 miserere
1712 3077 1776 3144 mei,

129 3163 169 3217 mi
183 3162 313 3218 instituto
340 3164 574 3236 proficiscuntur3
589 3165 651 3219 alia
667 3181 731 3221 vero
745 3182 806 3237 quae
816 3183 849 3220 ex
863 3181 929 3222 casu
972 3171 1001 3220 et
1014 3165 1126 3238 porrige
1132 3164 1201 3220 mihi
1209 3181 1334 3220 manum.
1347 3165 1397 3221 Ille
1406 3165 1724 3239 autemaudivitutique
1733 3184 1777 3222 vo·

130 3262 292 3307 nascuntur.
971 3271 1031 3309 cern
1044 3255 1124 3326 pueri
1135 3273 1141 3322 ;
1156 3260 1186 3309 et
1196 3254 1370 3326 apertoostio
1380 3254 1466 3320 cella,
1477 3259 1557 3309 stans
1570 3255 1652 3310 intus
1665 3255 1692 3310 ei
1708 3254 1778 3310 dice·

412 3343 530 3398 CAPUT
544 3343 645 3398 XVlll.
971 3344 1036 3398 bat:
1055 3343 1123 3407 Quis
1152 3360 1190 3408 es,
1204 3348 1233 3397 et
1249 3343 1318 3414 quid
1342 3343 1383 3397 vis
1406 3343 1457 3398 tibi
1474 3343 1601 3398 faciam?
1616 3344 1778 3416 Respondet

343 3433 402 3485 Vita
416 3433 522 3487 obbatis
538 3433 706 3487 Nathanael.
971 3433 1083 3487 doemon
1097 3451 1103 3485 ι
1115 3433 1173 3504 Ego
1184 3448 1246 3487 sum
1258 3433 1343 3503 hujus
1366 3432 1496 3489 monachi
1514 3433 1660 3500 minister,
1673 3439 1703 3487 et
1720 3433 1776 3488 lem

168 3519 207 3574 Ex
222 3519 361 3575 veteribus
384 3521 488 3575 sanctis
505 3520 559 3575 fuit
573 3521 687 3592 quidum
710 3520 791 3586 alius,
809 3521 931 3593 optimus
973 3538 1069 3592 panes,
1083 3522 1360 3594 quoniumestagape
1375 3521 1483 3577 tuinoti
1497 3521 1652 3589 fratris3et
1670 3523 1776 3577 crusil-

132 3608 238 3664 Christi
256 3609 372 3675 athleta,
387 3610 501 3664 nomine
512 3609 758 3665 NathanaelEum
770 3626 821 3681 ego
827 3628 883 3665 non
892 3612 932 3665 ol·
972 3610 1130 3665 lucescente
1140 3610 1261 3666 sabbato
1271 3615 1394 3682 opusest
1404 3610 1602 3665 oblationibus.
1616 3612 1697 3683 Rogo
1711 3627 1776 3682 ergo

131 3696 207 3751 tendi
215 3697 334 3752 incarne
345 3698 595 3765 3d0rmicraten'1m
605 3699 764 3769 quindecim
780 3701 931 3757 annisante
973 3704 1002 3754 te
1016 3715 1051 3754 ne
1065 3700 1262 3771 medespicias,
1269 3717 1305 3755 ne
1313 3701 1430 3755 devorer
1440 3699 1475 3755 ab
1485 3700 1604 3771 hyaenis.
1618 3701 1691 3756 Sunt
1701 3700 1776 3755 enim

133 3801 229 3839 meum
244 3786 395 3840 adventurn
407 3787 437 3841 in
449 3792 582 3840 montem.
599 3789 669 3842 Cum
684 3794 778 3843 autem
789 3790 819 3844 in
834 3808 881 3845 eos
891 3791 933 3845 in·
974 3790 1079 3861 hyaenae
1094 3789 1123 3844 in
1133 3789 1176 3845 his
1190 3789 1266 3845 locis.
1277 3790 1361 3845 Stans
1371 3806 1438 3861 ergo
1448 3789 1655 3845 mutusbeatus
1669 3790 1777 3845 Natha-

134 3873 263 3928 cidissem
278 3875 326 3944 qui
340 3875 462 3928 cumhoc
476 3880 572 3930 sancto
586 3892 616 3930 se
625 3884 817 3945 exercuerant,
833 3885 861 3933 et
871 3880 932 3934 sue·
975 3880 1048 3946 nael,
1060 3896 1117 3951 prm
1124 3879 1232 3950 ingenti
1242 3880 1303 3950 ejus
1312 3878 1504 3934 misericordia
1515 3879 1778 3950 caligabatcontur·

133 3962 231 4016 rantei
241 3967 367 4034 tempore
380 3963 552 4034 equales,de
562 3965 613 4018 viri
624 3965 932 4023 virtutclubentersunr
974 3967 1228 4033 batusvisceribus‚
1244 3973 1273 4022 et
1287 3967 1437 4039 reputabat
1446 3967 1520 4039 apud
1535 3969 1646 4039 sequid
1664 3970 1776 4033 moeret,

135 4068 182 4106 eos
190 4050 354 4107 sciscitatus.
362 4051 431 4107 Mihi
442 4057 537 4107 autem
546 4054 607 4124 ojus
617 4057 832 4125 quoquecellam
842 4062 933 4112 osten·
974 4058 1069 4113 dioens
1082 4076 1088 4111 :
1099 4059 1157 4112 Aut
1166 4058 1293 4112 futurum
1299 4062 1344 4112 est
1353 4062 1385 4112 ut
1392 4057 1586 4128 transgrediar
1598 4059 1775 4117 mandatum.

134 4140 246 4207 derunt,
263 4140 291 4195 in
306 4158 362 4212 qua
375 4142 468 4196 nullus
481 4142 572 4197 adbuc
586 4143 786 4216 habitnt‚quod
800 4146 838 4200 sit
851 4151 933 4201 terra
974 4146 1195 4218 antaproposito
1205 4147 1340 4202 excidam,
1350 4147 1451 4201 Postea
1457 4147 1505 4218 pia
1513 4147 1589 4218 apud
1599 4165 1632 4202 se
1643 4153 1777 4219 reputans

136 4229 608 4302 habitaueproptnquior.1tleenim
619 4232 856 4289 beatustunccam
866 4252 933 4290 con·
974 4236 1143 4307 cognitione,
1153 4235 1237 4290 dixit:
1250 4235 1353 4290 Melius
1369 4241 1453 4290 estne
1459 4235 1625 4291 labefactem
1635 4243 1681 4292 tot
1688 4253 1777 4292 anno·

136 4320 332 4393 didit,quando
343 4320 401 4374 rari
411 4320 523 4375 fuerant
533 4322 718 4377 anachoreta.
734 4324 866 4379 Narravit
880 4340 933 4378 au·
974 4343 1037 4381 rum
1048 4324 1261 4396 propositumad
1274 4325 1615 4395 ignominiaatticiendum
1624 4332 1656 4381 et
1668 4327 1777 4381 vincen-

135 4415 193 4464 tem
200 4409 269 4463 mihi
278 4409 418 4480 egregiam
426 4410 721 4480 eJusexercitationem
734 4430 740 4478 ς
751 4428 851 4484 nempe
858 4412 932 4484 quod
941 4411 964 4471 D
973 4415 1041 4468 dum
1052 4414 1204 4469 diabolum.
1217 4415 1288 4469 Cum
1296 4414 1393 4485 itaque
1401 4415 1554 4469 Dominum
1565 4416 1778 4486 rogasset,dioit

136 4502 244 4554 tantam
261 4498 392 4553 habuerit
405 4499 434 4552 in
447 4499 518 4552 cella
538 4499 729 4566 tolerantiam,
744 4506 776 4554 ut
789 4517 933 4572 nunquam
975 4520 1061 4574 puero
1073 4503 1193 4573 quicum
1203 4519 1237 4557 eo
1254 4503 1422 4574 loquebatur
1437 4521 1443 4559 :
1459 4503 1543 4571 nudi,
1559 4520 1643 4576 puer,
1656 4510 1706 4560 aut
1716 4504 1777 4576 qui·

136 4587 303 4642 dimotussit
315 4604 332 4641 a
342 4587 493 4658 proposito.
508 4588 578 4642 Cum
589 4587 624 4642 ab
635 4587 716 4643 initio
729 4589 828 4644 fuisset
838 4590 935 4645 illusus
975 4609 1084 4663 cunque
1092 4592 1140 4646 sis
1149 4592 1239 4647 Credo
1254 4592 1378 4647 inDeum
1388 4593 1548 4663 quemcolo,
1559 4593 1609 4664 qui
1617 4593 1778 4648 dominatur

137 4676 295 4742 eudemone,
309 4676 356 4748 qui
369 4693 467 4732 omnes
477 4677 579 4741 illudit,
591 4677 639 4749 qni
651 4694 715 4732 eum
729 4678 785 4733 labi
795 4679 935 4734 leceratin
976 4680 1063 4735 cuivis
1082 4680 1203 4751 spiritui,
1228 4680 1303 4751 quod
1322 4680 1345 4735 si
1359 4680 1462 4735 auxilio
1476 4697 1574 4736 revera
1588 4697 1685 4752 egeas,
1706 4683 1777 4737 Deus

138 4767 293 4821 socordiam
308 4767 429 4821 etanimi
444 4782 602 4834 moerorem,
616 4773 719 4821 etcum
733 4767 828 4821 ocella
839 4784 936 4839 exege-
977 4770 1126 4824 tibimittet
1136 4770 1271 4825 auxilium
1285 4789 1291 4838 ;
1303 4776 1332 4825 et
1341 4786 1432 4841 neque
1441 4770 1558 4842 byaenve,
1568 4786 1664 4842 neque
1673 4771 1777 4843 aliquid

139 4860 184 4908 rat
194 4855 277 4920 [visus
290 4861 333 4910 cst
347 4856 420 4911 enim
434 4871 494 4910 esse
508 4855 597 4910 tristis
615 4859 644 4911 et
653 4856 747 4910 animo
757 4857 823 4927 angi
833 4857 863 4912 in
876 4858 936 4929 pri·
977 4859 1054 4913 aliud
1063 4858 1194 4913 tibimale
1203 4859 1299 4927 iuciet;
1314 4859 1461 4915 sinautem
1471 4860 1641 4928 ostentatio,
1654 4859 1777 4932 hocque-

140 4943 369 5009 macella)‚illinc
377 4945 472 5016 itaque
482 4945 867 5011 recedens,aedisscuvitnliam
876 4963 938 5017 pro·
978 4964 1032 5019 que
1044 4949 1119 5003 Deus
1129 4948 1198 5001 mihi
1205 4947 1306 5003 exhinc
1316 4950 1377 5018 jam
1387 4947 1530 5015 revelabit,
1543 4952 1573 5003 et
1591 4949 1690 5005 clauso
1703 4949 1776 5004 cella

140 5030 317 5102 pinquiorem
327 5050 408 5104 pago.
417 5035 568 5105 Postquam
579 5051 646 5105 ergo
660 5035 776 5106 perfecit
788 5035 897 5102 cellam,
909 5042 938 5090 ct
977 5036 1049 5091 ostio
1064 5040 1108 5091 est
1121 5035 1273 5106 ingressus.
1290 5036 1401 5090 Pudore
1413 5041 1506 5090 autem
1527 5036 1646 5092 affectus
1669 5037 1776 5092 daemon

140 5120 169 5175 in
182 5136 215 5174 en
224 5119 359 5175 habitavit
365 5128 422 5177 tres
431 5124 475 5178 vel
485 5129 607 5195 quatuor
615 5125 935 5192 menses,acceditnoctu
978 5125 1051 5196 quod
1068 5125 1109 5180 sic
1120 5140 1231 5196 quoque
1246 5130 1319 5179 esset
1331 5125 1429 5190 victus,
1440 5124 1582 5180 resolutus
1596 5126 1684 5180 estin
1694 5124 1778 5182 turbi-

141 5209 250 5264 daemon
264 5215 392 5264 tauream
402 5217 500 5266 tenens
514 5213 587 5268 sicut
600 5213 722 5280 lictores,
733 5230 790 5285 prae
805 5230 834 5269 se
845 5214 936 5270 ferens
978 5231 1052 5279 nem,
1078 5214 1247 5285 onagrisque
1268 5213 1472 5269 exsultantibus
1495 5230 1529 5269 ac
1556 5214 1733 5286 fugientibus
1752 5220 1778 5270 et

142 5300 262 5372 speciem
282 5297 377 5353 militis
393 5302 492 5372 pannis
508 5303 608 5364 induti,
627 5309 656 5357 ot
669 5308 768 5358 taurea
784 5305 835 5372 (til
853 5305 938 5360 edens
979 5303 1127 5375 strepitum
1142 5302 1290 5357 edentibus
1301 5303 1482 5368 assimilatus,
1493 5303 1535 5358 sic
1548 5305 1673 5360 evanuit.

142 5390 286 5460 strepitus.
303 5389 355 5444 Cui
376 5406 535 5456 succensus,
551 5392 622 5447 dixit
644 5392 743 5448 beatus
757 5395 936 5452 Nathanael:
1015 5394 1074 5447 Hoc
1091 5393 1145 5448 tuit
1164 5397 1306 5448 certamen
1323 5391 1399 5448 beati
1412 5391 1583 5460 Nathanael,
1600 5399 1632 5449 et
1643 5395 1687 5450 hae
1716 5398 1777 5450 sunt

350 546 729 618 l'tlollacuriijuniorirtti).

144 5479 213 5544 Quis
226 5484 257 5533 tu
273 5496 303 5533 es
317 5479 364 5550 qui
380 5478 438 5532 haec
452 5478 520 5533 lacis
534 5479 562 5533 in
586 5497 648 5536 mco
664 5482 786 5555 hospitio
802 5484 939 5538 lemon
979 5481 1097 5537 virtutes
1112 5482 1173 5553 ejus
1182 5481 1398 5549 exercitationis,
1414 5486 1443 5537 et
1455 5498 1552 5553 pugna
1565 5482 1674 5539 invicta
1687 5485 1777 5539 adver·

144 5575 237 5624 nutem
253 5568 399 5642 respondit
411 5587 416 5621 :
430 5568 487 5638 Ego
497 5584 558 5623 sum
568 5570 614 5640 qni
624 5576 652 5626 te
663 5587 695 5626 ex
710 5577 758 5627 tua
772 5571 940 5643 primacella
981 5587 1028 5626 sus
1042 5571 1232 5627 adversarium
1243 5591 1249 5639 ;
1262 5577 1291 5628 et
1305 5572 1351 5628 hic
1365 5573 1426 5644 ejus
1440 5571 1559 5628 celebris
1573 5572 1640 5629 vitae
1657 5574 1731 5630 finis.
