3818 6120
493 587 599 740 ΒΕ
638 581 875 740 VITIS
914 579 1272 738 PATRUll
1357 593 1360 598 ’

216 869 665 1122 Linun
757 869 1544 1155 SEPTIMUS,

831 1211 928 1276 slvn

384 1393 747 1535 VERBA
805 1392 1360 1534 SENIORUM

450 1641 452 1646 “
519 1623 748 1698 AUCTORE
773 1623 953 1699 GRAECO
980 1621 1209 1710 INCERTO,

143 1763 571 1898 rnnnnpnnnn
601 1803 983 1902 Pnsonnsro
1014 1803 1060 1900 s.
1098 1804 1158 1902 n.
1198 1804 1254 1900 n.
1293 1797 1619 1897 nmoorm.

637 2138 1112 2242 PRAELUDIUM.

93 2384 191 2448 m
200 2380 277 2437 Nihil
287 2379 375 2436 hobeo
387 2382 462 2454 quod
471 2381 536 2438 huic
546 2381 618 2438 libro
627 2384 808 2456 praemittam,
822 2388 925 2457 preter
939 2382 1081 2452 iamdicta
1095 2383 1124 2439 in
1135 2381 1332 2456 prolegomeno
1344 2380 1469 2453 generoli
1483 2379 1510 2449 9,
1520 2379 1569 2436 ubi
1577 2379 1700 2437 diximus

57 2475 204 2527 auctorem
216 2486 278 2526 esse
285 2487 409 2543 grecum
417 2470 565 2541 incertum,
575 2491 658 2545 quem
666 2472 856 2530 nondumridi
867 2490 885 2528 a
896 2490 1039 2547 quoquam
1050 2473 1207 2547 proditum
1220 2477 1250 2528 et
1264 2472 1467 2544 Prolegomeno
1479 2469 1522 2540 ll,
1540 2469 1589 2527 ubi
1598 2470 1634 2526 de
1647 2471 1703 2526 Pu·

60 2560 174 2616 ochosio
192 2559 348 2633 interprete
366 2560 572 2641 inquisivimus.

705 2781 1058 2961 deiloquo.
1137 2728 1140 2733 ¹

97 3078 220 3136 Domino
232 3078 384 3136 venerabili
397 3079 472 3153 petri
487 3080 609 3136 Martino
622 3077 787 3152 presbptero
803 3085 832 3135 et
846 3079 941 3136 abbati
957 3081 1133 3138 Paschasius.
1226 3064 1229 3069 ’
1516 3152 1518 3156 Ι

96 3168 178 3224 Vites
192 3169 307 3225 Petrum
322 3170 482 3225 Graecorum
498 3172 538 3240 (ut
547 3173 658 3237 caetero)
669 3167 799 3224 facundia
813 3170 939 3226 studiose
948 3171 1129 3243 conscriptos,
1141 3173 1312 3243 jussuum,
1326 3169 1501 3226 sanctissime
1514 3167 1641 3241 peter,in
1652 3170 1704 3226 Le·

58 3258 154 3314 tinum
168 3259 319 3315 transferre
330 3275 499 3326 sermonem,
513 3260 544 3314 in
558 3259 679 3324 insolito,
693 3257 716 3313 si
725 3258 860 3327 licuisset,
872 3260 1128 3331 opererenuissem.
1141 3261 1238 3333 Neque
1249 3259 1459 3331 enimunquom
1473 3258 1540 3330 quid
1552 3257 1645 3327 scribi,
1658 3259 1702 3314 vel

60 3347 127 3421 legi,
135 3349 281 3403 velexcudi
292 3354 393 3420 potest,
402 3348 515 3420 ingenio
525 3354 573 3404 sut
583 3347 755 3404 conscientia
763 3349 856 3403 cordis
862 3349 1038 3420 prohibente.
1047 3349 1209 3405 Scireonim
1221 3348 1347 3421 mequod
1357 3348 1427 3403 nihil
1436 3346 1533 3414 scium
1544 3364 1601 3403 non
1612 3347 1704 3404 audeo

57 3435 163 3503 dicere,
180 3453 215 3491 ne
228 3437 345 3492 verbum
358 3437 410 3492 hoc
419 3437 627 3508 sapientissimo
638 3437 746 3492 Socroti
762 3438 922 3509 surripiam.
931 3437 986 3493 Sed
1000 3437 1067 3510 quia
1076 3444 1127 3494 tue
1136 3439 1242 3511 pariter
1252 3454 1366 3494 necesse
1379 3437 1556 3509 estjussione
1563 3443 1637 3505 uter,
1645 3454 1704 3494 non

60 3524 204 3597 gloriabor
215 3526 345 3598 ingenio;
360 3527 410 3581 sed
424 3527 509 3582 tidem
524 3543 608 3599 quam
623 3526 675 3581 tibi
686 3526 774 3582 debeo
787 3527 872 3582 etium
883 3528 912 3582 in
926 3544 1011 3600 opere
1023 3527 1150 3599 injuncto
1162 3527 1423 3602 praestobo.Verum
1437 3527 1503 3600 quie
1509 3527 1703 3598 eloquentium

61 3614 188 3670 virorum
202 3615 266 3671 libri
278 3619 345 3671 sunt
353 3616 468 3687 plurimi
481 3632 610 3671 sermone
625 3614 723 3670 Latino
732 3616 891 3689 conscripti,
903 3633 1023 3688 quorum
1039 3618 1167 3673 lectionis
1182 3624 1328 3690 expertum
1339 3622 1439 3673 essene
1453 3617 1539 3671 etiem
1554 3620 1701 3673 ostmeute

61 3703 206 3769 testificor,
220 3704 244 3759 si
259 3704 374 3776 quidde
387 3703 443 3759 illis
457 3710 507 3759 aut
521 3704 567 3760 hic
581 3705 719 3759 insertum
734 3704 805 3761 torte
821 3707 969 3778 repereris,
980 3711 1079 3774 665
1092 3713 1125 3763 ut
1137 3708 1230 3763 minos
1239 3708 1384 3780 eleganter
1398 3722 1572 3778 expressum,
1583 3722 1620 3762 ne
1634 3723 1705 3764 mere

62 3793 152 3865 colpoe
161 3793 320 3866 deputetur,
333 3810 416 3849 exoro
428 3812 434 3860 3
451 3794 519 3866 quio
531 3795 604 3849 sieut
613 3794 642 3849 in
655 3794 721 3849 doto
737 3795 805 3850 mihi
815 3793 917 3851 (lodice
926 3796 1018 3869 reperi
1028 3812 1062 3852 en
1072 3799 1185 3870 scripta,
1197 3798 1237 3854 sic
1246 3797 1389 3864 transtuli,
1402 3797 1468 3852 lieet
1476 3812 1567 3852 necea
1576 3796 1703 3853 studiose

61 3898 148 3954 posse
160 3899 205 3937 me
218 3883 344 3955 prolerre
353 3884 497 3955 profiteor.
509 3884 588 3940 Unde
595 3889 723 3939 restotut
732 3885 806 3957 quod
816 3889 844 3940 te
856 3886 974 3957 J'ubente
984 3887 1064 3958 coepi,
1079 3892 1107 3942 te
1117 3894 1216 3943 oronte
1225 3888 1387 3960 perficiem:
1405 3904 1467 3959 qoae
1479 3890 1577 3941 temen
1591 3886 1615 3941 si
1630 3886 1702 3942 scri·

62 3969 158 4026 bende
168 3971 332 4037 decreveris,
344 3978 377 4028 ut
383 3977 433 4028 tuo
439 3973 528 4045 polire
537 3989 666 4028 sermone
675 3973 810 4045 digneris,
820 3991 948 4048 exposco.
961 3975 1059 4048 Neque
1070 3976 1145 4031 enim
1156 3976 1225 4032 mihi
1233 3976 1352 4049 liquebit
1363 3974 1703 4048 quaedemplocuissetibi,

62 4060 89 4115 si
102 4076 162 4116 non
175 4066 203 4115 et
217 4061 313 4133 eliqua
328 4061 505 4135 displicuisse
518 4062 707 4134 cognoverim.

298 4307 724 4521 vunnu
779 4335 1478 4603 sumerum.

317 4687 435 4745 CAPUT
457 4686 618 4745 PRIMUM.
875 4684 1086 4754 Achoritetem,
1102 4656 1344 4756 et⁸suecipientem
1358 4684 1418 4735 tom
1437 4678 1589 4736 monachos
1601 4679 1708 4734 multos

64 4776 867 4847 Contraportrimoepiomdeoinccndomctdccidcrioqulc.
910 4791 995 4848 quom
1018 4773 1188 4830 secutores:
1215 4773 1341 4828 Lucerna
1364 4768 1479 4841 quidem
1497 4768 1595 4824 multis
1622 4769 1707 4837 lucet,

102 4864 130 4919 l.
142 4864 262 4930 Quidam
271 4864 369 4931 frater,
378 4867 615 4938 quemadmodum
628 4866 657 4921 in
671 4866 742 4922 cello
755 4865 870 4939 proprio
910 4871 1033 4920 rostrum
1044 4867 1140 4918 temen
1149 4861 1295 4936 proprium
1304 4859 1429 4916 incendit
1442 4860 1574 4930 (Append.
1585 4859 1706 4926 Pallori„

65 4953 170 5024 degere
188 4954 312 5023 deberet,
333 4955 463 5028 abbomm
479 4955 600 5012 Sisoium
614 4954 761 5027 requisivit
773 4955 867 5026 (llum,
909 4970 933 5012 o.
948 4951 993 5021 20,
1012 4970 1041 5008 n.
1057 4951 1095 5023 9).

66 5046 87 5100 l.
100 5056 142 5109 nr,
163 5060 193 5098 n.
209 5043 265 5112 on.
288 5045 339 5099 Cui
359 5046 504 5117 respondit
522 5045 607 5101 obbas
625 5044 698 5100 Sisoi
713 5063 721 5101 ε
735 5044 866 5111 Comede,
945 5041 972 5100 3.
985 5041 1061 5098 Dixit
1073 5056 1147 5096 unus
1161 5055 1195 5095 ex
1209 5037 1340 5095 Patribus
1356 5057 1362 5093 :
1383 5037 1455 5104 Quin
1470 5035 1613 5094 invenitur
1625 5038 1710 5094 horno

66 5132 170 5204 inquit.
187 5149 289 5205 panem
304 5138 394 5200 tuum,
407 5142 436 5190 et
447 5135 545 5200 selem,
563 5138 593 5189 et
602 5150 656 5189 non
665 5133 704 5189 sit
711 5133 763 5188 tibi
772 5149 870 5188 neces·
911 5122 1032 5188 multum
1040 5130 1198 5195 comedens,
1209 5135 1239 5183 et
1249 5129 1341 5184 adhuc
1351 5128 1487 5194 esuriens,
1502 5127 1650 5190 continens
1660 5144 1709 5197 se;

69 5221 140 5276 sites
152 5221 260 5293 aliquid
270 5224 452 5295 excoquendi,
465 5229 515 5279 out
529 5224 640 5295 longius
651 5223 796 5294 erogandi.
912 5222 1085 5277 atterentem
1095 5218 1334 5291 eomeditperum,
1351 5224 1381 5272 et
1389 5217 1613 5291 sotiaturffluffi,
1630 5221 1649 5272 l.
1666 5230 1709 5284 nr,

103 5309 195 5365 Alteri
209 5328 321 5384 quoque
339 5313 414 5368 idem
429 5313 594 5384 requirenti,
612 5312 758 5384 respondit
771 5311 872 5368 Daniel
914 5329 943 5369 n.
959 5309 1012 5379 483
1029 5313 1132 5379 Polap,
1148 5311 1233 5363 libell.
1250 5323 1278 5375 x,
1294 5324 1323 5363 n.
1337 5305 1391 5368 991.
1408 5307 1462 5373 Qui
1476 5312 1571 5363 nutem
1589 5308 1711 5362 multum

70 5398 220 5472 propheto,
235 5418 300 5456 cum
315 5401 403 5458 dixit:
419 5404 527 5459 Panem
542 5402 746 5459 desideriorum
758 5417 872 5458 nonco-
914 5400 1043 5465 eomedit,
1059 5407 1087 5455 et
1099 5398 1192 5454 adhuc
1212 5397 1338 5453 esuriens
1361 5397 1487 5454 eontinet
1510 5414 1550 5465 se,
1574 5397 1712 5466 majorem

72 5487 245 5562 neditllon.
260 5494 301 5562 x).
915 5489 1073 5546 mercedem
1084 5485 1178 5556 hebet,
1196 5501 1283 5560 quom
1295 5485 1344 5544 ille
1358 5485 1407 5560 qui
1420 5501 1522 5559 porum
1535 5481 1714 5553 comeditet

106 5576 137 5639 2.
151 5578 228 5638 Dixit
237 5596 312 5639 onus
321 5598 408 5642 senex
421 5583 458 5642 od
475 5583 597 5642 eltemm
611 5597 709 5640 senem
722 5579 874 5641 habentem
916 5579 1046 5638 odom.
