3818 6120
154 282 225 347 lttl
787 281 959 341 HISTORIA
977 280 1165 339 unusual.
1727 300 1796 361 1162

155 414 222 469 dem
239 412 340 467 aderat
354 410 440 475 Deus,
456 424 531 464 nuuc
547 412 643 463 autem
660 423 777 481 peregre
799 413 844 464 ost
856 408 1027 485 prpsnffln
1040 423 1171 465 sermone
1182 412 1313 481 mam,
1330 419 1360 469 et
1370 414 1493 489 reliquas
1507 420 1568 489 ejus
1581 421 1710 492 vinum,
1723 440 1795 499 qm

153 502 238 558 ctus?
252 502 350 556 Potest
364 503 459 554 autem
475 498 550 554 Deus
564 497 624 553 hac
633 513 746 570 semper
756 497 857 567 lacere,
872 503 901 554 et
915 501 957 554 ni·
997 502 1258 570 proptersummum
1264 501 1432 563 miraculum
1438 506 1795 587 siluimus,auditasutique

154 591 196 646 hil
218 590 273 646 erit
295 588 371 662 quod
387 588 447 660 ipse
468 603 526 643 non
551 587 649 659 possit.
674 587 704 644 Si
728 604 795 659 ergo
817 588 893 644 Deus
914 592 959 643 est
997 602 1031 641 ex
1041 586 1103 659 ipso
1115 592 1144 643 et
1157 605 1191 644 ex
1200 590 1283 647 aliis?

154 679 257 747 bonus,
281 694 332 735 cur
349 682 381 734 tu
403 676 513 733 malus?
527 676 601 742 Quid
624 693 690 732 vero
709 692 766 732 non
779 680 890 750 oportet
904 693 956 732 nos
1033 674 1105 731 com
1116 681 1212 733 autem
1221 677 1256 735 de
1266 680 1464 741 exercitatione
1479 691 1508 743 et
1521 689 1585 746 vitre
1598 690 1729 751 instituto
1741 711 1794 751 no·

154 785 268 844 quoque
279 767 373 823 dicere
388 784 422 822 ea
432 783 493 839 qua
508 766 638 833 vidimus,
655 782 756 839 nempe
768 767 843 838 quod
855 766 957 822 fratres
998 760 1106 819 bissum
1122 771 1797 851 1111111111111111111111,111111111111111111

155 856 392 931 ingrediebantur
405 873 469 912 eum
479 855 591 929 sportis,
609 856 644 910 ad
659 871 771 911 mensas
785 872 873 928 panes
888 856 957 911 alle·
999 852 1034 907 de
1047 854 1232 927 suscipiendis
1242 860 1396 928 monacbis,
1410 864 1484 934 quod
1494 871 1732 937 oportetadorare
1741 873 1795 929 t'ra·

156 955 263 1015 rentes,
277 953 306 1003 et
320 962 386 1002 curu
394 944 576 1001 comederent
587 944 734 1016 quingenti
748 944 850 1000 fratres
863 944 899 999 ad
910 960 957 999 sa·
999 947 1057 997 tres
1071 943 1251 1002 advenientes
1263 965 1269 1001 :
1280 949 1344 1004 Non
1354 950 1430 1006 enim
1439 952 1526 1025 ipsos,
1534 956 1636 1026 aiebat,
1648 961 1697 1016 sed
1705 962 1795 1019 Deum

157 1037 298 1102 tietatem,
316 1051 368 1091 eas
382 1051 479 1091 rursus
490 1035 587 1106 plenas
601 1032 796 1105 accipiebant?
998 1031 1132 1087 adorasti.
1143 1033 1246 1090 Vidisti
1261 1037 1347 1104 enim,
1357 1038 1451 1111 inquit
1464 1041 1581 1100 fratrem
1592 1049 1795 1108 tuumlridisti

193 1124 278 1180 Aliud
288 1139 399 1196 quoque
407 1122 584 1188 miraculum,
597 1122 672 1193 quod
680 1121 805 1177 videntes
815 1121 958 1195 obstupui·
998 1121 1150 1177 Dominum
1164 1124 1255 1180 Deum
1278 1130 1374 1196 tuum;
1390 1133 1419 1184 et
1439 1131 1502 1188 hoc.
1527 1133 1630 1206 inquit,
1649 1135 1686 1192 ab
1704 1138 1795 1195 Abra-

158 1231 233 1280 mus,
251 1218 358 1287 pareat
372 1213 474 1267 dicere.
495 1212 567 1267 Cum
583 1211 659 1266 enim
673 1210 708 1265 ad
723 1227 772 1266 eos
785 1212 958 1269 venissemus
998 1209 1065 1265 ham
1089 1211 1247 1284 accepimus
1263 1216 1442 1287 1611.1111);
1459 1226 1488 1276 et
1503 1224 1579 1293 quod
1594 1232 1733 1298 oporteat,
1755 1231 1797 1286 in·

160 1303 253 1376 spatio
265 1303 353 1358 trium
363 1301 483 1368 dierum,
503 1299 608 1372 cogniti
627 1316 734 1364 sumus,
761 1302 859 1372 procul
874 1301 925 1356 visi
941 1319 959 1357 a
999 1299 1070 1371 quit,
1082 1317 1285 1375 nonnunquam
1299 1322 1398 1378 cogere
1407 1308 1509 1365 iratres
1523 1312 1559 1366 ad
1574 1313 1764 1387 relectionem,
1780 1337 1799 1375 a

158 1391 303 1458 fratribus,
317 1391 366 1464 qui
378 1407 411 1446 ex
421 1406 455 1444 eo
469 1389 618 1445 audierant
628 1388 664 1444 de
673 1394 771 1445 nostro
784 1389 819 1444 ad
830 1406 897 1446 eum
911 1389 959 1444 ad·
1000 1387 1054 1464 Lot
1067 1390 1235 1462 accepimus,
1254 1393 1303 1465 qui
1328 1396 1421 1467 coegit
1440 1399 1555 1470 angelos
1573 1402 1650 1471 (dan.
1662 1408 1721 1476 xxx)
1738 1425 1746 1475 ς
1766 1413 1796 1464 11

159 1486 259 1548 ventu,
271 1479 443 1553 quiquidem
453 1495 573 1551 propere
583 1485 764 1534 accurrentes
779 1478 860 1534 nobis
875 1495 958 1535 vene·
1000 1478 1075 1549 quod
1099 1486 1220 1551 oportet,
1247 1481 1351 1538 1111111
1375 1491 1477 1556 potest,
1495 1492 1648 1548 monachos
1673 1496 1798 1567 quotidie

158 1575 228 1626 runt
242 1568 352 1625 obviam
366 1569 526 1642 psallentes,
543 1573 587 1622 est
596 1568 671 1624 enim
680 1567 726 1623 hic
737 1584 797 1623 mos
806 1567 881 1640 apud
895 1585 958 1623 om·
1000 1568 1209 1624 communicare
1224 1574 1416 1629 sacramentis.
1431 1575 1485 1640 Qui
1500 1578 1577 1634 enim
1587 1598 1617 1636 se
1632 1581 1667 1638 ab
1679 1585 1720 1640 ais
1734 1603 1799 1658 pm·

158 1675 210 1719 nes
224 1658 386 1714 monachos.
399 1658 433 1712 Et
448 1673 512 1712 cum
527 1656 609 1729 proni
624 1657 772 1712 interram
783 1657 957 1724 adorassent,
1001 1656 1047 1710 cul
1061 1661 1180 1725 amaret,
1192 1659 1268 1715 Deus
1279 1677 1390 1734 quoque
1400 1665 1496 1735 procul
1511 1667 1547 1722 ab
1561 1685 1594 1724 eo
1608 1672 1723 1729 recedit.
1740 1675 1795 1740 Qui

159 1764 213 1805 nos
226 1746 380 1804 deosculati
404 1751 481 1812 sunt,
496 1762 548 1801 nos
561 1745 614 1801 sibi
629 1745 749 1801 invicem
768 1746 956 1813 ostendentes,
965 1748 990 1809 Β
1000 1749 1096 1801 autem
1116 1746 1168 1803 hoc
1180 1747 1247 1804 lacit
1258 1749 1379 1818 assidue,
1394 1753 1507 1809 assidue
1526 1759 1645 1832 suscipit
1665 1762 1797 1821 Servato-

160 1841 191 1893 et
202 1837 342 1893 dicentes:
365 1836 434 1891 Ecce
444 1842 582 1890 venerunt
591 1834 703 1902 fratres,
717 1835 865 1908 dequibus
879 1839 960 1907 pater
999 1850 1070 1890 rem.
1082 1835 1132 1890 Est
1140 1836 1227 1905 enim,
1247 1838 1350 1911 inquit,
1370 1857 1423 1896 ror
1438 1843 1570 1902 salutaris
1583 1864 1589 1900 :
1603 1849 1658 1915 Qui
1676 1853 1799 1909 comedit

160 1928 259 1982 noster
271 1924 343 1981 dixit
355 1923 446 1979 tm'bus
461 1929 527 2001 ante
542 1922 641 1978 diebus
660 1922 798 1979 dicendo:
814 1923 883 1979 Post
902 1929 961 1979 tres
1000 1939 1115 1979 carnem
1125 1941 1228 1994 meam,
1240 1931 1270 1982 et
1282 1927 1353 1984 bibit
1366 1947 1461 1987 meum
1474 1935 1650 2008 sanguinem,
1659 1947 1755 1998 manet
1769 1942 1800 1998 in

160 2014 223 2070 dies
236 2013 350 2071 uenient
370 2012 406 2068 ad
421 2028 472 2068 nos
486 2018 545 2068 tres
567 2012 678 2079 iratres,
693 2012 837 2068 uenientes
851 2014 960 2069 leroso-
1001 2029 1056 2078 me,
1069 2018 1098 2067 et
1109 2029 1161 2085 ego
1181 2014 1211 2070 in
1227 2032 1260 2070 eo
1276 2017 1367 2085 (loon.
1386 2019 1435 2091 11).
1455 2020 1515 2080 Hoc
1534 2025 1642 2082 confert
1654 2030 1799 2088 monachis

160 2104 256 2177 lyrais.
272 2103 308 2159 Et
320 2102 372 2158 alii
386 2102 503 2174 quidam
517 2118 568 2157 nos
579 2101 763 2169 deducebant,
772 2101 820 2158 alii
834 2118 899 2158 vera
909 2118 961 2158 nos
1002 2101 1134 2158 salutaris
1156 2104 1294 2175 passionis
1314 2112 1612 2170 commemorationem
1623 2118 1801 2177 continenter

162 2197 239 2249 retra
258 2191 459 2264 sequebantur,
474 2191 636 2264 pmllentas,
651 2190 740 2246 donec
760 2207 847 2265 prope
867 2191 961 2264 ipsum
1001 2190 1176 2256 facientibus.
1192 2194 1317 2265 quotidie
1332 2196 1419 2253 etiam
1441 2215 1472 2254 aa
1490 2217 1659 2275 praeparare,
1676 2212 1708 2264 nt
1721 2210 1799 2266 omni

161 2282 300 2339 uenimus.
317 2283 388 2338 Cum
400 2285 496 2336 autem
509 2280 737 2353 audiissetpater
749 2281 849 2353 Apollo
863 2297 961 2337 vocem
1001 2284 1128 2352 tempore
1147 2281 1226 2353 digni
1247 2283 1305 2338 siat
1326 2285 1374 2358 qui
1396 2287 1551 2361 suscipiant
1569 2293 1694 2351 calestia
1707 2313 1802 2354 sacra·

163 2371 354 2444 psallentium,
366 2369 533 2427 renitnobis
543 2369 814 2436 obviam,utmosei
824 2374 963 2441 eraterga
1002 2374 1108 2436 menta,
1123 2371 1351 2443 quandoquidem
1365 2375 1406 2430 sic
1424 2394 1536 2450 quoque
1555 2384 1737 2459 consequitur
1754 2404 1801 2444 re.

164 2460 383 2528 omnessratres3
399 2464 502 2515 etcum
511 2475 562 2515 nos
572 2458 698 2526 vidisset,
713 2459 841 2515 adoravit
852 2458 959 2532 primus
1002 2457 1166 2514 missionem
1181 2466 1374 2532 peecatorum.
1395 2464 1541 2524 catholiea
1559 2476 1656 2531 autem
1671 2479 1803 2548 111111-

163 2550 233 2606 sein
247 2556 325 2605 terra
338 2549 490 2605 extendens
502 2567 508 2616 ;
526 2554 628 2605 etcum
638 2548 817 2616 surrexisset,
830 2555 873 2604 est
885 2564 964 2604 oscu-
1003 2546 1077 2601 ralia
1086 2547 1198 2619 jejunia
1210 2550 1344 2608 nonlicet
1356 2553 1463 2610 solvere
1478 2557 1540 2614 sine
1551 2557 1661 2632 ingenti
1674 2567 1804 2622 uecessi-

165 2640 258 2707 lntus3
273 2644 302 2694 et
315 2644 465 2711 postquam
484 2637 697 2705 introduxisset,
714 2637 815 2704 oravit,
836 2643 864 2692 ct
878 2638 964 2710 pedes
1003 2638 1079 2700 tate;
1095 2635 1124 2689 in
1139 2642 1241 2708 quarta
1254 2638 1330 2695 enim
1343 2639 1414 2697 seria
1430 2644 1553 2701 traditur
1566 2649 1708 2718 servator,
1731 2657 1762 2709 ct
1773 2654 1804 2710 in

164 2735 276 2785 nostros
283 2728 412 2783 manibus
424 2727 493 2782 lavit
503 2727 635 2799 propriis,
647 2732 677 2782 et
685 2727 814 2783 hortatus
820 2733 864 2782 est
874 2726 909 2782 ad
920 2742 964 2782 ra-
1003 2739 1153 2795 11111111
1166 2725 1341 2798 crucifigitur
1348 2748 1357 2801 ;
1373 2731 1467 2802 quiea
1479 2750 1548 2806 ergo
1561 2738 1654 2806 solvit,
1671 2742 1801 2799 Ser-usto

164 2817 324 2874 tectionem.
335 2817 395 2872 Hoc
404 2814 902 2873 autemiaciebatomaibusl'ratribus
913 2814 964 2888 qui
1005 2828 1066 2867 rem
1077 2829 1136 2869 una
1148 2814 1243 2882 tradit,
1255 2820 1285 2871 et
1298 2833 1356 2872 una
1369 2819 1517 2893 crucifigit.
1535 2825 1589 2881 Sed
1603 2827 1628 2883 si
1642 2830 1680 2885 ad
1693 2848 1741 2889 ros
1754 2849 1803 2890 re·

164 2907 300 2979 adipsum
313 2905 469 2961 veniebant.
477 2905 531 2971 Qui
540 2905 617 2960 enim
626 2920 690 2960 cum
699 2904 760 2978 ipso
771 2909 853 2960 erant
862 2904 965 2960 fratres
1006 2900 1067 2956 niut
1079 2901 1167 2959 frater
1179 2903 1304 2976 quiopus
1315 2905 1400 2962 babet
1412 2914 1444 2964 ut
1457 2911 1670 2972 reficiaturcum
1681 2919 1719 2974 sit
1729 2921 1805 2992 jeju·

166 2996 334 3051 alimentum
343 3011 399 3050 nan
407 2994 486 3066 prius
494 2993 678 3066 accipiebant,
688 3010 774 3066 quam
781 2994 964 3078 Eucharistiae
1004 2991 1093 3060 nium,
1104 2992 1158 3064 ipsi
1173 2991 1225 3048 soli
1244 3009 1373 3050 mensam
1382 2999 1515 3069 apponite
1527 3019 1534 3069 ς
1550 3002 1595 3059 sin
1609 3010 1705 3063 autem
1719 3010 1801 3080 nolit,

165 3085 273 3141 Christi
284 3085 537 3140 communicassent
549 3084 623 3139 :boc
637 3089 732 3139 autem
747 3082 888 3139 iaciebant
896 3064 998 3138 horsi}
1007 3097 1044 3137 ne
1057 3082 1175 3153 cogatis,
1188 3080 1322 3139 habemus
1329 3084 1405 3140 enim
1419 3102 1599 3147 communem
1608 3094 1801 3155 traditionem.

166 3172 429 3230 nononeineinde
439 3189 504 3228 cum
514 3173 554 3229 sic
564 3172 762 3238 comedissent,
772 3170 966 3228 sedabantau·
1006 3171 1126 3227 Multum
1140 3177 1235 3228 autem
1249 3174 1528 3245 reprehendebateos
1543 3180 1591 3252 qui
1604 3180 1711 3240 sermm
1724 3190 1806 3257 gesta
1894 3234 1908 3253 ,

165 3262 278 3318 dientes
290 3278 356 3318 eum
378 3262 525 3317 docentem
540 3262 636 3317 omnia
650 3266 799 3333 precepta,
815 3276 908 3333 usque
929 3262 966 3317 ad
1006 3257 1086 3327 bant,
1106 3266 1136 3316 et
1153 3278 1264 3320 comam
1287 3262 1460 3321 nutriebant.
1484 3266 1624 3338 illenim,
1652 3271 1805 3346 inquitas

165 3351 291 3423 primum
304 3366 444 3406 somnum.
461 3351 541 3406 Illinc
561 3349 609 3405 alii
624 3350 738 3422 quidem
751 3366 784 3405 ex
799 3349 867 3422 ipsis
889 3365 965 3405 sece-
1006 3354 1151 3406 ostentant
1165 3356 1195 3407 et
1207 3356 1338 3424 quaerunt
1347 3353 1458 3425 placere
1467 3355 1638 3423 homiuibus,
1648 3377 1806 3438 cumopor·

166 3439 315 3495 debentia
330 3439 520 3496 solitudinem.
533 3440 693 3512 Scripturas
706 3443 767 3494 tota
780 3444 867 3505 151
885 3443 967 3494 nocte
1006 3441 1067 3492 teat
1079 3437 1155 3510 ipsos
1174 3439 1268 3512 potius
1292 3456 1393 3513 corpus
1412 3442 1519 3499 solvere
1530 3445 1662 3516 jejuniis,
1685 3455 1716 3506 et
1729 3453 1806 3524 quod

166 3528 333 3584 memoriter
346 3534 562 3601 expromentes,
579 3528 628 3583 alii
640 3544 706 3584 vero
726 3527 783 3582 illic
803 3543 967 3599 persevera·
1006 3523 1114 3581 bonum
1137 3533 1181 3583 est
1195 3527 1287 3585 facere
1302 3529 1332 3585 in
1352 3529 1476 3599 occulto3
1493 3531 1514 3586 ii
1536 3550 1602 3590 vera
1616 3553 1673 3593 non
1692 3538 1741 3607 sie,
1754 3542 1805 3598 sed

167 3617 248 3683 bant,
267 3618 388 3674 assiduis
409 3618 531 3691 hymmis
551 3619 642 3673 Deum
662 3616 821 3684 laudantes,
839 3616 875 3671 ad
890 3615 967 3671 diem
1006 3615 1195 3688 sepropalant
1208 3616 1350 3673 omnibus.
1370 3618 1405 3673 Et
1414 3618 1481 3690 quid
1496 3636 1568 3692 opus
1577 3623 1724 3695 pluribus?
1738 3628 1804 3685 Om-

116 3737 129 3761 e
168 3722 276 3779 usque:
293 3723 363 3780 quos
376 3705 970 3778 1111111111111111111111111111111111-
1008 3704 1053 3759 nis
1063 3704 1138 3760 enim
1152 3706 1214 3777 ejus
1223 3705 1351 3761 doctrina
1361 3711 1405 3762 est
1414 3708 1476 3778 ejus
1492 3709 1553 3767 rita
1563 3711 1694 3771 instituto
1704 3716 1805 3776 similis

131 3820 141 3831 ν
168 3812 222 3852 nos
240 3795 397 3868 cepissent,
413 3813 503 3869 usque
517 3796 554 3852 ad
567 3794 739 3851 matutinum
751 3810 807 3849 non
818 3810 969 3850 1111111111
1009 3809 1152 3866 quamnec
1160 3794 1349 3866 quisscribere
1360 3796 1486 3869 potuerit
1498 3813 1550 3855 nec
1561 3799 1664 3859 dicere.
1676 3804 1803 3866 Plurima

168 3890 265 3940 cantu.
283 3885 361 3941 111111
376 3890 452 3940 certe
461 3884 535 3941 exiis
546 3885 617 3940 hora
630 3900 706 3939 nona
715 3883 807 3938 solum
818 3882 968 3938 descende·
1009 3896 1076 3951 ergo
1090 3881 1379 3952 nobiscumseorsum,
1394 3890 1455 3942 tota
1468 3904 1542 3960 srepe
1560 3889 1737 3952 bebdomada
1749 3897 1805 3956 dis·

168 3972 279 4029 bantde
288 3979 394 4042 monte,
403 3973 644 4030 etEucharistiam
652 3977 804 4041 sumentes,
812 3988 910 4026 rursus
920 3970 969 4026 ad·
1008 3970 1138 4037 serendo,
1161 3971 1276 4027 tandem
1298 3973 1443 4030 dimittens
1467 3976 1557 4032 dixit:
1576 3979 1684 4037 llabete
1704 4000 1806 4058 pacem

168 4061 351 4130 scandebant,
365 4062 489 4118 contenti
502 4062 624 4134 spiritali
643 4061 816 4117 nutrimento
827 4075 915 4132 usque
931 4059 968 4114 ad
1007 4056 1084 4113 iuter
1099 4075 1156 4127 vos,
1171 4076 1262 4132 aeque
1277 4063 1446 4134 separemini
1457 4064 1551 4121 invia.

167 4151 257 4207 aliam
278 4168 392 4207 nouam.
416 4151 475 4207 Hoc
492 4156 589 4207 autem
603 4150 685 4207 multi
708 4167 742 4206 ex
765 4149 800 4205 iis
825 4147 965 4205 faciebant
1043 4147 1115 4203 (lum
1129 4153 1225 4204 autem
1239 4149 1397 4206 dixissetiis
1411 4153 1459 4224 qui
1469 4154 1603 4228 cumipse
1616 4167 1699 4218 erant
1710 4163 1804 4223 tratri.

168 4240 275 4295 multos
288 4240 358 4296 dies.
380 4240 492 4296 Licebat
505 4245 601 4297 autern
614 4256 662 4295 eos
681 4239 775 4295 videre
790 4239 966 4294 exsultantes
1006 4234 1068 4305 bus,
1081 4237 1211 4310 quisnam
1233 4255 1267 4293 ex
1281 4238 1349 4311 ipsis
1369 4240 1514 4298 velletnos
1527 4243 1666 4304 deducere
1688 4251 1805 4312 adrisi.

167 4329 199 4385 in
205 4329 366 4397 solitudine,
375 4330 445 4386 adeo
452 4336 485 4386 11
493 4331 598 4385 nullam
606 4328 744 4401 ejusmodi
753 4327 967 4383 aliamexsulta·
1005 4326 1107 4381 tandos
1121 4327 1191 4383 alios
1201 4332 1306 4399 patres,
1321 4333 1436 4385 sanctus
1451 4330 1561 4403 Apollo,
1576 4334 1666 4393 tribus
1677 4339 1743 4397 viris
1756 4343 1804 4400 da·

113 4445 116 4449 ¹
168 4417 277 4473 tionem
290 4417 320 4473 in
330 4425 407 4473 terra
416 4418 510 4474 videre
520 4418 611 4484 liceat,
626 4433 678 4472 nec
687 4416 816 4471 laetitiam
832 4432 965 4488 corpora·
976 4415 1088 4516 1‚lectis
1095 4416 1144 4487 qui
1151 4416 1442 4474 valerentetsermoue
1457 4424 1486 4474 ot
1499 4419 1563 4477 vitae
1570 4420 1806 4495 instituto,erunt-

168 4506 236 4562 lem.
252 4507 350 4579 Neque
364 4507 440 4562 araim
455 4507 602 4563 eratinter
615 4522 663 4562 aas
672 4505 774 4577 aliquis
786 4511 903 4560 maestus
917 4510 969 4561 aut
1008 4521 1063 4577 que
1075 4503 1159 4578 periti
1172 4505 1277 4577 lingum
1286 4506 1388 4563 Graecae
1399 4512 1428 4563 st
1437 4508 1570 4567 11111111
1581 4518 1611 4568 et
1618 4513 1803 4591 AEgyptim

167 4595 273 4664 tristis;
288 4596 338 4651 sed
348 4596 372 4651 si
382 4595 445 4667 quis
458 4595 606 4652 ridebatur
619 4612 676 4668 pra·
690 4611 720 4650 se
730 4593 965 4662 serretristitiam,
1007 4610 1072 4649 cum
1084 4595 1125 4650 eis
1137 4611 1189 4651 nos
1203 4595 1360 4659 dimittens.
1373 4597 1460 4669 iussit
1472 4598 1513 4654 eis
1522 4617 1558 4656 ne
1568 4594 1705 4676 nos'prius
1719 4610 1805 4668 relin.

168 4685 266 4740 statim
277 4689 360 4757 pater
378 4685 476 4758 Apollo
490 4701 524 4740 ex
541 4701 574 4740 eo
587 4683 707 4756 rogabat
720 4700 844 4752 causam,
861 4689 890 4739 et
903 4700 966 4756 quae
1008 4690 1126 4755 querant
1140 4700 1226 4756 quam
1236 4685 1415 4742 satisfactum
1429 4692 1504 4743 esset
1516 4695 1613 4746 norun
1621 4692 1805 4759 videndorum

169 4779 254 4829 erant
267 4773 297 4828 in
311 4773 404 4829 oculto
422 4773 646 4845 uniuscuiusque
655 4772 757 4836 cordis,
773 4772 964 4829 renuntiabat.
1007 4774 1125 4830 Petrum
1139 4774 1294 4831 desiderio:
1312 4793 1381 4848 quos
1395 4776 1421 4832 si
1430 4777 1493 4849 quis
1502 4779 1586 4835 vellet
1596 4797 1695 4839 omnes
1709 4785 1804 4846 ridere

168 4861 287 4920 Dicebat
297 4867 412 4918 autem:
427 4862 491 4918 Non
504 4868 615 4934 oportet
627 4879 687 4917 esse
696 4861 792 4918 tristes
801 4868 968 4934 propterea·
1007 4863 1043 4918 ad
1069 4879 1117 4920 eos
1139 4865 1315 4938 aspiciendos
1341 4872 1403 4922 tota
1416 4867 1474 4923 vita
1494 4884 1551 4924 non
1565 4870 1718 4932 sufficeret.
1732 4877 1804 4937 Cum

167 4951 269 5020 lutera,
286 4968 351 5008 cum
363 4951 451 5008 lutari
466 4968 565 5007 sumus
584 4950 709 5008 haeredes
728 4951 966 5023 regnicolarum.
1008 4952 1089 5008 nabis
1102 4970 1172 5025 ergo
1187 4952 1383 5022 benedixisset,
1401 4957 1573 5026 amandavit,
1589 4959 1701 5019 dicens:
1712 4965 1804 5025 Bene.

168 5040 277 5097 Tristes
287 5046 393 5106 autem,
403 5040 504 5113 inquit,
518 5046 603 5096 erunt
609 5037 738 5112 gentiles,
750 5039 858 5095 llebunt
867 5041 881 5096 J
884 5040 967 5106 udoei,
1008 5042 1084 5098 dicat
1097 5058 1146 5097 ros
1160 5043 1295 5099 Dominus
1309 5061 1342 5099 11
1352 5045 1429 5112 Sion,
1444 5046 1598 5104 strideatis
1610 5048 1807 5114 1111111111-

167 5129 850 5202 lugebuntpeoeatores31'ustiautemletabuntur
863 5129 968 5203 :etqui
1007 5130 1064 5186 lem
1077 5129 1206 5186 omnibus
1219 5131 1318 5186 diebus
1333 5132 1400 5188 vitae
1413 5137 1512 5190 restra
1527 5137 1614 5204 (Paul.
1627 5146 1739 5213 aaran).

169 5224 285 5274 terrena
303 5206 418 5291 quidem
443 5219 540 5275 animo
553 5218 672 5291 agitant,
696 5218 828 5274 letantur
841 5219 871 5274 in
884 5217 968 5275 rebus
1043 5218 1131 5276 Nobis
1150 5224 1246 5275 autem
1257 5218 1467 5277 ambulantibus
1481 5224 1599 5282 meridie
1612 5244 1663 5300 per
1676 5231 1806 5289 solitudi.

169 5307 681 5382 terrenis3nosautemquitantaspe
691 5307 769 5379 digni
783 5306 969 5363 1111111111-
1008 5324 1084 5378 nem,
1100 5308 1220 5365 uidimus
1245 5313 1369 5365 tractum
1395 5311 1491 5382 magni
1509 5312 1651 5385 draconis,
1674 5319 1724 5391 qui
1743 5325 1806 5377 tea·

168 5396 203 5463 ti,
215 5396 356 5469 quomodo
365 5413 422 5453 non
431 5397 561 5454 laetamur
567 5396 720 5471 perpetual
732 5396 971 5470 GumnobisApo·
1010 5414 1095 5471 quam
1105 5397 1198 5454 trabes
1206 5403 1268 5454 erat
1277 5404 1436 5472 protractus
1445 5416 1617 5473 perarenam
1627 5424 1634 5460 z
1645 5423 1729 5480 quem
1739 5424 1806 5467 cum

169 5486 262 5542 stolus
281 5486 409 5555 suadeat,
425 5494 458 5543 ut
475 5503 587 5560 semper
599 5488 737 5555 latemur,
757 5485 825 5542 etin
838 5486 970 5543 omnibus
1008 5487 1185 5555 vidissemus,
1195 5503 1248 5544 uos
1261 5504 1382 5561 magam
1398 5488 1485 5546 timor
1499 5491 1611 5550 invasit.
1635 5494 1690 5560 Qui
1708 5503 1806 5556 autem

169 5574 278 5653 gratias
292 5592 409 5650 agamus
423 5578 447 5649 (1
458 5577 545 5635 Tbrss.
557 5575 595 5649 v).
611 5575 680 5642 Quis
690 5580 786 5635 autem
796 5576 970 5651 dixeritque
1008 5592 1061 5635 uos
1083 5577 1224 5636 ducebant
1238 5576 1352 5648 fratres,
1372 5578 1478 5640 hortati
1496 5585 1609 5645 suntne
1628 5582 1806 5662 1111111111,

310 5674 445 5766 Persas.
458 5675 594 5767 11111111.
1643 5680 1684 5750 17
