3818 6120
140 332 177 392 93
658 329 735 388 uiui
754 328 959 387 Hiaaonuiti
978 323 1258 383 naamathitis.
1743 322 1780 381 94

140 460 300 527 Antiochia,
317 460 387 524 urbe
402 459 499 535 Syria,
515 460 591 514 haud
608 459 725 530 gandia
739 458 773 512 ad
790 455 1079 519 Orientcmiculum,
1097 450 1231 523 putabam
1240 466 1285 506 me
1300 449 1583 507 Romanislnteresse
1594 448 1777 506 deliciisffle-

139 549 227 603 distat
236 551 344 604 viculus
356 569 361 602 :
375 549 431 616 hic,
444 555 506 622 post
516 551 618 604 multos
632 549 676 603 vel
691 549 819 603 dominos
832 546 875 601 vel
889 561 939 618 pa·
981 544 1081 597 dabam
1092 542 1177 607 solus,
1190 541 1238 611 qui
1249 540 1436 595 amaritudine
1451 541 1550 612 plenus
1567 557 1661 605 eram3
1678 540 1777 604 horre·

139 640 319 706 tronos‚dum
334 656 385 709 ego
395 639 619 693 adolescentulus
629 655 756 693 morarer
765 638 794 692 in
806 638 896 709 Syria,
904 636 940 691 ad
981 633 1049 686 bant
1061 648 1140 685 sacco
1153 629 1430 695 membradeformia,
1440 629 1603 701 etsqualida
1613 629 1777 693 eutissitum

139 745 220 801 papa
235 727 348 798 Evagrii
365 732 406 799 ici,
420 728 570 781 necessarii
588 728 655 794 mel,
671 727 876 798 possessionem
890 725 939 779 de·
981 721 1143 795 AEthiopica
1154 719 1546 790 earnisobduxeratequotidie
1556 720 1695 798 lacrymae,
1706 734 1777 790 quo·

139 818 250 879 volutus
266 822 329 880 est,
345 816 539 895 quemidclrco
550 817 784 882 nuncnomlnavl,
802 820 938 870 utosten-
982 820 1050 874 tidie
1074 819 1213 891 gemitus3
1233 823 1262 872 et
1280 819 1304 872 sl
1319 817 1429 897 qirando
1442 823 1647 893 repugnantem
1663 832 1777 879 somnus

137 905 245 972 deren,
257 907 332 960 unde
347 922 467 971 nossem,
479 906 553 976 quod
568 903 723 976 scripturus
732 922 795 960 sum
809 905 935 975 (iiteroa.
978 910 1128 975 imminens
1141 908 1335 988 oppressisset,
1350 907 1424 962 nuda
1439 908 1525 961 humo
1535 908 1579 960 vix
1594 907 1777 974 ossanaeren-

140 998 170 1047 i'n
184 997 241 1048 Vita
250 995 394 1066 distichiis
403 994 718 1067 Postvurodescrfptam
729 994 841 1065 egregie
850 994 936 1047 vitum
978 1001 1018 1055 iia
1040 999 1214 1054 coiiidebam,
1236 999 1276 1052 Do
1292 997 1361 1059 cibis
1381 1015 1445 1051 vero
1465 1003 1492 1060 ei
1513 1002 1580 1075 potu
1602 1001 1691 1069 taceo,
1711 1014 1775 1063 cum

137 1083 534 1155 Malchi,istaadpostremunr
547 1103 552 1136 :
564 1105 574 1135 ι
585 1084 767 1155 iiseninquit,
778 1084 846 1138 mibi
855 1101 937 1136 senex
980 1090 1064 1144 etiam
1081 1090 1246 1159 languentes
1260 1087 1388 1149 monachi
1407 1104 1481 1166 aque
1494 1085 1596 1158 frigida
1605 1091 1731 1156 utantur,
1748 1092 1777 1140 et

137 1173 265 1236 Malchus
275 1173 483 1227 adolescentulo
493 1173 599 1238 retulit,
612 1175 728 1247 haecego
738 1173 815 1227 vobis
827 1174 937 1227 narravi
978 1185 1088 1233 coctum
1098 1173 1203 1249 aliquid
1214 1177 1484 1248 :accepisseluxuria
1493 1175 1539 1229 sit.
1551 1175 1602 1230 llle
1612 1175 1698 1245 igilur
1711 1191 1772 1246 ego¹

137 1278 234 1325 senex,
255 1268 283 1315 et
296 1261 380 1315 castis
399 1261 545 1316 historiam
562 1262 699 1316 castitatis
712 1280 828 1333 expono.
848 1263 936 1326 »Quo
978 1269 1025 1339 qui
1040 1268 1075 1321 ob
1089 1268 1223 1338 gehennae
1247 1271 1355 1320 metum
1365 1265 1416 1319 tali
1436 1282 1480 1318 me
1495 1264 1676 1334 carcereipse
1697 1265 1775 1318 dam·

137 1351 223 1422 plane
236 1351 337 1405 Malchl
352 1351 487 1431 exemplo,
505 1357 533 1405 et
545 1351 664 1406 aliorum
680 1352 864 1434 plurimorum
878 1367 939 1404 mo·
980 1373 1122 1422 neveram,
1141 1357 1320 1426 scorpionum
1341 1361 1452 1409 tantum
1476 1354 1567 1409 socius
1587 1358 1616 1407 et
1642 1353 1774 1418 ferarum,

136 1441 305 1507 nachorem,
318 1439 418 1510 quibus
429 1442 471 1506 iut
489 1440 619 1508 vidimus)
636 1441 717 1512 Syria
731 1446 797 1494 tunc
807 1439 935 1503 florebat,
980 1462 1053 1516 sape
1068 1446 1159 1502 choris
1168 1446 1320 1500 intereram
1334 1445 1507 1516 puellarumt
1523 1442 1664 1515 pallebant
1674 1458 1725 1497 ora
1736 1443 1778 1512 it-

136 1529 258 1583 incaluit
273 1545 321 1584 cor
335 1531 396 1600 eius
413 1529 448 1583 ad
462 1530 680 1584 consectandum
699 1529 762 1583 vitae
776 1529 937 1584 monastica
977 1534 1075 1606 juniis,
1085 1532 1776 1602 etmensdaridsriisastuabatinfrigidocorpora,

137 1619 311 1672 institutum:
329 1635 392 1673 cum
408 1625 437 1672 et
451 1619 486 1673 ad
496 1620 693 1684 Theodosium,
706 1618 801 1689 magni
816 1618 938 1673 nominis
979 1630 1008 1681 et
1022 1630 1087 1681 ente
1102 1624 1244 1680 hominem
1255 1641 1306 1681 sua
1316 1625 1375 1693 jam
1386 1638 1471 1676 earne
1485 1626 1686 1692 praemortuum
1701 1621 1776 1690 itan,

138 1707 230 1761 virum
252 1708 302 1776 iri),
324 1712 352 1761 et
371 1707 441 1761 allos
462 1708 610 1778 praeclaros
626 1708 809 1762 anachoretas
828 1706 937 1761 litteras
979 1730 1070 1777 nuum,
1082 1713 1142 1783 jem
1156 1729 1239 1768 came
1254 1710 1433 1782 peaemortua]
1447 1710 1507 1764 ⁸012
1520 1708 1669 1762 libidinum
1679 1709 1777 1763 inem.

137 1795 226 1861 dedit,
241 1802 340 1867 petens
355 1813 452 1850 eorum
467 1797 595 1867 Precibus
609 1797 678 1851 SOlVl
690 1797 806 1851 lissssillis
818 1797 912 1852 saecull
929 1783 967 1864 3¹⁵
979 1803 1026 1860 dia
1039 1802 1202 1858 bulliebant.
1229 1803 1327 1871 ltaque
1345 1800 1422 1854 omni
1440 1799 1543 1853 auxilio
1556 1798 1719 1862 destitutus,
1741 1797 1777 1851 ad

135 1884 185 1938 ubi
199 1886 257 1939 brec
272 1885 410 1940 interalia
427 1905 432 1938 ι
449 1887 553 1940 eNuno
567 1891 692 1941 restrum
709 1893 752 1940 est
765 1891 798 1940 ut
811 1887 938 1940 volunta·
979 1894 1043 1950 iesu
1056 1892 1184 1966 jacebam
1195 1891 1290 1961 pedes,
1302 1888 1429 1959 rigabam
1440 1886 1581 1958 lacrymis,
1597 1886 1673 1939 crine
1686 1890 1776 1954 terge-

136 1979 195 2029 teffl
211 1979 346 2046 sequatur
366 1976 496 2042 effectu&
513 1992 608 2029 meum
627 1981 670 2029 est
686 1980 716 2029 ut
735 1975 818 2029 velim
833 1994 839 2041 3
855 1975 937 2029 Obse·
978 1968 1090 2049 bam,et
1098 1985 1424 2051 repugnantemoarnem
1434 1975 1675 2030 hebdomadarum
1682 1973 1776 2027 inedia

135 2064 296 2118 orationum
315 2070 472 2118 vestrarum
487 2071 531 2119 est
548 2069 580 2118 ut
599 2065 673 2135 quod
689 2065 771 2118 veiim
793 2069 821 2119 et
832 2064 936 2136 possim
978 2070 1173 2143 subjugabam.
1186 2068 1387 2123 Nonarubesoo
1395 2065 1521 2121 monteri
1531 2062 1777 2118 intelicimusmee

135 2154 328 2223 (iitennpat,
342 2152 420 2217 ibi.»
979 2159 1121 2214 miseriam
1142 2178 1148 2225 ;
1166 2159 1233 2229 quin
1254 2157 1348 2228 potius
1367 2157 1469 2227 plango
1489 2171 1534 2207 me
1552 2169 1609 2206 non
1628 2167 1689 2205 esse
1704 2149 1778 2221 quod

175 2242 253 2297 luter
262 2242 321 2296 hee
335 2243 470 2313 temporis
480 2243 580 2317 spatia,
593 2259 657 2296 cum
673 2244 741 2313 quid
757 2249 832 2297 esset
845 2243 938 2297 decer·
978 2249 1089 2304 fuerim
1100 2247 1216 2306 Marnini
1224 2247 1452 2308 meclamantem,
1461 2242 1537 2296 diem
1545 2241 1643 2302 crebro
1651 2239 1777 2310 junxime

135 2331 262 2384 nendum
278 2331 312 2384 de
328 2336 402 2386 statu
422 2349 472 2386 suo
482 2333 572 2386 Deam
586 2349 736 2410 servosque
755 2332 805 2386 Dei
822 2333 938 2386 ltacon-
979 2354 1042 2394 eum
1057 2343 1148 2401 nocte,
1162 2335 1300 2406 necprius
1311 2332 1457 2405 apeotoria
1467 2346 1590 2393 comesse
1604 2327 1775 2395 verberibus,

136 2419 254 2481 sulerct,
264 2437 350 2490 agens
361 2421 515 2475 Antiochia
526 2421 671 2476 docentem
683 2421 789 2476 audivit
797 2421 939 2492 Apollina-
979 2443 1064 2497 quam
1075 2426 1189 2492 rediret,
1205 2423 1323 2481 Domino
1331 2423 1502 2492 increpante,
1515 2419 1716 2489 tranquillitas.
1729 2418 1776 2487 lp-

136 2525 209 2575 rem,
221 2509 692 2581 fidequoipseadPammachium
705 2529 710 2562 ε
725 2511 938 2583 «Apollinarem
980 2531 1040 2568 sam
1061 2531 1172 2585 quoque
1191 2513 1320 2574 cellulam
1344 2527 1446 2577 meam,
1470 2509 1550 2579 quasi
1574 2507 1777 2577 cogitationum

141 2597 333 2652 Laodicenum
346 2599 440 2652 audivi
454 2599 608 2653 Antiochiae
622 2599 784 2670 frequenter
798 2605 826 2653 et
840 2599 913 2653 colui
929 2618 935 2666 3
982 2622 1107 2658 mearum
1119 2603 1267 2669 consciam,
1283 2599 1529 2673 pertimescebam:
1544 2605 1573 2657 et
1582 2598 1711 2658 mihimet
1721 2596 1778 2650 ira·
1844 2617 1848 2622 ·

141 2693 249 2740 etcum
265 2688 344 2740 mein
360 2688 463 2742 sanctis
478 2688 629 2765 scripturis
642 2689 776 2754 erudiret,
793 2705 938 2759 nunquam
980 2700 1026 2749 tus
1042 2701 1070 2748 et
1085 2693 1202 2765 rigidus,
1219 2692 1295 2750 solus
1309 2692 1421 2751 deserta
1435 2687 1633 2760 penetrabam:
1647 2690 1675 2739 et
1691 2684 1779 2743 sicubi

138 2776 218 2829 illius
237 2778 443 2831 contentiosum
467 2794 551 2856 super
570 2794 654 2831 sensu
676 2778 778 2847 dogma
792 2778 937 2848 suscepit·
981 2783 1231 2853 concavavalliurn,
1244 2779 1500 2853 asperomontiurn,
1516 2776 1780 2852 rupiumprmrupia
1821 2788 1828 2794 ”

140 2865 207 2919 Haec
221 2865 290 2937 lpse.
304 2867 391 2920 Porro
404 2884 468 2921 curn
480 2869 520 2932 iut
531 2867 773 2938 superiusdictum
785 2866 840 2934 esti
852 2866 938 2937 Apol·
981 2870 1139 2935 cernebam,
1154 2868 1192 2929 ibi
1217 2885 1261 2924 me
1277 2867 1412 2926 orationis
1432 2866 1518 2931 locus,
1536 2863 1574 2916 ibi
1594 2862 1662 2923 illud
1683 2863 1779 2925 miser·

139 2953 241 3007 linaris
260 2955 384 3008 nondum
405 2955 526 3026 perfecte
540 2955 667 3027 cognitus
686 2971 777 3026 neque
789 2955 939 3009 damnatus
981 2959 1059 3024 rimae
1074 2958 1166 3019 carnis
1181 2957 1353 3030 ergastulum
1370 2976 1376 3023 3
1394 2960 1431 3022 et,
1447 2960 1480 3008 ut
1497 2954 1556 3029 ipse
1571 2953 1651 3013 testis
1665 2957 1707 3007 est
1723 2953 1780 3011 Do-

139 3049 226 3108 esset,
243 3042 362 3097 licenter
374 3042 500 3109 docebat,
516 3044 885 3115 audiebaturquelicentius.
982 3049 1084 3115 minus,
1099 3052 1163 3124 post
1178 3047 1282 3100 multas
1290 3046 1439 3123 lacrymas,
1456 3042 1598 3121 postcoelo
1611 3042 1781 3103 inherentes

176 3132 218 3185 De
233 3131 294 3185 loco
303 3148 378 3197 vero,
396 3149 414 3185 a
432 3138 528 3187 sancto
544 3133 714 3204 Hieronymo
728 3134 757 3187 in
774 3135 862 3205 Syria
875 3133 939 3188 soli·
950 3137 1085 3206 coculos,
1100 3152 1302 3208 nonnunquam
1312 3133 1504 3189 videbarmihi
1517 3133 1652 3193 interesse
1663 3129 1782 3203 agmini·

138 3220 250 3285 tudine,
263 3219 298 3274 ad
307 3221 490 3275 habitandum
500 3222 653 3288 delecto,ad
665 3223 858 3277 chromatium
869 3223 939 3278 scrl-
981 3227 1033 3281 hus
1044 3227 1208 3297 angelorum
1220 3243 1226 3292 ;
1239 3229 1268 3277 et
1276 3223 1359 3284 laetus
1369 3222 1551 3298 gaudensque
1565 3219 1704 3281 dicebam:
1720 3220 1781 3282 Post

139 3309 220 3374 bens,
240 3309 282 3362 ita
298 3309 356 3380 ipse
372 3310 514 3364 meminit:
534 3331 545 3362 r
567 3313 599 3365 ln
615 3327 649 3365 ea
664 3317 744 3383 parte
760 3313 859 3366 delatae
873 3317 940 3366 sunt
982 3316 1158 3370 torrentiorem
1167 3318 1375 3383 aliquantorum
1384 3307 1778 3380 tuoromcacurrr'rnusffienl.

142 3401 209 3462 (ture
223 3398 330 3452 scilicet
343 3399 454 3467 littere)
467 3417 527 3470 quae
539 3399 614 3454 inter
628 3401 713 3472 Syros
725 3407 753 3454 et
772 3401 940 3455 Sarracenos
982 3401 1009 3468 ii.
1022 3420 1035 3450 a
1047 3401 1189 3463 Hactenus
1199 3399 1267 3477 ipse,

141 3493 254 3541 vastum
261 3487 381 3542 limitem
390 3488 475 3542 ducit.
487 3489 611 3543 »Eadem
619 3488 704 3543 babet
711 3490 746 3543 ad
754 3489 938 3544 Florentium.
1018 3490 1122 3543 Verum
1138 3506 1194 3553 pon
1205 3487 1316 3566 jejunia
1339 3487 1440 3552 solum,
1457 3484 1583 3560 aliasque
1602 3482 1778 3549 afflictiones,

142 3576 284 3630 Chalcidis
298 3577 444 3646 provinciae
459 3594 492 3630 ea
513 3583 574 3631 erat
588 3579 633 3641 (ut
649 3577 716 3631 alibi
735 3579 794 3648 ipse
809 3580 940 3645 testatur)
982 3580 1017 3633 ad
1040 3578 1133 3632 carnis
1155 3578 1277 3648 impetus
1294 3575 1483 3639 infrenandoS,
1500 3572 1659 3638 adhibebat,
1676 3572 1726 3631 sed
1753 3576 1782 3634 et

142 3664 265 3718 solitudo
275 3666 380 3734 (Hier,
393 3669 470 3734 epist.
488 3666 531 3734 ia,
546 3665 572 3731 ii:
589 3669 669 3734 Pras.
686 3669 718 3721 in
732 3669 869 3730 hodierni.
981 3669 1049 3746 Juge
1064 3666 1187 3720 studium
1208 3665 1384 3723 litterarum:
1408 3663 1482 3720 unde
1506 3662 1565 3739 ipse
1584 3662 1619 3715 ad
1634 3659 1781 3721 Rusticum

183 3753 274 3817 Fuere
290 3755 353 3824 ejus
367 3755 484 3809 comites
494 3756 674 3810 Innocentius
688 3760 773 3827 atque
787 3756 884 3827 Hylas,
900 3771 944 3808 ac·
984 3745 1109 3816 scribens
1122 3755 1181 3814 haec
1196 3754 1237 3808 alt
1248 3755 1345 3823 th'cr,
1363 3754 1439 3826 epiri.
1456 3750 1499 3821 lii:
1520 3752 1617 3812 «Duru
1630 3766 1721 3807 essem
1735 3751 1783 3825 jii-

143 3841 284 3912 cessitque
300 3847 397 3913 postea
408 3844 584 3899 Heliodorus.
603 3843 652 3899 iiie
667 3843 797 3898 omnibus
809 3844 944 3914 Euagrius
984 3846 1071 3913 venis,
1083 3851 1111 3901 et
1126 3843 1285 3899 solitudinis
1301 3859 1345 3896 me
1359 3842 1471 3895 deserta
1481 3840 1627 3911 vallarent,
1644 3839 1784 3903 incentiva

143 3931 336 3986 Antiochenus
346 3939 446 3986 cuncta
459 3934 615 3994 necessaria
625 3933 816 3998 ministrabat3
834 3933 902 4003 quin
917 3937 945 3986 et
985 3935 1127 4001 vitiorum,
1147 3934 1334 4004 ardoremque
1352 3936 1460 3985 naturae
1475 3931 1548 3990 ferre
1563 3945 1619 3990 non
1639 3934 1781 4001 poterant:

144 4021 208 4090 eius
219 4020 353 4091 impensis
368 4021 541 4092 Hieronymo
556 4021 759 4075 adscribendos
774 4021 860 4075 libros
877 4038 944 4091 sup·
986 4041 1069 4095 quern
1087 4040 1150 4080 curn
1162 4021 1266 4076 crebris
1276 4020 1393 4095 jejuniis
1408 4020 1577 4091 frangerem,
1594 4035 1673 4079 niens
1687 4024 1784 4081 tamen

146 4109 264 4180 peditati
283 4115 349 4164 sunt
363 4110 528 4181 antiquarii3
542 4110 598 4164 illis
610 4110 683 4164 enirn
696 4128 725 4163 se
734 4110 771 4164 ibl
787 4110 944 4164 abundasse
986 4111 1200 4183 cogitationibus
1210 4109 1347 4165 estuabat
1359 4108 1407 4178 ;ad
1424 4125 1509 4185 quarn
1518 4108 1714 4171 edomandam,
1728 4106 1785 4169 cui·

144 4204 286 4265 testatum
303 4200 484 4278 eiusdemque
500 4199 609 4269 Evagrii
620 4215 715 4269 opera,
727 4200 827 4253 litterae
836 4216 896 4270 qua
905 4198 945 4252 di·
985 4202 1050 4255 dam
1064 4201 1155 4265 fratri,
1168 4200 1215 4276 qui
1230 4216 1265 4256 ex
1279 4188 1404 4261 Hebraeis
1418 4198 1585 4266 crediderat,
1603 4197 1689 4258 mein
1704 4195 1786 4258 disci-

144 4288 235 4342 versis
246 4305 278 4341 ex
294 4289 360 4342 locis
370 4289 551 4342 Antiochiam
563 4288 761 4354 alienabantur,
778 4287 869 4341 eldam
884 4287 945 4340 red·
986 4290 1090 4362 plinam
1104 4289 1178 4355 dedi,
1198 4294 1229 4343 ut
1243 4294 1307 4363 post
1316 4286 1480 4353 Quintiliani
1492 4285 1634 4349 acumina.
1644 4284 1785 4345 Ciceronis

146 4376 303 4442 debentur:
320 4377 500 4448 vicissimque
514 4377 549 4431 ad
569 4378 639 4431 alios
655 4377 818 4442 mittendae,
834 4376 945 4453 abipso
986 4379 1096 4448 fluvios,
1102 4379 1327 4453 gravitatemque
1335 4373 1680 4445 Frontonis,eilenitatem
1689 4371 1784 4439 Plinii,

145 4466 194 4519 ille
208 4465 362 4537 accipiebat
372 4468 470 4533 (Hier,
491 4470 568 4535 epist.
586 4467 630 4531 ii,
647 4465 691 4530 43,
709 4466 747 4530 t).
953 4460 1169 4543 Dalphabetum
1185 4467 1331 4531 discerem,
1354 4471 1383 4520 et
1402 4463 1550 4521 stridentia
1570 4461 1786 4533 anhelantiaque

186 4554 241 4607 Sed
252 4553 336 4608 rebus
350 4555 380 4609 in
394 4556 469 4609 hunc
481 4557 595 4609 modum
611 4554 697 4626 probe
709 4555 860 4626 dispositis,
878 4555 946 4611 illud
994 4561 1020 4620 1
1034 4556 1118 4610 verba
1137 4556 1297 4610 meditarer.
1314 4555 1385 4618 Quid
1405 4554 1442 4607 ibi
1458 4552 1560 4607 laboris
1574 4548 1785 4622 insumpserim,

146 4643 329 4696 funestumin
344 4643 557 4714 primisaecldit,
576 4644 779 4698 utrlulcistimo
792 4645 894 4698 comite
904 4647 949 4699 ln·
991 4646 1246 4716 quidsustinuerim
1254 4644 1437 4709 difficultatis,
1447 4642 1556 4717 quoties
1568 4638 1786 4711 desperaverim,

148 4731 280 4785 nocentio
293 4738 383 4786 morte
394 4732 529 4786 exstincto
545 4733 711 4804 privaretur,
726 4734 949 4804 llellodorusque
991 4735 1101 4806 quoties
1119 4734 1295 4800 cessaverim,
1312 4738 1340 4786 et
1359 4731 1537 4788 contentione
1552 4730 1674 4784 discendi
1692 4744 1790 4782 rursus

147 4820 204 4872 aito
224 4820 381 4886 recesserit,
397 4837 446 4890 sps
464 4826 557 4875 tamen
573 4822 722 4882 redeundi:
739 4822 798 4897 ipse
811 4839 875 4877 vero
889 4839 947 4877 cre·
989 4824 1150 4895 inceperim,
1160 4822 1239 4877 testis
1252 4820 1485 4885 cstconscientia,
1495 4825 1554 4874 tarn
1565 4818 1790 4899 meaquipassus

149 4907 208 4964 bris
225 4908 367 4963 laboraret
386 4910 511 4980 corporis
531 4911 751 4965 infirmitatibus.
774 4912 854 4976 Quod
876 4929 948 4984 saepc
990 4930 1062 4976 sum,
1080 4929 1165 4984 quam
1187 4928 1284 4966 corum
1301 4910 1348 4982 qul
1363 4926 1473 4964 mecum
1487 4909 1628 4964 duxerunt
1642 4908 1738 4961 vitam.
1756 4906 1792 4962 itt

149 4997 281 5068 queritur
301 4999 336 5051 ad
352 4998 475 5055 diversos
490 4999 596 5053 amicos
613 5000 737 5054 scribens
754 5002 853 5067 (Hier,
871 5005 947 5070 epiri.
990 5002 1095 5076 gratias
1105 5018 1157 5071 ago
1172 5001 1230 5054 Deo
1238 5015 1311 5064 nico,
1326 4998 1400 5070 quod
1413 4999 1447 5053 de
1458 5015 1554 5052 amaro
1565 4997 1671 5052 semine
1680 4997 1790 5053 littera-
1815 4999 1821 5009 '

150 5085 196 5154 il,
209 5086 233 5151 i,
250 5085 294 5152 ai,
316 5088 342 5154 3,
356 5087 401 5154 37,
417 5086 469 5151 iii.
991 5107 1054 5145 rum
1070 5090 1166 5143 dulces
1179 5088 1286 5142 fructus
1301 5104 1394 5160 carpo.
1415 5109 1425 5139 v
1441 5088 1584 5160 Haeclpse.

188 5174 264 5239 Quas
277 5175 392 5248 insuper
410 5183 511 5248 prater
524 5178 582 5231 haec
597 5194 695 5248 passus
709 5179 746 5232 sit
760 5178 949 5250 impugnatio·
1028 5181 1138 5243 Boron,
1148 5179 1184 5231 cd
1196 5194 1243 5231 aa.
1258 5175 1310 5233 uia
1323 5185 1350 5231 el
1360 5177 1502 5240 {tib-Ex
1513 5176 1609 5230 multis
1616 5192 1681 5230 vero
1692 5191 1792 5231 aemim-

152 5281 203 5318 nes
217 5265 387 5331 demonum,
399 5271 427 5321 et
442 5284 502 5337 quae
512 5283 578 5321 eum
593 5269 768 5322 exercuerint
782 5268 877 5339 prelia
891 5283 951 5322 car-
991 5269 1044 5333 nie,
1059 5267 1159 5339 quibus
1174 5265 1211 5319 ibi
1226 5267 1348 5337 graviter
1366 5267 1515 5320 afflictatus
1530 5269 1581 5330 est,
1607 5265 1660 5319 illae
1676 5264 1790 5335 quidem

152 5355 206 5416 nis,
218 5355 264 5408 hic
270 5361 394 5409 retexam
408 5373 440 5408 ex
451 5357 575 5425 ejusdem
591 5357 709 5427 epistola
719 5357 754 5410 ad
769 5358 950 5412 Eustochium
992 5356 1315 5411 sibimaximevisaesunt
1326 5375 1332 5425 3
1344 5356 1417 5429 quod
1429 5354 1679 5426 Occidentalisipse
1694 5355 1791 5417 homo,

154 5446 254 5508 (Hice,
276 5447 352 5512 episi.
369 5443 428 5506 til:
456 5446 504 5500 «0
520 5448 628 5516 quoties
653 5462 705 5515 ego
725 5447 785 5516 ipse
807 5447 836 5501 in
858 5463 951 5501 eremo
993 5446 1105 5517 collegis
1116 5462 1217 5519 parurn
1231 5447 1368 5517 cognitus,
1385 5451 1520 5516 suspecte
1531 5444 1585 5497 illis
1597 5444 1661 5497 fidel
1677 5441 1793 5501 habere-

153 5538 332 5596 constitutus,
350 5540 379 5586 et
394 5533 423 5587 in
439 5534 486 5587 illa
500 5544 577 5589 vasta
591 5535 753 5599 solitudine,
765 5552 835 5608 quae,
854 5541 953 5590 exusta
991 5540 1048 5590 tur.
1063 5535 1136 5590 Nam
1144 5537 1272 5590 eamdem
1281 5551 1396 5606 prorsus
1408 5532 1587 5598 calumniam,
1600 5548 1684 5611 quarn
1699 5529 1793 5589 Pauli·

152 5623 220 5678 solie
229 5622 386 5689 ardoribus,
401 5623 547 5679 borridum
561 5624 949 5696 monachisproestathablta-
993 5641 1045 5680 nus
1061 5625 1208 5697 episcopus
1221 5623 1411 5679 Antiochenus
1432 5625 1475 5690 (ut
1487 5621 1608 5678 vidimus
1627 5636 1659 5674 ex
1675 5617 1793 5688 Epipha-
