3832 6120
149 244 202 302 145
518 235 522 238 “
687 266 772 322 Vl'l'll
791 250 1065 328 amTI'ANTONH
1083 272 1246 327 ABBATIS.
1729 273 1783 334 146

143 374 324 479 εῗάιῦοωίηἰ
348 379 517 452 fugabantur
529 386 656 459 imperio,
673 392 721 462 qui
740 393 778 449 ait
795 396 880 461 (Luca
893 393 1091 464 x):Anexuit.
1119 396 1181 450 Una
1208 402 1251 450 est
1278 412 1345 466 ergo
1373 395 1445 454 vatio
1473 395 1600 451 vincendi
1625 397 1780 468 inimicum,

144 464 210 518 Vidi
222 467 355 524 Satanam
372 473 451 542 quasi
464 474 558 545 fulgur
572 478 718 534 cadentem
733 482 768 536 do
783 482 861 537 eoelo.
879 484 944 538 Hae
984 487 1081 541 laetitia
1096 486 1260 557 spiritualis,
1273 487 1409 540 otrrnimae
1417 486 1569 540 Dominum
1585 505 1696 559 semper
1708 491 1793 562 cogi·

143 570 224 624 ergo,
237 557 324 656 tilioli,
341 563 487 632 apostolici
498 581 607 620 memor
615 569 729 639 eloquii,
746 571 773 624 in
791 588 835 626 me
848 578 942 626 trans·
983 576 1070 630 tantis
1077 576 1154 647 jugis
1169 574 1342 629 recordatio:
1361 591 1421 645 quae
1436 575 1593 630 daemonum
1610 578 1690 633 ludos
1701 581 1781 650 quasi

141 642 273 710 formavi,
298 652 330 702 ut
356 653 531 728 propositum
559 663 681 711 vestrum
705 675 756 713 nec
784 660 942 716 damonum
983 665 1091 719 sunium
1117 665 1267 734 expellens,
1283 670 1468 734 persequetur
1489 665 1664 720 adversarios
1686 669 1780 740 potius

140 736 245 800 terror,
260 751 312 789 nee
324 738 420 810 aliqua
434 741 569 798 lassitudo
585 746 758 802 dissolveret.
983 771 1066 825 quam
1083 754 1200 808 timebit.
1212 755 1274 808 Non
1289 759 1332 806 est
1342 753 1416 806 enim
1426 753 1662 809 nesciusSatanas
1671 755 1780 827 ignium

178 822 237 877 Sed
246 827 380 894 quoniam
396 829 432 883 ob
442 838 562 887 vestram
573 834 725 891 utilitatem
739 838 828 892 multa
838 855 942 894 memo·
982 842 1152 909 lutummm,
1183 849 1211 897 ct
1238 842 1383 897 aestuantis
1406 842 1541 912 gehenna
1568 844 1681 914 copiosa
1703 847 1781 900 novit

139 911 242 1009 ¹raudo,
270 913 406 986 insipiens
426 919 517 975 lactus
542 939 614 990 sum,
640 931 669 978 et
690 925 775 997 hujus
800 927 841 982 rei
865 928 941 984 vobis
982 932 1121 1007 incendia.

140 1002 284 1101 impertiri
299 1006 381 1076 cupio
397 1008 550 1077 notionem,
563 1029 647 1083 quam
662 1032 755 1069 veram
772 1019 941 1072 essonullus
1018 1022 1072 1076 Sed
1092 1028 1124 1076 ut
1138 1038 1201 1075 mea
1212 1023 1272 1091 jam
1286 1021 1434 1076 claudatur
1453 1021 1553 1087 oratio,
1569 1021 1637 1077 illud
1652 1022 1681 1078 in
1695 1025 1779 1079 finem

140 1089 271 1191 ambigat
278 1093 753 1173 audientium.Pulsavitaliquando
764 1105 873 1160 dromon
883 1124 941 1162 mo·
982 1127 1187 1165 commemoro:
1206 1111 1276 1165 Cum
1296 1110 1391 1180 aliqua
1409 1127 1439 1164 sc
1458 1109 1535 1164 vobis
1549 1110 1682 1166 obtulerit
1699 1113 1777 1179 visio,

140 1184 260 1280 nasterq
276 1182 380 1238 ostium
393 1205 399 1239 :
411 1188 567 1257 egrediens,
581 1191 659 1246 video
674 1192 816 1247 hominem
833 1196 940 1250 enormi
981 1201 1115 1254 audacter
1124 1200 1268 1270 requirite.
1281 1200 1344 1270 quis
1358 1199 1395 1253 sit
1407 1199 1463 1262 illo,
1477 1204 1506 1252 et
1520 1200 1593 1254 unde
1611 1201 1732 1269 venerit3
1747 1218 1779 1257 ac

138 1266 326 1370 sublimitate,
336 1282 494 1343 porrectum
504 1284 685 1351 capulosque
696 1282 732 1336 ad
745 1283 855 1337 colum.
868 1285 940 1338 Cum
982 1288 1042 1342 sine
1058 1306 1145 1352 mora,
1164 1289 1188 1342 si
1206 1295 1368 1342 sanctorum
1386 1288 1472 1342 tuerit
1490 1288 1632 1353 revelatio,
1653 1290 1780 1359 angelica

138 1354 174 1407 ab
198 1356 253 1411 hoc
277 1377 405 1430 quisnam
430 1372 505 1420 esset
520 1367 702 1439 inquirerem,
719 1371 780 1425 ait:
802 1373 858 1442 ligo
876 1389 938 1427 suin
982 1378 1171 1431 consolatione
1182 1379 1267 1431 timor
1276 1383 1401 1431 vertetur
1414 1377 1443 1430 in
1453 1377 1598 1446 gaudium.
1611 1377 1712 1432 Sivero
1723 1377 1781 1433 dia·

139 1443 273 1546 Satanas.
295 1449 329 1503 Et
343 1468 394 1521 ego
409 1471 415 1506 :
431 1453 512 1520 Quid,
533 1456 659 1528 inquam,
685 1459 730 1513 hic
743 1461 868 1531 quaerisl
889 1462 940 1516 ne
980 1465 1036 1519 boli
1052 1465 1136 1520 fuerit
1150 1466 1244 1520 oblata
1258 1467 1386 1520 tentatio.
1404 1465 1493 1519 tidelis
1508 1466 1609 1520 animae
1619 1472 1782 1537 percuncta-

138 1535 274 1634 sppndrt:
293 1537 350 1592 Cur
363 1541 432 1595 mihi
445 1542 551 1598 frustra
565 1545 706 1617 imputant
720 1549 872 1603 monachi?
891 1566 941 1604 cur
981 1555 1104 1608 tionibus
1121 1561 1266 1609 evanescet
1278 1574 1284 1620 ;
1300 1555 1366 1625 quia
1380 1555 1534 1608 maximum
1555 1561 1598 1609 est
1621 1556 1780 1611 securitatis

137 1623 210 1676 milii
230 1642 330 1681 omnes
344 1629 567 1687 Christianorum
587 1637 682 1706 populi
697 1637 891 1693 maledicunt?
907 1639 941 1693 Et
981 1643 1124 1708 indicium,
1140 1644 1314 1713 interrogare
1329 1643 1459 1714 quisnam
1482 1648 1525 1696 est
1548 1650 1576 1697 et
1591 1643 1675 1699 unde.
1692 1645 1738 1699 Sic
1752 1652 1782 1700 et

137 1729 210 1782 ego:
224 1715 238 1767 J
242 1722 304 1769 uste
315 1716 430 1784 iaciunt,
437 1720 494 1775 tuis
502 1722 576 1776 enim
586 1711 970 1796 trequentermolestantuvB
981 1733 1058 1786 Nave
1072 1733 1147 1787 silius
1160 1732 1357 1787 auxiliatorem
1369 1749 1451 1786 suum
1467 1732 1667 1802 interrogando
1678 1749 1780 1804 cogno-

137 1802 261 1856 msidirs.
273 1807 310 1858 m
325 1806 371 1861 illo
390 1808 431 1862 ait
441 1827 447 1862 :
459 1809 536 1864 Nihil
548 1828 599 1882 ego
610 1812 690 1879 facio,
701 1814 749 1868 sed
759 1815 812 1887 ipsi
823 1833 852 1870 se
867 1817 938 1871 invi·
979 1821 1019 1874 vit
1034 1824 1123 1890 (toruo
1133 1824 1174 1887 v);
1187 1838 1238 1875 nec
1252 1821 1396 1876 Danielem
1407 1826 1619 1892 percontantem
1629 1822 1718 1878 latere
1727 1840 1779 1895 po·

137 1907 200 1944 cem
228 1893 354 1949 turbant.
381 1897 454 1952 Nam
477 1916 528 1970 ego
552 1901 721 1956 miserabilis
745 1904 836 1958 sactus
864 1921 937 1961 sunt.
982 1910 1180 1964 tuitinimicus
1195 1912 1277 1978 (Dan.
1293 1914 1329 1974 sl.

138 1977 332 2051 Rogo‚nonne
342 1986 448 2057 legisti:
463 1989 535 2052 Quia
544 1990 817 2048 desecemntinimici
826 1993 938 2049 tramea
1016 1999 1167 2070 Postquam
1183 1999 1321 2054 Antonius
1342 2000 1452 2055 dicendi
1465 2001 1549 2054 tinem
1564 1998 1640 2065 tecit,
1656 2001 1778 2057 latenti·

137 2071 167 2124 1¹¹
183 2073 282 2138 finem,
302 2080 332 2127 ei
348 2075 474 2130 civitates
495 2094 593 2132 eorum
609 2080 773 2135 destruxisti
788 2084 868 2150 (Paul.
882 2083 939 2150 ixl?
979 2087 1032 2142 bus
1042 2088 1159 2152 cunctis,
1171 2088 1199 2142 in
1215 2088 1278 2142 aliis
1288 2089 1400 2143 virtutis
1410 2088 1511 2161 cupido
1526 2088 1733 2156 exardescebat,
1747 2090 1776 2145 in

137 2160 178 2215 En
189 2160 300 2216 nullum
307 2165 367 2233 jam
379 2165 467 2220 habeo
477 2167 579 2237 locum,
592 2169 698 2224 nullam
709 2170 836 2241 possideo
844 2171 939 2227 eivita-
979 2176 1042 2231 aliis
1055 2175 1168 2230 intirma
1178 2177 1351 2232 refovebatur
1363 2177 1441 2242 sides,
1454 2194 1486 2235 ex
1501 2177 1620 2231 aliorum
1635 2177 1777 2233 mentibus

135 2258 207 2317 tem,
216 2252 278 2320 jam
291 2252 361 2307 mihi
369 2255 446 2309 nulla
457 2262 524 2311 sunt
537 2274 631 2312 arma:
644 2276 695 2330 per
704 2277 801 2315 omnes
811 2251 938 2316 nationes
979 2265 1054 2320 lalsae
1061 2266 1207 2337 opiniones
1219 2266 1404 2337 pellebantur,
1412 2266 1570 2321 exaliorum
1581 2266 1708 2322 sensibus
1719 2267 1778 2322 ina-

135 2345 310 2411 cunctasque
320 2342 475 2413 provincias
487 2344 591 2401 Christi
602 2354 734 2418 personat
747 2364 858 2415 nomen,
876 2351 938 2404 soli·
979 2355 1057 2408 nium
1074 2360 1213 2409 terrorum
1229 2354 1386 2425 pellebatur
1397 2354 1523 2408 accensio
1538 2370 1543 2406 :
1560 2353 1701 2425 simulque
1715 2356 1777 2410 uni·

135 2429 252 2484 tudines
267 2448 378 2502 quoque
394 2435 594 2489 monachorum
609 2437 751 2507 stipantur
764 2438 866 2492 choris.
881 2439 937 2511 Ipsi
979 2444 1059 2509 versi,
1076 2461 1140 2498 cum
1158 2445 1217 2514 jam
1233 2443 1392 2497 damonum
1415 2442 1533 2496 insidias
1551 2447 1774 2510 contemnerent,
1821 2507 1829 2514 ⁹

135 2535 175 2584 se,
195 2535 301 2589 quaeso,
311 2526 453 2589 tueantur,
466 2529 495 2577 ot
512 2541 557 2579 me
568 2525 628 2579 sine
638 2542 723 2580 eausa
734 2543 790 2581 non
802 2528 934 2582 lacerent.
978 2532 1154 2587 mirabantur
1168 2533 1197 2586 in
1211 2532 1334 2587 Antonio
1358 2536 1468 2585 tantam
1490 2530 1611 2601 gratiam
1624 2530 1775 2602 spirituum

138 2608 280 2679 ‘lbincego
295 2610 345 2664 Ilei
355 2613 546 2681 gratiamonm
556 2614 699 2670 alacritate
711 2615 840 2674 miratus.
852 2617 891 2671 sic
900 2617 936 2673 ad
977 2621 1323 2691 discernendorum,quam
1330 2618 1773 2691 Dominotribuenteperceperat.

134 2713 203 2751 eum
218 2698 329 2753 locutus
343 2718 422 2756 sum:
440 2703 502 2756 Non
516 2709 571 2758 tnae
587 2705 706 2785 veritati,
719 2723 780 2777 quae
791 2707 868 2760 nulla
882 2711 933 2773 est,
1013 2712 1078 2767 Car.
1095 2711 1167 2765 XXI.
1186 2741 1215 2750 -
1238 2710 1325 2763 Erant
1346 2708 1433 2778 igitur
1446 2707 1475 2761 in
1494 2713 1589 2763 monte
1603 2709 1774 2764 monasteria

135 2791 195 2840 tam
212 2805 313 2843 novam
328 2795 357 2844 et
371 2797 429 2844 tam
444 2791 599 2847 inauditam
625 2793 734 2848 ascribo
754 2795 932 2850 sententiam.
976 2804 1111 2869 tanquam
1125 2798 1315 2864 tabernacula,
1332 2797 1416 2868 plena
1430 2797 1531 2851 divinis
1545 2796 1639 2851 choris
1655 2798 1775 2868 psallen-

133 2875 209 2930 Nam
235 2894 300 2932 cum
325 2876 440 2934 fallacia
462 2886 545 2954 caput
567 2882 613 2948 sis,
631 2883 683 2937 hoc
706 2884 766 2938 sine
789 2885 933 2941 mendacio
975 2889 1047 2943 tium
1063 2889 1129 2958 (53),
1151 2889 1316 2960 legentium,
1332 2888 1492 2942 orantium:
1509 2893 1675 2960 tantumque
1692 2890 1774 2960 jeju-

133 2973 249 3020 coactus
265 2984 294 3021 es
309 2969 446 3023 confiteri.
462 2969 534 3025 Vere
549 2972 623 3026 enim
633 2973 714 3027 Jesus
729 2978 793 3028 tuas
808 2974 934 3029 funditus
975 2979 1061 3033 nandi
1077 2985 1105 3033 et
1125 2978 1285 3049 vigiliacum
1305 2978 1433 3032 ardorem
1451 2982 1615 3032 cunctorum
1631 2978 1773 3035 mentibus

133 3054 248 3109 subruit
261 3056 344 3123 vires,
356 3064 385 3112 et
397 3059 504 3113 honore
516 3061 782 3133 nudatusangelico,
800 3064 1063 3126 volutarissssermo
1078 3069 1139 3137 ejus
1161 3066 1314 3129 amaverat,
1337 3071 1369 3120 ut
1381 3065 1482 3119 lutura
1497 3065 1556 3135 spoi
1571 3065 1714 3134 aviditate,
1731 3067 1767 3122 ad

133 3144 161 3198 in
190 3145 332 3200 sordibus.
353 3147 404 3201 Vix
422 3148 489 3203 dum
509 3150 593 3204 verba
613 3152 826 3223 compleveram,
844 3158 872 3207 et
886 3153 933 3207 ille
974 3153 1773 3224 clraritatommutuametmisericordiasindigentibusex-

132 3233 868 3312 sublimisaspectuSalvatorisnominationedejectus
879 3248 930 3296 est.
974 3245 1109 3299 hibendas
1114 3244 1176 3314 jugi
1184 3244 1277 3298 studio
1291 3243 1460 3304 laborarent,
1470 3243 1518 3313 qui
1530 3243 1669 3297 infinitam
1678 3243 1770 3314 regio-

169 3323 238 3387 Quae
251 3341 319 3395 ergo
330 3327 400 3396 jam,
416 3327 531 3389 ofilioli,
553 3329 658 3399 poterit
681 3331 804 3385 residere
817 3337 932 3386 cuneta-
973 3351 1038 3388 nem
1055 3333 1215 3405 quamdam,
1230 3337 1260 3386 et
1272 3331 1406 3402 oppidum
1422 3347 1440 3385 a
1456 3330 1600 3384 mundana
1622 3346 1769 3386 conversa·

132 3413 192 3466 tio?
208 3430 269 3483 quae
283 3414 433 3485 trepidatio
447 3416 571 3471 manebit
585 3419 723 3472 ulterius?
737 3420 805 3483 Quis
822 3437 872 3474 nos
888 3437 933 3475 eo·
972 3423 1049 3477 tione
1059 3424 1226 3493 sejunctum,
1236 3421 1349 3491 plenum
1357 3419 1469 3490 pietatis
1480 3424 1508 3472 et
1518 3418 1771 3489 J'ustitiaevideban·
1852 3433 1855 3439 ·

133 3517 198 3554 mm
212 3501 295 3555 turbo
308 3504 413 3574 poterit
425 3506 603 3560 convellere?
626 3507 735 3562 Secura
756 3508 814 3563 sint
830 3511 931 3564 animae
972 3519 1019 3567 tur
1032 3513 1162 3566 incolere.
1176 3510 1244 3575 Quis
1255 3515 1365 3563 tantum
1377 3509 1687 3578 monachorumagmen
1698 3508 1771 3579 aspi·

131 3591 312 3661 singulorum
329 3611 335 3647 :
360 3609 415 3647 non
435 3593 489 3648 sibi
514 3595 602 3666 lingat
622 3612 693 3650 vana
712 3598 844 3668 cogitatio
859 3615 931 3653 vana
972 3602 1058 3665 ciens,
1069 3601 1132 3672 quis
1144 3600 1253 3654 virilem
1268 3598 1349 3653 illum
1363 3597 1516 3651 concordiae
1529 3601 1767 3663 eoetumcernons,

131 3679 311 3748 discrimina3
326 3698 382 3736 non
396 3682 497 3754 aliquis
511 3684 610 3738 timeat
624 3701 641 3738 a
663 3684 774 3741 diabolo
787 3687 929 3743 sublatum
971 3690 1000 3744 in
1011 3707 1066 3761 quo
1072 3691 1166 3744 nullus
1179 3705 1291 3753 nocens,
1300 3687 1382 3742 nulla
1390 3686 1527 3740 detractio
1536 3686 1707 3752 susurronis,
1719 3686 1768 3741 sed

130 3769 166 3823 ad
179 3769 335 3841 praecipitia
343 3788 373 3825 se
382 3788 463 3843 posse
475 3773 585 3827 deterri.
598 3774 723 3830 Pellatur
737 3775 827 3830 omnis
838 3777 931 3831 anxie·
971 3778 1122 3832 multitudo
1133 3776 1335 3831 abstinentium
1344 3779 1520 3829 etcertamen
1530 3774 1686 3829 officiorum
1696 3779 1766 3841 erat,

130 3868 189 3927 tas3
203 3861 340 3916 Dominus
354 3863 438 3928 enim,
450 3864 497 3934 qui
509 3869 619 3919 nostros
631 3867 781 3936 prostravit
791 3867 928 3931 inimicos,
971 3884 1026 3922 non
1043 3867 1070 3920 in
1082 3867 1153 3921 hanc
1165 3866 1263 3920 statim
1277 3869 1439 3935 erumperet
1450 3880 1566 3918 vocem:
1583 3863 1673 3928 Quam
1689 3863 1768 3919 bona

130 3967 262 4014 manens,
278 3958 310 4003 ut
324 3951 460 4022 promisit,
482 3952 509 4006 in
529 3953 609 4008 nobis
626 3957 715 4020 (loen.
732 3957 797 4025 xiv),
814 3973 832 4010 a
847 3958 930 4011 variis
970 3957 1143 4016 domustuae,
1157 3954 1255 4009 tacobl
1269 3953 1514 4018 tabemaculatua,
1527 3952 1768 4023 Israel,tanquam

129 4057 182 4095 nos
209 4040 321 4094 Satanae
345 4041 464 4095 munivit
479 4042 647 4097 incursibus.
662 4044 703 4098 En
718 4044 776 4116 ipse
790 4044 926 4112 diabolus,
970 4061 1087 4099 nemora
1099 4042 1451 4113 obumbrantia,tanquam
1465 4040 1611 4112 paradisus
1620 4057 1706 4113 super
1717 4042 1768 4097 tlu-

129 4129 178 4202 qui
195 4128 357 4198 hujusmodi
383 4146 446 4185 cum
469 4130 527 4184 suis
549 4131 716 4187 satellitibus
732 4139 841 4187 exercet
854 4141 929 4189 astu·
972 4133 1038 4199 vios,
1050 4137 1184 4203 tanquam
1200 4131 1380 4185 tabernacula
1391 4131 1515 4201 quaefixa
1528 4134 1624 4183 sunta
1637 4129 1766 4194 Domino,

128 4219 195 4283 tias,
208 4218 278 4272 nibil
293 4235 323 4273 se
338 4235 418 4291 posse
432 4223 530 4274 contra
543 4220 716 4276 Christianos
730 4221 843 4276 fatetur.
970 4228 1104 4292 tanquam
1118 4220 1193 4274 cedri
1209 4220 1281 4273 eirca
1296 4236 1383 4290 aquas
1399 4220 1494 4287 (il'am.
1511 4219 1605 4287 xxivtl

165 4309 315 4363 Jamcune
329 4309 555 4364 Christianorum
574 4314 602 4364 et
617 4311 817 4365 monachorum
837 4310 875 4365 sit
892 4328 962 4405 neD
1005 4310 1069 4365 Cir.
1087 4310 1172 4364 XXII.
1206 4309 1310 4362 ⁴Ilum
1335 4308 1393 4361 haec
1411 4307 1451 4360 ita
1459 4312 1607 4377 geruntur,
1621 4306 1723 4376 quibus
1737 4307 1767 4361 in

128 4415 181 4470 per
195 4414 295 4452 eorum
310 4397 441 4452 inertiam
464 4398 536 4451 vires
550 4398 723 4453 damonibus
737 4399 927 4472 praebeantur.
970 4400 1032 4454 dies
1046 4399 1134 4453 beatae
1152 4399 1215 4452 vita
1226 4397 1350 4451 studium
1365 4402 1510 4461 cresceret,
1530 4395 1671 4450 Antonius
1686 4412 1767 4450 man·

130 4487 205 4542 Nam
220 4485 318 4557 quales
334 4502 384 4540 nos
399 4491 429 4541 et
440 4490 550 4540 nostras
566 4488 723 4557 repererint
732 4488 927 4558 cogitationes,
970 4488 1081 4542 sionum
1105 4487 1134 4541 in
1159 4487 1228 4541 eolo
1258 4486 1412 4557 positarum
1446 4484 1605 4549 recordans,
1641 4489 1670 4538 et
1695 4501 1768 4556 pra·

130 4575 203 4630 tales
218 4591 250 4629 se
264 4573 344 4629 nobis
357 4580 490 4646 praestare
504 4580 716 4630 consueverunt.
730 4576 763 4630 Et
777 4576 800 4631 si
817 4577 890 4647 quod
900 4577 930 4632 in
970 4576 1058 4631 sentis
1067 4577 1130 4630 vitm
1138 4575 1293 4646 despiciens
1303 4575 1480 4639 inanitatem,
1492 4573 1572 4644 quasi
1583 4589 1668 4644 parva
1676 4580 1770 4628 essent

130 4663 294 4736 pectoribus
303 4664 382 4718 rnalae
391 4664 529 4719 mentiset
538 4665 649 4735 pavoris
656 4681 751 4719 semen
760 4665 926 4733 invenerint,
971 4682 1154 4738 quaecumque
1164 4666 1223 4736 jam
1237 4669 1372 4735 gesserat,
1389 4668 1536 4734 separatus
1550 4680 1567 4717 a
1580 4662 1714 4717 tratribus
1728 4662 1770 4717 in-

130 4753 211 4825 quasi
235 4753 369 4816 latrones,
387 4752 434 4823 qui
457 4754 569 4808 deserta
583 4752 711 4807 obtinent
733 4755 802 4818 loca,
825 4760 930 4826 coeptos
970 4753 1148 4808 stitnebatur.
1165 4755 1292 4824 Cumque
1307 4770 1371 4807 eum
1387 4753 1445 4807 sive
1459 4751 1552 4806 cibum
1565 4752 1622 4806 sive
1638 4767 1768 4806 somnum

129 4843 279 4898 cumulant
292 4843 418 4907 timores,
433 4847 462 4896 et
475 4842 626 4896 crudeliter
640 4842 828 4908 imminentes
842 4843 930 4897 inteli-
970 4844 1117 4914 indulgere
1127 4843 1300 4914 corpusculo,
1311 4847 1360 4896 aut
1375 4841 1445 4894 alias
1456 4845 1563 4894 natura
1577 4840 1768 4906 necessitates,

129 4931 321 5004 eompuniunt
327 4931 461 4986 animam.
470 4936 530 4996 41
543 4930 572 4985 Si
578 4936 673 4985 autern
680 4930 787 4986 alacres
793 4932 929 4986 fuerimus
970 4937 1084 5002 cogeret
1098 4931 1221 4986 humana
1234 4928 1367 4994 conditio,
1381 4929 1451 4982 miro
1466 4920 1641 4982 atllciebatur
1651 4929 1767 4999 pudore,

131 5022 159 5077 in
174 5021 307 5088 Domino,
322 5026 352 5076 et
367 5021 525 5075 litturorum
540 5020 677 5075 bonorum
689 5020 789 5092 cupido
801 5037 851 5074 nos
865 5037 929 5074 suc·
972 5020 1045 5091 quod
1060 5026 1168 5074 tantam
1184 5019 1285 5073 animae
1306 5017 1465 5071 libertatem
1478 5017 1580 5071 modici
1597 5017 1690 5070 carnis
1710 5021 1769 5078 ter·

130 5110 272 5177 oenderit3
288 5110 312 5164 si
331 5126 443 5180 semper
456 5110 551 5163 omnia
561 5109 691 5163 manibus
706 5109 755 5164 Dei
770 5110 930 5165 committa·
972 5108 1040 5162 mini
1052 5113 1221 5163 coercerent.
1240 5108 1312 5160 Nam
1328 5105 1490 5177 frequenter
1503 5122 1566 5160 curn
1582 5104 1714 5160 tratribus
1728 5121 1770 5160 se·

131 5217 204 5265 mus,
228 5200 324 5254 nullus
348 5199 507 5253 damonum
531 5199 566 5252 ad
589 5198 806 5270 expugnandum
827 5198 931 5252 valebit
971 5199 1049 5259 dens,
1066 5215 1082 5252 a
1099 5197 1160 5251 cibo
1183 5197 1227 5251 eui
1253 5195 1345 5249 tuerat
1364 5188 1517 5267 appositus,
1540 5194 1676 5248 memoria
1699 5210 1768 5248 escae

131 5289 281 5354 aecedere;
299 5287 555 5359 magisenim,cum
565 5287 711 5342 munitain
725 5287 931 5342 Christocorda
972 5287 1135 5358 spiritualis,
1163 5285 1386 5339 abstrahebatur,
1414 5283 1521 5338 Edebat
1546 5289 1651 5349 tamen,
1672 5288 1771 5354 utpote

130 5377 338 5449 conspexerint,
354 5376 462 5430 confusi
477 5382 662 5432 revertentur,
674 5377 716 5431 lta
731 5381 759 5430 et
772 5376 823 5430 lob
837 5378 929 5430 firma-
971 5377 1065 5440 homo,
1080 5392 1152 5447 saepe
1167 5376 1252 5437 solus,
1268 5391 1341 5445 sape
1357 5391 1420 5428 cum
1436 5372 1579 5427 tratribus.
1592 5373 1626 5426 Et
1636 5389 1699 5426 eum
1712 5371 1770 5426 haec
1826 5403 1829 5407 f

130 5467 237 5521 tamin
259 5464 649 5536 Dominodiabolusretugit3
667 5471 696 5519 et
709 5465 929 5519 infelicissimum
972 5461 1225 5534 miratutprmdixil
1238 5468 1344 5533 ageret,
1360 5478 1422 5516 cum
1438 5459 1601 5515 contusione
1612 5460 1714 5513 anima
1724 5458 1771 5513 ad·

130 5557 234 5615 ludam
258 5555 444 5628 exspoliatum
468 5554 532 5619 side,
556 5554 672 5608 vinculis
693 5554 862 5628 captivitatis
886 5555 930 5608 in·
972 5552 1122 5608 hibendum
1139 5569 1308 5623 inagnopore
1319 5551 1426 5622 corpori
1438 5550 1613 5620 diligentiam
1622 5547 1771 5620 persuade·
