3832 6120
134 259 188 317 635
652 256 699 311 DE
716 256 811 321 Vl'lls
830 255 978 323 PATRUM
995 256 1102 321 LIBER
1120 254 1264 321 eamus
1718 241 1773 319 iffi

136 385 281 440 charitatis
296 389 325 439 ot
336 384 411 454 pacis
427 384 564 437 exornant
579 381 638 435 sine
658 380 784 443 evantio.
802 381 891 450 Igitur
906 381 933 434 in
943 382 1083 453 Anticims
1093 383 1242 444 confirmet
1256 380 1465 452 scripturarum
1475 371 1724 447 Deibiultiguteut
1736 369 1772 443 de

136 474 285 528 dilectione
295 473 403 527 sincere
413 470 512 529 tirellus
520 469 661 527 sufficiens
675 477 719 525 est
733 469 917 540 praesentibus
925 488 932 535 ;
975 472 1032 526 Deo
1048 472 1130 527 aliter
1144 471 1307 537 sentientur,
1323 468 1486 523 exciderunt
1497 462 1671 537 edilectione,
1683 458 1772 531 ipsius

137 568 166 616 et
179 559 488 633 quiinricemdiligunt,
502 558 551 623 ulii
560 558 830 627 regnivocabuntur.
840 558 931 617 Perie-
974 565 1003 623 et
1015 560 1206 638 proximorum
1215 574 1341 621 suorum.
1357 555 1411 627 Qui
1422 547 1771 623 autemhujusruodisultb

136 651 207 704 etius
230 649 347 704 inuicem
362 648 523 717 diligentes,
547 646 600 717 ipsi
615 652 682 701 sunt
698 647 746 717 qui
761 647 934 711 menducant
974 649 1204 721 nudiantBeruch
1213 647 1379 721 prophetam
1389 644 1537 719 dicentem:
1547 636 1775 719 pampineum

135 754 238 810 panem
251 737 282 792 in
296 753 382 808 regno
397 736 448 791 Dei
457 736 519 794 siue
529 736 640 795 macule
656 738 822 804 (Lucerini.
835 735 932 801 Persa·
973 738 1063 797 honor
1083 737 1197 811 pietatis
1211 736 1332 807 (decemb
1345 737 1383 811 u).
1398 732 1443 797 Sic
1463 731 1539 807 enirn
1560 727 1657 803 tideus
1676 722 1774 811 populi

135 827 173 882 cti
187 843 254 897 erge
268 826 356 892 eritis,
377 826 401 897 si
426 825 563 883 muudum
577 814 745 887 sacrificium
758 824 881 885 charites
903 825 933 889 in
973 826 1017 899 sni
1032 826 1209 903 dilectionem
1219 820 1684 901 irpternitatisesseinterrupisset,¹
1698 814 1776 891 tillet

136 915 252 971 odorem
265 914 411 970 suavitatis
433 914 492 971 zele
514 913 672 973 succendet.
698 913 837 973 Gaudebit
857 913 933 977 eninr
974 920 1089 977 cunctos
1103 915 1170 985 facit
1183 931 1230 975 eos
1240 913 1371 989 amicitie
1386 910 1438 971 uei
1447 908 1508 979 fieri
1521 906 1620 975 socios.
1633 902 1774 991 QllfflsstiP

136 1005 273 1059 Dominus
283 1005 364 1058 lesus
377 1003 407 1057 in
421 1001 509 1066 uobis,
526 1002 593 1073 quic
602 1001 708 1062 fecistis
726 1002 847 1063 fideliter
859 990 934 1081 quod
975 1004 1022 1075 qui
1035 1004 1157 1071 diligunt
1170 1004 1270 1069 Deum,
1285 1000 1440 1061 secundum
1453 997 1518 1062 boni
1534 995 1626 1069 operis
1640 992 1773 1069 gloriam,

135 1093 196 1165 ipsc
210 1092 361 1148 mundavit.
378 1093 451 1147 Nam
460 1091 553 1162 prima
564 1089 775 1161 legisinmonte
784 1091 935 1153 Sineordi·
974 1092 1092 1167 ilu'icfflc
1103 1092 1268 1168 inoperibus
1277 1090 1357 1163 bonis
1367 1086 1591 1165 irritemfcciuut
1600 1080 1776 1159 vitamistiut

138 1182 215 1236 natio
230 1182 288 1236 hmo
302 1181 337 1235 ad
351 1181 466 1252 Moysen
479 1180 545 1235 data
560 1185 619 1235 est:
634 1180 749 1249 Diliges,
764 1180 865 1251 iuquit,
881 1181 935 1242 Do·
975 1182 1083 1255 mundi,
1092 1182 1270 1254 profanantes
1276 1178 1412 1255 quidquid
1421 1173 1571 1237 exdicbolo
1581 1170 1777 1247 tssicogiiatltt·

138 1271 248 1324 minum
268 1270 357 1325 Deum
376 1274 457 1329 tuum
472 1286 505 1325 ex
524 1269 680 1337 totocorde
696 1274 755 1333 tuo,
777 1276 805 1330 et
824 1286 857 1323 ex
877 1274 935 1327 tote
977 1288 1043 1325 num
1059 1272 1197 1324 malarum
1211 1270 1242 1323 in
1257 1267 1388 1333 cordibus
1399 1266 1621 1331 Deiserrorum3
1640 1259 1776 1331 quonium

139 1359 235 1413 anime
245 1363 296 1413 tuo
311 1360 399 1427 (licut.
413 1372 453 1422 u1;
472 1359 534 1413 Luc.
549 1374 581 1423 x,
598 1359 680 1412 levit.
699 1360 763 1428 rix).
781 1358 911 1417 Secunda
926 1373 932 1412 :
977 1361 1094 1435 cupiunt
1107 1359 1341 1429 anachoretarum
1354 1354 1459 1427 perfrui
1471 1351 1565 1415 etesi
1582 1367 1684 1431 corpus
1698 1347 1776 1405 abdi·

138 1448 247 1517 Diliges
257 1447 415 1518 proximum
430 1453 520 1512 tuuni,
536 1446 608 1501 sicut
621 1446 753 1516 teipsum.
764 1446 935 1501 Vecetenim
977 1449 1137 1509 cantadlmc
1143 1449 1254 1510 interra
1261 1446 1415 1521 positin'em
1421 1438 1773 1513 coelestibusdelectentur,

138 1537 250 1592 dilectio
264 1537 325 1601 Dei,
342 1536 395 1590 nisi
403 1537 542 1606 jungatur
557 1540 585 1591 et
598 1535 850 1605 proximiPlenum
860 1535 936 1591 euim
976 1538 1046 1599 nihil
1055 1544 1200 1601 terrenum
1211 1527 1774 1609 prorsusexqutranc,utienseculcriuu

138 1632 310 1698 praeceptum
326 1626 461 1687 veritatis,
478 1629 511 1679 ut
524 1615 640 1681 maneat
653 1625 682 1678 in
698 1641 782 1681 sensu
793 1625 937 1685 individua
976 1626 1159 1687 tenebrarum
1177 1641 1275 1679 causas
1290 1623 1484 1689 conculcantes
1498 1636 1531 1676 ac
1551 1622 1773 1700 prosternentes.

138 1716 238 1785 regula
257 1715 411 1771 charitatis.
433 1713 511 1775 Tunc
527 1731 594 1783 ergo
613 1714 725 1769 dilectio
744 1713 828 1769 beuta
841 1714 896 1770 erit
907 1697 969 1793 inss
1012 1716 1117 1771 Verum
1134 1714 1199 1786 quie¹
1213 1712 1371 1776 celestibus
1384 1707 1545 1781 regionibus
1557 1705 1625 1777 apti,
1642 1721 1691 1771 VOS.
1705 1704 1776 1781 Seite

139 1804 232 1875 pleno,
248 1804 272 1857 si
288 1804 359 1857 colla
375 1802 540 1856 obedientie
556 1802 706 1874 posueritis
716 1803 870 1873 proposito.
977 1805 1087 1879 placere
1096 1802 1226 1873 convenit
1236 1800 1372 1866 Creatori,
1383 1798 1505 1870 uirgines
1513 1799 1607 1853 mente
1619 1799 1649 1863 et
1657 1808 1775 1879 corpore

175 1892 342 1947 Obedientia
374 1908 485 1962 quoque
510 1891 770 1962 incongregatione
793 1892 933 1953 landetur.
976 1898 1183 1967 permanentes,
1192 1891 1299 1963 fructus
1309 1889 1373 1955 tidei
1384 1893 1412 1943 ct
1426 1887 1523 1947 limera
1536 1883 1675 1949 sermonis
1690 1896 1777 1953 quam

139 1980 216 2035 Nihil
232 1980 310 2043 robis
327 1980 460 2051 proderit,
486 1979 573 2047 filioli,
591 1981 614 2033 si
630 1979 746 2048 diligitis
760 1980 889 2046 invicem,
907 1985 936 2035 ct
977 1984 1097 2051 maxime
1110 1985 1319 2049 conservantem
1331 1979 1409 2037 nefas
1423 1976 1548 2037 esteuim
1561 1980 1593 2032 ut
1606 1971 1778 2047 monachilis]

137 2084 195 2121 non
209 2067 293 2122 vultis
306 2069 426 2131 invicem
435 2068 558 2125 obedire.
571 2067 687 2123 Dilectio
703 2068 764 2123 sine
777 2068 938 2126 obedientia
977 2074 1041 2145 guis
1055 2071 1243 2144 reprehendat
1256 2070 1285 2135 in
1297 2068 1406 2141 modice
1419 2066 1462 2131 rel
1469 2066 1499 2120 in
1513 2063 1643 2142 meritust·
1654 2062 1780 2135 irrepre-

139 2156 222 2211 faciet
234 2157 425 2221 criminosum,
443 2157 651 2212 eteonscientia
660 2173 777 2227 aegrum.
791 2156 937 2225 Quomodo
979 2162 1128 2223 hensibiles
1143 2160 1218 2215 enim
1230 2175 1281 2227 nos
1296 2173 1358 2213 osse
1377 2159 1515 2231 oportere,¹
1530 2151 1683 2231 Apostolus
1697 2149 1780 2213 docet

139 2247 216 2300 enim
224 2262 342 2317 gromen
356 2246 505 2301 seminales
519 2246 639 2317 impedit
651 2245 766 2309 imctns,
784 2246 823 2303 sic
840 2246 938 2304 inobe-
980 2254 1087 2321 (liotore.
1104 2258 1151 2317 ru),
1163 2255 1192 2311 et
1202 2253 1335 2303 utsermo
1353 2239 1652 2313 nosteringratiaealc
1667 2252 1781 2311 semper

138 2335 940 2406 dienshomoirustrajejunat,etorationisnullumaccipit
979 2339 1160 2406 siteooditus,
1175 2336 1282 2399 ¹scilicet
1289 2334 1467 2393 condimento
1476 2347 1530 2402 quo
1541 2346 1591 2401 ¹uos
1600 2325 1781 2409 Etcnssell'sitt

139 2424 418 2494 tructumlgiturqui
428 2441 458 2477 in
468 2440 524 2478 uno
532 2440 592 2477 esse
603 2424 939 2494 concupiscnnaetuvere
980 2429 1112 2495 condivit,
1120 2427 1216 2495 diceris
1227 2426 1296 2481 :llos
1306 2423 1373 2482 estis
1382 2422 1423 2477 sel
1432 2427 1514 2483 terre
1526 2418 1632 2487 (liattlr.
1647 2420 1687 2485 v).
1699 2414 1781 2495 Quod

138 2518 233 2567 mente
243 2513 384 2566 communi
395 2512 603 2582 disposuerunt,
615 2512 643 2565 ni
651 2512 774 2567 consiliis
784 2512 938 2582 majoribus
980 2523 1044 2589 peto
1059 2523 1091 2572 ut
1104 2533 1161 2583 nnn
1175 2515 1205 2583 in
1225 2513 1303 2571 subis
1316 2515 1473 2575 evenerit,
1487 2525 1522 2565 ne
1536 2507 1616 2587 feriet
1635 2521 1701 2579 cum
1715 2519 1783 2581 erg·

139 2600 939 2671 servienttlnidquidexconsiliisprocesseritPatrum,hoc
979 2607 1082 2673 operit.
1111 2610 1189 2672 extra
1209 2601 1455 2673 congregationem
1486 2594 1677 2667 multitudiuis
1706 2592 1782 2667 som

138 2693 223 2749 iaciat
236 2694 303 2764 quia
316 2692 485 2765 perfectione
494 2693 585 2748 adhuc
598 2695 756 2765 proculest.
772 2694 935 2767 Quicunque
980 2696 1154 2769 projiciatur,
1171 2693 1273 2762 tinguis
1287 2690 1465 2763 inimicorum
1476 2685 1601 2763 quotidie
1610 2684 1780 2765 conculcen·

138 2783 227 2838 freter
239 2783 333 2838 oneris
342 2783 486 2855 quidpiam
496 2783 566 2837 collo
576 2800 627 2838 suo
641 2784 802 2854 portarent,
812 2801 864 2838 nec
873 2785 935 2856 qni·
975 2788 1054 2851 dum.

138 2871 205 2927 dem
213 2872 344 2931 sustinet,
358 2871 393 2925 de
404 2872 522 2926 humero
536 2889 588 2926 suo
600 2888 671 2926 onus
679 2878 797 2936 exstare,
813 2873 838 2927 si
850 2873 936 2929 abbas
1012 2877 1071 2939 Hoc
1083 2881 1178 2937 autern
1188 2872 1314 2935 obsecro,
1326 2868 1572 2935 lilioli‚secundum
1582 2864 1704 2930 sormam
1714 2879 1778 2945 quite

140 2977 262 3032 praesens
275 2959 369 3025 tuerit,
386 2961 529 3031 reperiens
542 2977 644 3032 equum
655 2960 788 3017 scativam
800 2962 858 3016 sive
870 2979 936 3033 ger·
976 2965 1046 3029 milri
1061 2965 1127 3025 date
1138 2968 1181 3027 est
1190 2963 1224 3029 tin
1233 2976 1318 3017 manu
1328 2957 1430 3031 angeli,
1441 2955 1675 3029 regeretinerent
1685 2952 1779 3029 dcim-

138 3049 295 3103 minentem
304 3050 354 3116 ti),
363 3054 464 3120 preter
473 3048 582 3103 abbatis
592 3049 740 3104 consilium
749 3050 1105 3117 diverteritedchentium
1119 3052 1291 3123 iniquorum,
1306 3049 1353 3129 qui
1367 3046 1492 3103 mordaci
1505 3045 1600 3113 deute,
1611 3042 1700 3121 etiem
1715 3041 1778 3121 sine

137 3136 572 3204 bibendum,autelteriusiretris
578 3154 672 3192 secum
679 3138 936 3203 comtendentium
976 3160 1070 3208 cause,
1087 3142 1214 3205 Ecclesiae
1221 3138 1325 3205 Christi
1339 3137 1477 3207 insultare
1486 3134 1629 3209 festinant.

137 3225 270 3297 junioris,
281 3226 531 3298 peccetumlecisti,
540 3227 588 3298 qui
600 3232 703 3299 praeter
712 3227 936 3284 benedictionem
1012 3233 1213 3298 Dissensiones,
1231 3246 1301 3301 ques
1318 3226 1426 3293 habetis
1440 3225 1579 3295 inierim,
1594 3221 1724 3293 Pffljicltt
1738 3218 1776 3299 ill)

139 3331 243 3387 aquom
257 3315 454 3387 potastieuod
462 3316 486 3370 si
496 3316 643 3371 calorsolis
652 3317 829 3382 exarserunt
844 3319 937 3374 volue-
978 3322 1105 3387 invicem,
1120 3320 1240 3380 scientes
1253 3317 1406 3379 Dominum
1426 3320 1554 3375 uestrum
1569 3328 1627 3373 non
1641 3327 1704 3377 2⁸8⁰
1717 3309 1777 3385 dit·

139 3403 179 3459 ris
190 3404 296 3467 bibere,
312 3410 341 3459 et
360 3404 446 3458 abbas
461 3405 497 3460 ed
511 3409 538 3458 te
551 3411 643 3471 ²8!
660 3407 830 3462 domandum
845 3408 938 3479 prohi·
978 3411 1125 3474 sensionis,
1142 3408 1190 3463 sed
1204 3407 1281 3479 pacis
1297 3408 1321 3474 (l
1333 3407 1394 3460 Cor.
1406 3405 1471 3468 xrvl·
1488 3402 1517 3456 Si
1532 3400 1686 3471 infigitur
1699 3415 1778 3476 scupp-

138 3492 245 3561 bucrit;
254 3493 278 3547 si
289 3494 331 3548 vel
344 3498 437 3548 mente
443 3495 937 3566 murmuraveris,deliquisti‚Deinde
978 3501 1051 3561 dala,
1068 3499 1181 3563 inimico
1189 3500 1367 3567 suggerente,
1383 3490 1562 3548 freterhabet
1576 3488 1778 3550 uds'etsusirc-

140 3583 164 3637 si
179 3583 208 3639 in
218 3583 264 3637 via
277 3582 427 3636 calcaveris
441 3583 561 3654 spinam,
572 3599 628 3637 non
639 3589 682 3638 est
691 3585 938 3650 educende‚donec
977 3597 1060 3651 trem,
1076 3593 1191 3660 propter
1204 3584 1403 3644 obedientium,
1418 3581 1473 3638 tide
1487 3578 1777 3644 exsurrecturum

141 3670 227 3725 obbas
237 3671 410 3742 preceperit.
979 3677 1112 3749 quonium
1127 3693 1178 3747 ego
1193 3692 1250 3730 non
1264 3691 1296 3729 ex
1311 3689 1357 3728 me
1370 3672 1478 3742 loquor,
1492 3669 1541 3727 sed
1551 3685 1585 3727 ex
1599 3668 1668 3731 em.
1685 3667 1735 3738 qui
1748 3666 1778 3732 in

84 3818 90 3835 ι
176 3759 277 3815 Procul
291 3758 456 3813 abinvicem
470 3765 615 3814 contextos
629 3760 699 3816 uites
713 3763 841 3823 sternite.
978 3782 1064 3822 manu
1074 3766 1166 3821 nuntii
1181 3765 1224 3819 sui
1235 3763 1330 3818 docuit
1345 3777 1399 3816 mc·

176 3846 248 3901 (lum
254 3846 490 3902 addormiendum
497 3850 820 3916 seceditis,interstitium
827 3853 937 3908 cubitus
1013 3857 1048 3910 Et
1062 3857 1086 3910 si
1100 3853 1288 3909 obedientiam
1306 3851 1420 3922 praeleto
1430 3846 1616 3919 praebueritis,
1632 3845 1778 3918 hospitali·

140 3933 380 4002 nmmmrunioe
391 3951 437 4001 ne,
449 3936 517 3991 dum
530 3939 566 3991 ad
576 3938 697 3994 invicem
706 3941 865 4012 proximant
874 3959 937 3997 cor·
976 3951 1065 4000 tatem
1080 3944 1281 4017 peregrinanti,
1294 3958 1326 3996 ex
1341 3944 1479 4012 praeeepta
1493 3937 1605 3994 Domini
1620 3937 1723 3996 fecitis.

141 4025 392 4096 communiamur
403 4025 527 4081 libidinis
539 4027 688 4083 incentive.
1013 4035 1042 4090 si
1058 4035 1118 4088 lieri
1134 4040 1234 4105 potest,
1252 4032 1328 4087 nullo
1339 4035 1419 4101 pacto
1432 4027 1512 4083 miles
1527 4027 1577 4082 Dei
1588 4026 1674 4083 debet
1682 4026 1775 4093 irasci,

174 4112 412 4184 Porronegotium
421 4115 520 4179 uectis,
530 4118 786 4189 propterlucisugos
795 4120 936 4175 daemones
977 4141 1033 4178 non
1048 4125 1139 4179 solum
1153 4122 1297 4186 adsocies,
1313 4135 1409 4173 rerum
1426 4118 1510 4172 etiam
1528 4116 1563 4171 ad
1579 4120 1739 4173 extrancos.

138 4209 167 4257 et
179 4203 346 4274 noctipetas,
358 4203 387 4257 in
397 4203 517 4274 spirituli
530 4222 614 4276 opere
624 4214 784 4278 peragetur.
803 4209 936 4281 Experre·
1012 4214 1045 4268 ln
1056 4228 1221 4283 quocunque
1232 4209 1353 4280 negotio,
1367 4208 1461 4262 nullus
1472 4204 1651 4273 secularium
1664 4220 1777 4259 serrum

136 4291 293 4348 ctisuutcm
307 4292 870 4367 nulludesecularibuscuusaingerendo,
884 4299 936 4354 do·
976 4302 1026 4357 Dei
1033 4301 1275 4370 arideotjudicere,
1289 4298 1475 4368 quiainterse
1485 4302 1514 4349 et
1524 4294 1603 4351 illum
1612 4293 1776 4353 dictatum

136 4383 430 4454 necudgallicuutum‚
446 4383 933 4443 frotcmarumomtionumcommu·
943 4382 1776 4469 Dpatierisconjugatumjudieiotecumcontendere;melins

134 4470 179 4525 nis
194 4471 409 4529 horesuccedat.
426 4476 550 4530 Alterius
559 4477 736 4532 rociscontus
746 4479 866 4533 alterurn
877 4497 933 4535 non
977 4485 1020 4534 est
1043 4480 1118 4533 enim
1134 4477 1270 4533 monacho
1282 4476 1419 4531 ‘fraudem
1435 4480 1463 4529 et
1483 4473 1602 4543 injurias
1620 4473 1775 4539 stmtinere,

136 4561 238 4616 excitet
250 4562 285 4616 ad
301 4563 458 4631 orandum
473 4565 522 4619 sed
537 4582 601 4619 cum
610 4582 692 4620 suum
705 4574 803 4637 pectus
813 4570 933 4625 tundere
977 4586 1059 4641 quam
1075 4575 1107 4622 ut
1120 4568 1252 4622 audiatur
1267 4583 1316 4620 vor
1330 4565 1427 4625 militis
1443 4562 1547 4617 Christi
1560 4562 1591 4617 in
1603 4562 1739 4620 clamore.

136 4651 259 4720 coeperit,
280 4652 328 4724 qui
349 4653 471 4724 primum
491 4661 669 4724 experrectus
692 4663 745 4717 est,
768 4665 934 4727 provocetur
1011 4658 1163 4712 Nondccct
1175 4652 1569 4723 nionacliumcausupecuniae
1581 4652 1777 4722 esseuegotit-

136 4738 221 4793 etiem
236 4740 457 4814 illequidormit,
473 4761 632 4813 exsurgere.
645 4746 933 4816 Saepeenimilatonos
975 4753 1074 4812 torem,
1096 4747 1145 4801 sed
1166 4746 1321 4799 celestium
1339 4744 1477 4798 bonorum
1491 4743 1569 4797 lucre
1588 4747 1774 4799 mercantem.

134 4830 366 4885 somnoanimam
379 4834 934 4904 captemnoeturnisinvolvittcnebrisut
976 4837 1112 4896 praedicet
1126 4835 1240 4890 verbum
1255 4834 1363 4896 solutis,
1374 4833 1484 4887 animas
1494 4832 1593 4887 inritet
1603 4832 1640 4886 ad
1662 4832 1775 4889 eoelum.

136 4913 172 4967 ab
178 4917 312 4973 orationis
322 4922 477 4990 patrocinio
485 4929 614 4995 separate
625 4923 671 4988 sit,
682 4931 816 4994 operante
822 4925 933 4982 diabolo
974 4926 1009 4979 ad
1033 4925 1153 4979 nihilum
1175 4923 1296 4977 deducat
1321 4923 1416 4976 saeculi
1430 4921 1611 4976 desiderium.
1627 4922 1687 4976 Dor
1698 4921 1776 4977 enim

135 5003 211 5058 socio
223 5006 416 5063 tenebrarum.
438 5011 504 5065 Ideo
522 5012 583 5066 dieo
597 5012 685 5077 nobie,
703 5013 790 5079 filioli,
808 5016 932 5086 vigilate.
975 5014 1166 5069 Christianum
1182 5013 1299 5075 exsulta,
1316 5011 1436 5065 maxime
1454 5010 1527 5071 serui
1541 5010 1602 5075 Dei,
1617 5016 1777 5082 tyranuum

135 5091 202 5162 quia
233 5096 347 5150 nescitis
376 5115 433 5168 qua
463 5100 534 5155 hore
566 5101 612 5156 im·
644 5103 738 5157 veniet
770 5104 933 5160 animarum
974 5101 1714 5166 traudatoremanimarum‚divinaeuirtutisoratione
1728 5119 1775 5157 et-

135 5182 244 5249 (Malli.
261 5184 348 5251 xxm).
974 5197 1090 5263 pugnat.

169 5270 287 5326 Studete
299 5272 387 5343 igitur
406 5278 579 5347 complacere
597 5280 665 5347 Deo,
691 5283 931 5338 conversationem
1007 5283 1087 5346 Quod
1094 5282 1116 5336 si
1127 5286 1249 5336 terrores
1256 5281 1365 5352 aliquos
1373 5281 1530 5348 intulerint,
1546 5286 1644 5337 curret
1652 5282 1778 5339 adauxi·

131 5358 543 5437 babentesspiritalemDivina
551 5369 684 5424 mandata
692 5370 721 5424 in
730 5371 930 5427 dilectioneDei
971 5373 1039 5427 lium
1051 5372 1150 5433 crucis,
1163 5372 1258 5426 stetim
1268 5371 1314 5426 ille
1322 5372 1443 5425 recedet:
1455 5371 1579 5425 remutie
1588 5373 1652 5442 ejus
1669 5371 1777 5427 crebris

132 5466 196 5504 cum
206 5450 354 5521 supientia.
366 5451 437 5523 legis
445 5461 584 5527 precepta
593 5458 623 5511 in
639 5458 742 5513 tubulis
754 5461 931 5517 cordiumve·
971 5461 1143 5515 orationihus
1159 5469 1188 5515 et
1199 5461 1315 5530 jeiuniis
1324 5461 1668 5540 devinciturlilioliguid
1677 5463 1716 5517 ed
1727 5479 1776 5521 re·

131 5544 254 5595 arerem
262 5539 384 5601 sintmec
394 5543 508 5613 quidem
519 5546 854 5621 empliussapiatisquam
865 5551 930 5607 sim·
971 5555 1059 5606 stram
1074 5550 1196 5623 pertinet
1220 5567 1326 5613 curam,
1347 5551 1371 5606 si
1385 5551 1518 5610 adversos
1541 5568 1590 5607 ros
1603 5553 1776 5617 conveniunt
