3832 6120
145 242 200 302 na
657 237 704 291 ua
722 237 816 294 viris
835 224 984 295 rirnun‘
1002 236 1110 293 niara
1127 236 1272 295 Pniiius.
1733 247 1788 305 ito

148 365 214 434 ἢνιά
236 372 320 448 arpen
342 367 449 436 νήματα,
465 363 505 415 καὶ
524 360 537 415 ὁ
557 362 667 486 μνασθεὶς·
680 359 713 424 εἰς
732 358 820 445 ἐσθῆτα
841 362 942 436 γρνσός.
952 362 1105 446 Asten,·3l
1121 362 1270 446 ianuarii:
1299 363 1420 419 «hinnit
1442 370 1529 438 caput
1549 368 1785 439 arperhumarali,

149 456 162 489 i
179 437 214 491 Et
228 437 318 491 Elison
337 435 448 500 melote,
466 450 526 504 quae
541 451 558 504 p
571 450 603 487 us
617 449 719 487 virium
734 432 842 499 habuit,
860 451 946 506 quam
987 451 1083 507 quavis
1097 436 1178 505 galea
1187 442 1286 498 tutius,
1298 435 1397 491 baculo
1411 441 1509 492 autem
1524 439 1617 493 munit
1630 440 1785 510 dexteram,

147 509 196 562 llla
209 508 306 570 serica,
324 513 353 560 ct
376 522 476 562 aurum
491 504 613 559 restibus
625 520 684 628 φοι
697 503 754 558 vim
777 510 913 559 assutum.
933 525 943 556 ι
987 507 1085 561 lancea
1098 507 1180 577 longe
1191 507 1318 571 validius,
1334 513 1363 561 et
1371 508 1424 562 hae
1437 508 1546 563 ratione
1558 512 1703 567 conlidens
1714 513 1784 581 fore,

645 575 839 646 ,adpopulum
849 576 946 630 Antio·
986 584 1019 632 ut
1028 576 1471 644 hostibusvidcreturterribilior,
1477 581 1639 705 puainolim
1648 584 1787 652 tutaiunt)

147 579 270 633 loannes
282 578 505 648 Chrysostonius,
519 575 614 629 homil.

147 650 277 716 clieiium,
293 648 340 702 ubi
357 649 398 701 ait
416 664 511 717 regem
532 646 645 700 divitem
664 646 946 718 Eliapaupereindi·
986 649 1063 702 clava
1091 649 1264 704 Hercules.»
1289 649 1399 705 Similia
1420 666 1475 722 apii

146 720 243 792 guisse
259 739 264 773 :
283 720 359 773 Οὗτοι
374 719 535 788 λαμπροτέρα
546 724 589 784 τῆς
601 718 749 787 πορφυρίδος
759 718 774 785 lp
786 718 888 788 μηλωτίγ
904 709 943 785 ἦν,
986 719 1087 773 Annal,

147 792 188 844 καὶ
214 797 263 843 τῶν
293 790 424 859 βασιλικῶν
454 786 535 841 αὐλῶν
563 786 591 840 τὸ
620 789 740 855 σπήλαιον
769 795 812 840 τοῦ
840 789 943 840 δικαίου.
1021 788 1076 858 (61)
1094 791 1182 858 (inam
1206 807 1303 860 repam
1319 807 1483 860 purpuram
1502 811 1566 850 cuin
1587 799 1789 869 repnissnir⁶.]

150 861 256 916 «Adeo
266 860 437 930 splendidior
450 858 548 913 trabea
561 863 622 912 erat
636 859 747 925 melote,
764 864 793 912 et
805 874 835 912 re
874 857 947 913 libus
988 857 1033 914 Ita
1049 861 1242 933 manuscripti,
1266 868 1294 916 et
1318 862 1455 919 editiones
1479 867 1655 922 vetustiores.
1681 869 1790 924 Recen-

149 932 220 986 aulis
231 931 301 1003 justi
317 932 458 1055 spelunca.
471 950 481 980 i
495 931 536 984 lta
551 929 725 984 Theodosius
741 929 835 1000 Senup
857 929 877 984 ii
890 946 947 983 mo·
987 927 1074 986 tiores
1083 931 1264 1001 substituere,
1275 949 1340 989 cani
1350 938 1438 1005 panis
1451 941 1519 1005 siris,
1535 939 1627 994 nescio
1641 956 1678 994 an
1692 946 1789 997 ancto-

149 1003 232 1057 nachi
246 1019 331 1074 super
351 1002 476 1057 amerale
491 1007 519 1055 et
534 1000 672 1065 baculum,
688 999 775 1071 galeae
788 1001 948 1072 lanceaque
989 1002 1067 1059 ribus
1083 1002 1171 1058 libris.

149 1088 206 1129 suaa
219 1074 352 1146 praetulit.
364 1076 434 1127 Acta
450 1072 514 1144 Cyri
528 1078 556 1126 et
570 1071 775 1144 loannis,apud
785 1072 948 1144 Motaphra-

1515 652 1639 724 Glycam,
1661 661 1742 725 parte
1761 671 1789 711 ιν

156 1251 1790 1279 m

144 1283 1784 1300 mm—

398 1431 461 1537 ΙΝ
497 1428 688 1535 VITAM
723 1427 898 1537 BEATI
934 1426 1181 1536 ANTONII
1221 1430 1548 1536 PRAELUDIA.

152 1742 372 1798 ILLUSTRlUM
390 1742 553 1797 VIRORUM
576 1743 623 1799 DE
650 1743 767 1801 BEATO
787 1742 983 1805 ANTONIOB
1026 1742 1115 1797 «vna
1127 1741 1244 1797 Antonii
1261 1739 1472 1812 conscriptaest
1485 1757 1616 1812 amagno
1628 1742 1794 1807 Athanasio,

482 1831 625 1886 ELOGIA.
994 1830 1123 1903 episcopo
1133 1831 1333 1886 Alexandrino.
1350 1849 1364 1884 ο

186 1921 381 1987 Hieronymus,
399 1921 431 1973 de
447 1922 551 1974 illustr.
568 1922 639 1976 Eccl.
663 1919 776 1989 Script,
794 1936 853 1989 cap.
871 1917 915 1978 88.
1029 1921 1176 1991 Grepori'us
1186 1922 1393 1987 Nazianzenus,
1404 1923 1528 1975 oratione
1538 1935 1593 1986 xxi,
1604 1923 1635 1976 in
1647 1917 1771 1976 ίουείιλιι.

188 2009 329 2063 Antonius
339 2008 502 2074 monachus,
515 2010 595 2079 cujus
605 2009 691 2064 vitam
705 2008 876 2065 Athanasius
891 2009 954 2064 Ale·
1259 2012 1349 2064 sancti
1367 2010 1527 2064 Athanasii.

152 2096 954 2171 nandrinaeurbisepisoopusinsignivolumineprosecutus
1030 2097 1121 2153 Πάντα
1143 2099 1186 2168 μέν
1206 2117 1245 2152 τοι
1264 2097 1295 2152 τὰ
1315 2095 1405 2152 ἐκείνου
1427 2104 1479 2169 (τοῦ
1496 2097 1653 2167 Ἀθανασίοοί
1674 2099 1752 2170 λέγειν
1771 2118 1797 2152 τε

154 2192 205 2253 est,
221 2187 299 2241 misit
311 2186 475 2258 AEgyptiace
488 2186 522 2241 nd
533 2187 643 2241 diversa
657 2187 829 2242 monasteria
837 2189 955 2258 Aposto-
994 2187 1035 2240 καί
1058 2187 1199 2257 θαυμάζειν,
1227 2186 1377 2259 μακρότερον
1403 2184 1432 2239 liv
1457 2185 1494 2254 είιγ
1517 2185 1604 2260 τυχὸν,
1628 2188 1643 2255 ἢ
1666 2186 1728 2240 κατὰ
1754 2187 1797 2255 τὴν

152 2276 199 2332 1ίοί
217 2293 314 2331 sensus
334 2276 527 2347 sermonisque
548 2276 680 2347 epistolas
699 2281 816 2349 septem,
839 2292 901 2347 quie
924 2275 954 2330 in
996 2280 1121 2346 nepotari
1146 2275 1224 2347 ὁρμὴν
1252 2280 1296 2330 τοῦ
1318 2274 1395 2347 λόγον
1423 2296 1429 2308 ·
1452 2277 1493 2329 καὶ
1516 2277 1625 2347 ἱστορίας
1649 2275 1730 2348 ἔργον,
1755 2273 1799 2330 οὖα

154 2365 280 2422 Graecnm
295 2364 420 2433 linguam
434 2365 578 2419 translata
592 2370 667 2431 sunt,
682 2382 802 2437 quarum
815 2365 956 2437 praecipua
996 2359 1114 2435 εὐφημίας
1130 2385 1135 2396 ·
1154 2365 1221 2417 ἃκαὶ
1238 2361 1287 2434 iola
1302 2366 1455 2435 παραδοῦναι
1469 2369 1552 2437 γραφῇ
1573 2364 1697 2435 παίδευμά
1714 2385 1740 2418 τε
1758 2367 1799 2418 καὶ

155 2461 199 2510 est
214 2455 250 2508 ail
265 2453 441 2511 Arsenoitas.
460 2454 569 2508 Floruit
583 2454 634 2508 sub
649 2454 834 2510 Constantino
848 2458 877 2508 et
891 2453 955 2508 liliis
996 2453 1095 2524 ἥδυσμα
1117 2462 1168 2515 τοῖς
1190 2450 1223 2514 εἰς
1250 2452 1361 2524 ὕστερον,
1383 2449 1457 2526 εὐχῆς
1488 2455 1559 2525 ἔργον
1581 2451 1645 2524 ἐμοὶ,
1668 2455 1753 2524 ὥσπερ
1773 2453 1800 2506 ὃν

155 2545 217 2617 ejus
226 2543 419 2615 regnantibus.
431 2542 507 2596 Vixit
519 2559 608 2597 annos
621 2549 735 2598 centum
747 2544 882 2614 quinque.
997 2536 1085 2602 ἐκεῖνος
1101 2538 1237 2594 Ἀντωνίου
1251 2545 1295 2594 τοῦ
1305 2541 1370 2594 θείου
1384 2541 1436 2611 βίον
1447 2541 1593 2612 συνέγραψε,
1609 2546 1654 2594 τοῦ
1667 2543 1803 2612 μοναδεαοδ

228 2635 311 2698 ίιίιιιι,
328 2636 360 2686 in
379 2633 512 2688 Chronico
527 2648 602 2685 annio
619 2630 649 2688 lo
664 2633 702 2700 (a)
717 2632 882 2686 Constantii.
997 2628 1050 2697 βίον
1064 2631 1207 2699 νομοθεσίαν
1223 2626 1247 2682 ἐν
1262 2629 1389 2700 πλάσματι
1404 2632 1552 2701 διηγήσεως.

190 2721 329 2777 Antonius
353 2720 508 2775 monachus
529 2720 682 2775 centesimo
703 2724 733 2775 et
748 2719 847 2792 quinto
866 2718 957 2774 atatis
1035 2717 1157 2788 «Atque
1169 2734 1282 2772 omnem
1305 2716 1418 2788 quidem
1438 2717 1515 2771 illius
1530 2717 1699 2789 (Athanasii)
1712 2718 1799 2774 vitain

101 2883 104 2887 ἠ
157 2827 231 2866 auno
245 2811 275 2864 in
290 2825 384 2864 eremo
398 2808 526 2875 moritur,
544 2812 597 2862 etc.
998 2821 1127 2862 sermone
1134 2807 1265 2879 prosequi
1271 2822 1304 2860 ac
1310 2805 1441 2860 laudibus
1455 2806 1554 2860 ellerre
1562 2806 1672 2877 longius
1680 2807 1799 2862 sortasse

193 2901 315 2957 Gelonus
329 2900 392 2953 dist.
404 2898 449 2965 15,
463 2914 521 2967 cap.
536 2898 638 2953 Sancta
650 2897 777 2952 Romana
786 2896 919 2953 Ecclesia.
997 2894 1181 2966 fuerit,quam
1193 2895 1328 2950 orationis
1342 2894 1504 2950 institutum
1514 2895 1600 2964 serat3
1613 2901 1699 2967 atque
1713 2896 1799 2952 histo-

193 2988 273 3044 Vitas
278 2989 404 3055 Petrum,
414 2985 787 3054 Pauli,Antonii,llilarionis
795 2991 824 3042 et
830 2986 957 3041 omnium
998 2988 1047 3045 riae
1056 3005 1127 3062 opus
1137 2985 1230 3049 fuerit,
1241 3001 1297 3039 nou
1311 2982 1446 3040 encomii:
1459 3001 1544 3057 quam
1555 2984 1651 3053 etiam,
1663 2989 1695 3041 ut
1709 2992 1800 3058 posta·

159 3078 351 3144 eremitarum,
368 3094 439 3147 quas
453 3083 549 3132 tamen
562 3076 604 3131 vir
618 3076 716 3131 beatus
730 3075 843 3148 scripsit
857 3075 957 3132 Hiero·
969 3063 1039 3137 Gris
1057 3080 1225 3134 documento
1240 3079 1325 3146 atque
1340 3073 1520 3130 oblectationi
1533 3074 1668 3141 suturam,
1684 3075 1799 3146 proprio

159 3185 272 3243 nymus,
287 3166 443 3223 cumomni
459 3167 565 3221 honore
583 3165 760 3238 suscipimus.
999 3162 1800 3242 scriptomaudarecumprimisoptarem3quemadmodum

159 3259 309 3324 Honorias,
325 3257 357 3310 de
371 3259 476 3310 illustr.
493 3257 564 3311 licet.
581 3253 686 3324 Script.
705 3271 728 3310 c.
740 3250 786 3321 88,
798 3255 917 3324 carptim
927 3269 959 3308 cn
998 3259 1060 3335 ipse
1074 3256 1131 3313 diii
1144 3253 1259 3311 Antonii
1273 3252 1368 3308 Vitam
1382 3252 1558 3325 conscripsit,
1574 3269 1639 3308 cum
1660 3253 1724 3309 vitae
1738 3268 1800 3307 mo-

435 3337 497 3390 (ίῑίθ
507 3337 684 3403 Hieronymo.
1000 3348 1114 3406 uastica
1127 3345 1203 3417 leges
1217 3342 1268 3399 sub
1282 3341 1453 3398 narrationis
1465 3342 1557 3414 specie
1569 3342 1772 3414 promulgaret.
1786 3361 1799 3394 i

162 3516 169 3528 .
197 3425 409 3527 ”Amnius
423 3426 585 3490 mmm
598 3424 678 3494 cnjus
689 3423 777 3524 ΨΜ
788 3421 961 3522 wamiis
1001 3457 1136 3528 Ephraim,
1148 3467 1230 3508 sarni.
1247 3454 1327 3506 ascet.
1337 3451 1369 3505 in
1376 3449 1597 3509 iltniirhttende
1605 3447 1657 3504 tibi
1668 3449 1730 3521 ipsi,
1739 3464 1799 3519 cap.

161 3532 265 3587 insigm
279 3516 420 3569 volumine
435 3518 599 3585 prosecutus
621 3516 674 3579 cst,
690 3516 768 3566 misit
781 3515 890 3584 septem
905 3527 961 3584 epi·
1088 3539 1140 3611 ,03
1156 3544 1221 3608 sive,
1233 3555 1316 3594 mm·
1335 3537 1369 3594 ,0
1379 3540 1411 3592 de
1425 3539 1611 3593 moderatione
1625 3541 1710 3593 risu&

161 3604 248 3660 stolas
271 3603 307 3658 ad
329 3602 441 3657 diversa
455 3599 635 3667 monasteria,
656 3599 801 3671 apostolici
815 3614 914 3656 sensus
933 3603 962 3656 et
1038 3648 1203 3722 cujusmodi
1215 3651 1328 3703 sanctus
1335 3645 1476 3701 Antonius
1491 3645 1608 3713 exstitit,
1621 3645 1804 3717 quemadmo,

163 3691 310 3750 sermonis.
1374 3734 1380 3746 .
1501 3735 1506 3747 .
1547 3735 1553 3747 .
1750 3735 1756 3747 .
1781 3733 1787 3745 .

1002 3743 1071 3798 dum
1081 3746 1111 3795 ct
1120 3745 1233 3794 sanctus
1246 3737 1417 3791 Athanasius
1431 3735 1658 3807 archiepiscopus
1671 3741 1803 3791 meminit

352 3779 530 3843 Trnhemim'
543 3780 575 3832 de
588 3778 689 3848 θηρί’
706 3778 778 3834 Μ’
1003 3830 1032 3887 ἰιι
1046 3831 1113 3884 Vita
1127 3827 1256 3900 quamde
1276 3842 1309 3879 eo
1329 3824 1503 3897 conscripsit.

198 3868 338 3926 Antonius
353 3867 506 3923 monachus
522 3872 550 3923 et
564 3866 660 3935 abbas,
677 3866 790 3922 natione
804 3866 960 3939 AEgyptius,

132 3960 137 3968 '
163 3957 565 4028 virsanctissimus,eremique
572 3957 664 4012 cultor
671 3955 797 4028 insignis,
805 3957 885 4026 cujus
896 3972 964 4028 prae
1038 3938 1191 4001 Palladias,
1208 3935 1309 3989 Hl'tlffl'·
1325 3933 1450 3986 Laudat·
1463 3947 1522 4001 ΜΡ·
1538 3928 1555 3988 8
1575 3935 1607 3986 in
1620 3932 1764 3987 ‘immm-

164 4048 247 4106 conia
260 4046 377 4102 laudum
393 4044 539 4100 universus
552 4049 686 4117 personat
698 4045 784 4113 orbis,
794 4045 890 4100 multis
901 4045 964 4100 reli·
1041 4038 1099 4092 Hoc
1115 4038 1210 4089 autem
1230 4030 1398 4085 miraculum
1419 4030 1569 4101 (quomodo
1587 4031 1709 4085 Ammon
1728 4030 1806 4085 ultra

164 4132 963 4209 giosaacbeataeiitaenormampraebuit;quietsilitteras
1004 4128 1110 4200 Lycum
1134 4122 1250 4178 tluvium
1272 4118 1405 4175 divinitus
1427 4118 1580 4176 translatas
1606 4119 1650 4189 siti
1677 4118 1806 4175 narravit

164 4242 222 4283 uon
231 4223 367 4287 didicerit,
376 4221 406 4276 iii
416 4222 517 4277 divinis
527 4227 623 4278 tamen
633 4223 785 4296 Scripturis
794 4222 864 4277 adeo
874 4222 965 4277 erudi·
1005 4217 1104 4272 beatus
1118 4211 1299 4277 Athanasius,
1315 4207 1490 4264 Alexandria
1506 4209 1662 4281 episcopus,
1675 4206 1805 4264 scribens

164 4320 211 4371 tus
217 4314 280 4379 fuit,
288 4317 320 4368 ut
328 4312 422 4368 nullus
434 4312 580 4367 doctorum
588 4329 618 4368 se
632 4312 658 4369 ei
671 4312 802 4384 praeferre
812 4314 965 4384 praesume·
1006 4307 1035 4362 in
1049 4306 1115 4360 Vita
1126 4301 1250 4358 Antonii.

165 4410 219 4462 ret.
237 4403 366 4459 Habebat
387 4402 551 4456 memoriam
571 4418 622 4475 pro
642 4400 730 4469 libris,
747 4401 921 4457 intellectum
936 4397 1107 4462 etDAnctoi·
1125 4403 1187 4456 Vita·
1210 4401 1300 4454 sancti
1324 4397 1475 4463 Pachomii,
1500 4398 1649 4466 interprete
1672 4397 1805 4467 Dionysio

165 4511 281 4551 sensum
296 4509 347 4566 pro
368 4489 478 4555 litteris,
499 4490 621 4559 gratiam
637 4507 687 4561 pro
711 4491 804 4545 studio
826 4489 963 4546 lectionis.
1040 4495 1156 4561 Brinno,
1172 4505 1230 4559 cap.
1245 4489 1269 4542 l.

165 4583 288 4640 Dictavit
305 4580 470 4653 AEgyptiaco
496 4594 625 4633 sermone
645 4578 681 4632 ad
706 4578 815 4634 diversa
829 4578 964 4643 coenobia,
1041 4573 1807 4649 fiscuilAntouio)sanctusAtlianasiusAlexaudrinae

167 4670 312 4745 apostolici
322 4685 420 4724 sensus
430 4672 515 4739 atque
525 4667 663 4722 sermonis
672 4667 762 4723 varias
772 4668 963 4740 Epistolaslb).
1007 4671 1126 4728 civitatis
1134 4666 1382 4740 antistes,proprio
1390 4666 1463 4738 stylo
1472 4665 1665 4720 testimonium
1675 4663 1805 4736 prabuit;

167 4761 300 4834 Equibus
313 4763 404 4813 exstat
416 4755 535 4827 insignis
549 4756 598 4811 illa
607 4756 651 4811 Ad
664 4756 827 4812 Arsenoitas
844 4757 925 4829 epist·
941 4754 963 4823 ί,
1007 4762 1109 4835 dignus
1117 4777 1185 4816 sane
1196 4754 1523 4813 relatorconversatiouis
1532 4753 1658 4821 Antonii,
1666 4753 1715 4826 qui
1724 4754 1808 4824 iuxta

167 4851 212 4907 Ad
226 4850 283 4905 alia
292 4845 418 4903 coenobia
427 4845 509 4918 epist.
520 4845 545 4901 6.
558 4846 626 4916 Ejus
637 4845 723 4901 vitam
732 4845 830 4900 beatus
839 4845 966 4900 Athana·
1007 4849 1240 4924 supplicationem
1254 4847 1382 4912 fratrum,
1398 4844 1492 4901 Vitam
1510 4844 1571 4916 ejus
1584 4859 1635 4916 pro
1651 4843 1809 4899 inultorum

167 4939 227 4995 aius
257 4935 403 5009 episcopus
434 4934 639 4990 Alexandrinus
675 4932 780 5005 insigni
806 4932 965 5001 volumine,
1008 4939 1207 4994 commoditate
1220 4935 1406 5009 perscriberet
1419 4939 1448 4991 et
1461 4933 1727 4990 amulandumeuni
1740 4932 1809 4988 viris

168 5028 266 5084 Gracc
280 5040 410 5081 sermone
425 5024 581 5096 descripsit.
596 5023 705 5081 claruit
718 5021 771 5079 sub
783 5023 967 5078 Constantino
1008 5027 1181 5102 spiritalibus
1193 5025 1346 5082 exhiberet.

168 5117 281 5188 Magno,
295 5119 323 5170 et
336 5114 402 5170 liliis
416 5115 477 5187 ejus
487 5114 680 5187 regnantibus,
693 5129 767 5170 anno
778 5111 892 5167 Domini
903 5113 966 5182 330,
1127 5115 1258 5183 Socrates,
1278 5115 1353 5173 Eccl.
1373 5113 1475 5168 ilistor.
1493 5114 1541 5167 lib.
1564 5127 1624 5182 cap.
1642 5109 1685 5168 ll.

169 5205 267 5262 multis
281 5221 430 5261 coruscans
444 5203 597 5260 miraculis.
1039 5206 1154 5271 “Onetor
1168 5196 1197 5272 ἦν
1213 5201 1252 5258 ἐπὶ
1266 5209 1315 5256 τῶν
1331 5198 1412 5255 αὐτῶν
1423 5199 1522 5273 γρόνων
1534 5201 1574 5254 καί
1589 5199 1603 5253 θ
1617 5197 1728 5272 μοναχός
1746 5197 1809 5255 Ἀν-

204 5295 253 5351 DE
274 5293 414 5351 SANOE'O
432 5293 640 5349 ATHANASIO
656 5293 699 5363 (ο),
714 5292 809 5348 VITAE
822 5292 933 5348 HUJUS
1009 5295 1089 5356 τονίος
1111 5289 1137 5346 ii
1159 5297 1189 5364 τῇ
1215 5288 1301 5362 ἐρήμῳ
1324 5295 1367 5356 τῆς
1394 5285 1531 5359 Αἰγύπτου,
1562 5289 1596 5349 ὡς
1621 5291 1733 5358 φανερῶς
1758 5295 1809 5348 τοῖς

464 5381 673 5440 SCRIPTORE.
983 5399 985 5404 ’
1010 5384 1124 5455 δαίμοσιν
1140 5376 1299 5434 ἄντεπάλαιεν
1314 5376 1460 5450 ἐφευρίσκων
1475 5396 1501 5430 τε
1521 5374 1593 5440 αὐτὸς
1606 5377 1650 5439 τὰς
1664 5381 1754 5450 τέχνας
1768 5377 1810 5430 καί

207 5475 309 5530 Menan
325 5472 524 5531 Gramruml‘l
538 5475 674 5529 ianuarii
686 5473 717 5528 in
732 5473 791 5528 l'itn
805 5472 932 5528 Antonii.
1010 5471 1066 5535 τοὺς
1087 5469 1185 5535 ἄθλους,
1206 5469 1246 5522 καί
1266 5466 1334 5531 ὅπως
1355 5464 1438 5520 πολλὰ
1457 5462 1533 5521 ἐποίει
1552 5465 1676 5539 τεράστια,
1696 5462 1810 5537 περιττὸν

211 5562 244 5620 Ὁ
259 5563 286 5618 δὲ
301 5565 353 5635 βίος
368 5559 442 5618 αὐτοῦ
455 5562 592 5634 συνεγροίφη
609 5560 656 5618 lat
669 5568 713 5618 τοῦ
732 5562 840 5635 μεγαλου
860 5559 970 5618 Ἀθανα-
1009 5563 1089 5634 λέγειν
1114 5562 1188 5631 ίγμῖις.
1205 5558 1319 5630 ”Epiros
1342 5555 1391 5629 γὰρ
1410 5553 1567 5622 Ἀθανασίος,
1587 5555 1601 5610 θ
1621 5553 1811 5628 Ἀλεξανδρείας

171 5657 225 5712 σίου
240 5653 373 5713 iniseriam
390 5654 586 5726 Ἀλεξανδρείας.
1012 5648 1153 5715 ἐπίσκοπος,
1170 5647 1316 5720 μονόθιόλον
1331 5643 1364 5710 είς
1374 5642 1417 5701 τὸν
1432 5643 1507 5701 αὑτοῦ
1522 5647 1574 5718 βίον
1587 5641 1721 5717 ίαθίμενος.
