3818 6120
127 257 183 317 329
642 248 727 304 vrri
746 244 875 302 seven
895 213 1066 302 erumnis
1086 218 1253 303 srnnrm
1373 317 1375 321 ‚
1714 246 1767 308 eso

128 381 226 436 dinem
238 379 309 451 justi
319 377 380 445 lob,
392 377 503 432 diceus:
519 373 685 430 lIanducate
700 371 774 444 quod
789 370 863 426 vobis
875 370 1076 437 lto-Aruinae
1083 372 1349 444 enimasirnpiorum
1357 374 1460 446 mergis
1466 373 1495 430 in
1506 373 1704 448 perditionem,
1717 377 1768 449 qui

129 470 227 525 minus
242 468 329 524 dedit.
971 462 1141 516 duosleones
1147 460 1343 530 humiliasti,et
1349 463 1630 521 lortiaChaldeeorum
1638 467 1768 521 incendia

167 559 233 614 Car.
252 559 326 613 VIII.
343 588 374 598 -
390 557 514 612 Audiens
529 559 623 609 autem
637 551 772 607 Basilicus
787 566 835 604 rex
850 548 931 603 Sara·
972 549 1108 620 mitigasti
1117 551 1203 605 servis
1218 551 1274 606 tuis
1285 553 1366 620 (don.
1380 555 1484 626 v1l,qui
1495 555 1584 610 Ellam
1596 555 1767 612 corvisdefe·

128 665 267 704 cenorum
284 646 305 716 ll
314 649 336 714 l)
348 648 450 701 lamam
462 646 532 716 ejus,
547 643 623 698 venit
632 643 666 696 ad
681 658 755 695 eum.
769 639 874 692 Vidcns
884 654 931 690 au·
972 638 1301 712 rentibuseseampavisti
1313 643 1431 712 (llllieq.
1442 645 1768 717 rvu).suscipeanimam

129 744 189 792 tem
203 739 281 791 illum
292 743 413 791 stantem
424 738 572 789 sursumet
582 737 719 796 orantem,
731 727 823 783 subito
833 726 933 780 cecidit
973 728 1032 797 ojus
1043 728 1071 782 in
1080 745 1157 800 pace,
1171 735 1199 784 et
1208 730 1311 785 colloca
1322 747 1383 785 eom
1394 732 1523 787 inlocum
1536 740 1647 805 patrum
1656 739 1768 790 sancto·

129 826 236 880 vermis
251 825 285 890 do
300 841 415 896 corpore
428 825 498 895 ejus.
507 825 545 877 At
558 822 604 876 ille
618 836 733 875 currens
748 815 933 888 apprehendit
973 831 1046 882 rum,
1058 818 1125 888 quia
1138 818 1188 872 tibi
1203 825 1246 874 est
1259 825 1383 891 potestas
1396 820 1424 875 in
1440 823 1541 877 saecula
1555 824 1731 879 saeculorum.

130 931 198 969 eum
215 914 244 969 in
257 915 322 980 tide,
334 918 362 967 et
371 913 465 984 posuit
474 928 559 983 super
568 911 662 965 oeulos
676 924 741 962 suos
761 905 825 974 (lt).
843 904 878 958 lit
891 903 932 956 vi·
1009 907 1074 961 Cir.
1089 908 1123 961 X.
1140 937 1171 948 -
1186 908 1253 962 Post
1266 909 1317 964 hos
1330 926 1395 964 vero
1410 909 1469 969 dies
1485 928 1597 966 rursum
1608 912 1769 969 feceruntei

131 1004 205 1057 dens
220 1003 342 1068 Simeon,
358 1002 413 1056 ait:
431 1001 524 1065 Quare
538 1000 590 1053 hoc
604 997 702 1063 fecisti,
714 996 757 1050 vir
766 991 891 1060 illustris
905 996 933 1047 et
973 995 1132 1051 columnam
1139 996 1288 1052 habentem
1300 997 1408 1053 cubitos
1424 999 1620 1072 quadraginta,
1631 1007 1660 1056 et
1679 1006 1770 1068 128

133 1109 180 1146 me
194 1091 337 1163 gravasti3
354 1090 457 1145 vermis
470 1096 512 1144 est
526 1089 600 1143 enim
615 1089 649 1142 de
672 1102 787 1157 corpore
801 1099 864 1137 meo
880 1098 932 1153 pu·
973 1085 1052 1139 stetit
1065 1103 1150 1158 super
1163 1087 1256 1158 ipsam
1269 1104 1356 1142 annos
1371 1088 1493 1143 sedecim
1507 1106 1596 1161 usque
1611 1090 1645 1145 ad
1661 1088 1770 1144 obitum

132 1181 221 1235 trido.
234 1181 269 1235 Et
282 1181 419 1244 rumhtec
439 1178 564 1233 audisset
578 1194 625 1231 rex
643 1174 788 1238 Basilicus,
806 1170 934 1243 aperiens
975 1190 1066 1228 suurn.
1076 1176 1107 1229 In
1114 1192 1169 1247 quo
1179 1180 1306 1247 tempore
1318 1177 1401 1232 draeo
1413 1178 1529 1249 grandis
1535 1178 1619 1233 nimis
1625 1176 1772 1233 habitabat

133 1285 254 1324 manum
269 1286 358 1333 suam,
375 1268 481 1323 invenit
495 1265 675 1336 margaritam
692 1260 932 1334 pretiosissimum.
972 1263 1053 1333 juxta
1068 1281 1132 1318 eum
1146 1263 1175 1318 in
1189 1265 1317 1337 partibus
1329 1267 1486 1339 Aquilonis,
1501 1268 1583 1322 'unde
1605 1284 1657 1322 nec
1684 1266 1772 1322 herba

133 1360 171 1414 Et
192 1359 263 1413 dixit
286 1358 319 1412 ad
341 1358 456 1412 beatum
477 1356 651 1411 Simeonem:
679 1354 741 1407 Non
765 1355 808 1405 est
831 1347 935 1402 vermis
976 1351 1080 1407 ibidem
1094 1353 1269 1422 nascebatur,
1286 1355 1331 1410 cui
1355 1356 1440 1410 etiam
1462 1356 1578 1411 intravit
1604 1356 1713 1428 lignum
1742 1356 1772 1411 in

133 1447 277 1520 putridus,
307 1447 354 1501 scd
379 1445 533 1516 margarita
560 1441 779 1514 pretiosissima3
811 1437 855 1492 cui
887 1437 934 1491 ille
976 1441 1055 1495 oculo
1070 1442 1194 1497 dextero.
1212 1442 1246 1497 Et
1259 1460 1321 1498 ecee
1336 1445 1458 1514 quadam
1471 1445 1517 1499 die
1539 1444 1669 1500 veniebat
1683 1460 1771 1501 caecus

134 1536 307 1608 respondit:
343 1535 443 1601 Homo,
470 1533 624 1587 secundum
652 1531 736 1584 sidem
765 1535 843 1583 tuam
869 1526 935 1580 dota
976 1529 1023 1583 ille
1037 1530 1130 1596 draco,
1143 1541 1172 1585 ct
1182 1532 1334 1586 trahensse
1344 1532 1479 1604 applicuit
1488 1533 1524 1588 ad
1535 1533 1728 1589 habitaculum
1742 1533 1772 1587 in

134 1631 179 1679 est
194 1625 255 1689 tibi,
267 1630 295 1677 et
308 1622 483 1677 benedicitur
492 1621 519 1674 in
529 1619 657 1675 manibus
670 1619 727 1673 tuis
740 1615 869 1672 omnibus
878 1614 935 1668 die·
976 1634 1031 1689 quo
1046 1618 1088 1672 vir
1102 1619 1152 1674 Dei
1167 1619 1338 1686 rnorebatur,
1353 1625 1430 1676 totus
1450 1622 1480 1677 ln
1493 1639 1594 1694 gyrum
1610 1639 1640 1677 se
1654 1621 1773 1693 compli-

134 1712 188 1767 bus
197 1712 262 1766 vitae
275 1718 339 1767 tuae.
361 1712 395 1766 Et
408 1711 448 1766 ita
462 1710 605 1782 Ingressus
621 1715 662 1764 est
677 1709 760 1762 homo
774 1706 822 1760 ille
836 1706 935 1776 plenus
944 1701 1050 1769 Boane,
1067 1708 1147 1778 quasi
1158 1708 1267 1763 veniam
1279 1727 1404 1782 poscens,
1414 1710 1616 1783 humidamque
1631 1711 1773 1782 capiteja·

135 1801 201 1856 tide.
975 1797 1064 1852 cebet.
1079 1797 1168 1862 Quem
1187 1798 1270 1854 beato
1290 1799 1420 1855 Simeone
1430 1800 1567 1867 intuente,
1584 1799 1679 1855 statim
1690 1799 1776 1854 exivit

171 1891 241 1945 Cer.
257 1890 305 1943 lx.
317 1920 350 1930 -
366 1890 432 1944 Post
446 1889 566 1943 multum
578 1904 643 1942 vero
659 1885 804 1958 temporis,
818 1882 935 1938 audiens
976 1886 1773 1959 deoculoejuslignumhabenscubitumunum.ilidentes

137 1985 230 2034 mater
241 1977 297 2045 (13)
313 1979 374 2048 ejus
388 1977 491 2032 famam
512 1977 546 2031 de
571 1993 613 2039 eo,
634 1975 710 2029 venit
732 1974 825 2028 videre
849 1987 934 2039 eum3
976 1980 1071 2030 autem
1082 1976 1425 2048 omnes,glorilicaverunt
1433 1978 1532 2043 Deum,
1543 1982 1639 2032 tamen
1647 1975 1777 2032 absolu·

136 2069 185 2124 sed
209 2066 351 2140 prohibita
374 2071 418 2120 est
439 2066 534 2120 videre
557 2081 631 2129 eum,
654 2062 720 2133 (1¹¹5st
739 2062 831 2117 locum
856 2061 936 2115 iilum
976 2071 1077 2136 gerunt
1087 2071 1202 2137 propter
1212 2071 1328 2121 metum.
1341 2065 1395 2121 Sed
1405 2065 1494 2121 bestia
1507 2065 1737 2137 ipseinvolvltse,
1747 2068 1777 2120 et

137 2158 242 2212 mulier
254 2172 312 2210 non
327 2154 536 2227 ingrediebatur
549 2153 609 2217 llll.
622 2153 693 2207 Cum
703 2157 797 2206 autem
813 2148 938 2204 audisset
978 2154 1082 2209 mansit
1088 2155 1179 2209 inuno
1186 2155 1247 2210 loco
1253 2153 1414 2218 immobilis,
1423 2153 1547 2225 quandiu
1554 2154 1645 2209 omnis
1656 2153 1776 2226 populus

137 2246 238 2301 beatus
253 2236 369 2301 Simeon
384 2261 477 2299 vocem
488 2242 585 2297 inatris
596 2258 662 2306 sure,
679 2239 779 2294 dixitei
794 2238 935 2305 :Sustine
978 2242 1171 2314 pertransiret.
1179 2243 1285 2298 Deinde
1294 2243 1554 2314 surgens,adoravit
1564 2243 1666 2298 ostium
1676 2257 1777 2297 mona·

138 2341 241 2402 mater,
273 2335 412 2389 modicum
441 2339 561 2404 tempus,
586 2337 615 2385 et
642 2330 726 2384 simul
755 2345 805 2383 nos
832 2326 937 2382 videbi·
979 2331 1058 2385 sterii
1071 2330 1128 2385 sere
1139 2347 1189 2402 per
1198 2331 1268 2385 duas
1277 2331 1371 2399 horas,
1387 2337 1416 2388 et
1425 2331 1465 2386 sic
1474 2348 1587 2388 reversa
1596 2336 1640 2388 est
1649 2329 1777 2387 incubile

139 2442 212 2488 mus,
229 2425 254 2478 si
270 2425 344 2479 Deus
357 2422 484 2478 voluerit.
503 2423 541 2475 nt
563 2421 612 2473 illa
634 2420 693 2473 haec
718 2417 844 2483 audiens,
871 2418 939 2470 llere
979 2435 1071 2482 suurn,
1088 2424 1117 2472 et
1130 2418 1273 2473 neminem
1288 2419 1368 2475 laesit.

139 2514 233 2586 coepit,
246 2520 277 2567 et
286 2528 387 2583 rogare
401 2518 433 2566 ut
447 2527 510 2565 eum
526 2509 640 2568 videret.
654 2512 683 2561 et
697 2505 796 2561 solutis
805 2503 936 2570 crinibus,
1015 2508 1079 2561 Car.
1092 2508 1139 2561 lll.
1156 2539 1188 2549 -
1200 2507 1298 2563 liulier
1308 2508 1437 2579 quaedam
1446 2508 1643 2577 sitiensnocte,
1653 2507 1777 2564 venitod

140 2601 306 2673 increpabat
320 2617 395 2665 eum,
417 2599 527 2653 dicens:
552 2596 614 2661 Fili,
641 2611 728 2666 quaro
753 2595 805 2648 hoc
828 2591 938 2646 fecisti?
979 2595 1108 2666 hydriam
1116 2613 1219 2667 aquam
1228 2595 1369 2660 biberem
1379 2604 1502 2668 quaerat
1509 2597 1640 2669 parvulus
1650 2612 1776 2670 serpens3

141 2697 286 2762 proutero
301 2704 356 2760 quo
370 2693 399 2742 te
413 2685 649 2758 portavi,satiosti
666 2683 872 2753 meluetutpro
897 2681 939 2733 la·
980 2689 1009 2738 et
1022 2683 1129 2750 bibens,
1145 2684 1293 2755 deglutivit
1307 2685 1395 2751 illum,
1413 2692 1441 2740 et
1452 2687 1539 2741 crevit
1552 2687 1581 2741 in
1596 2691 1677 2742 utero
1698 2686 1774 2757 ejus.
1855 2717 1858 2723 -
1889 2660 1891 2665 ¹

141 2779 265 2833 statione
281 2782 373 2848 quate
389 2775 496 2840 lactavi,
513 2774 613 2828 dedisti
630 2773 699 2826 mihi
715 2772 868 2842 lacrymam
889 2785 939 2839 pro
981 2772 1035 2827 Sed
1045 2772 1126 2827 multi
1137 2772 1247 2838 medici,
1263 2779 1292 2828 et
1301 2773 1499 2837 incantatores.
1509 2782 1538 2830 et
1546 2775 1633 2846 magi,
1646 2773 1780 2830 adhiben-

142 2867 304 2938 osculoque
319 2860 941 2927 teoseulatasum,dedistimihiamaroscor·
980 2866 1023 2914 tes
1037 2860 1171 2927 studIum,
1189 2860 1259 2915 nihil
1274 2862 1461 2932 profecerunt.
1485 2862 1552 2918 Post
1574 2863 1687 2935 aliquod
1713 2878 1779 2918 vero

143 2954 340 3026 disangustias
352 2971 358 3020 ;
370 2969 420 3024 pro
431 2951 527 3005 dolore
537 2954 565 3004 et
575 2950 670 3003 labore
680 2964 763 3019 quem
772 2961 856 3017 passa
865 2960 937 3008 sum,
966 2949 1419 3019 ‚tempusadducituradsanctum
1428 2951 1597 3007 Simeonem:
1605 2952 1780 3022 atillejussit

143 3042 303 3116 Imposuisti
316 3041 384 3095 mihi
395 3039 561 3095 saevissimas
568 3028 676 3110 plagas.
688 3037 836 3091 Ettantum
846 3034 941 3087 locuta
949 3016 1043 3090 G'eam
1054 3036 1120 3108 poni
1132 3037 1285 3103 interram,
1296 3043 1325 3092 et
1336 3038 1371 3093 de
1381 3055 1455 3110 equa
1464 3040 1628 3095 monasterii
1637 3041 1668 3095 in
1678 3055 1709 3095 os
1717 3042 1780 3112 ejus

143 3138 193 3195 est,
210 3136 244 3185 ut
258 3147 310 3184 nos
322 3145 419 3183 omnes
429 3129 534 3182 laceret
548 3128 624 3181 llere.
643 3125 767 3180 lludlens
777 3123 877 3178 beatus
897 3121 941 3176 Si·
983 3125 1581 3191 mitti.Tuncexclamavitfortrter,etstatim
1591 3128 1676 3183 exivlt
1685 3128 1720 3183 de
1731 3143 1779 3184 ore

144 3236 227 3276 meon
240 3234 338 3273 vocem
352 3217 495 3289 genitricis
509 3234 576 3281 sum,
597 3215 690 3286 posuit
704 3213 803 3267 faciem
818 3226 897 3266 suam
912 3209 942 3263 in
983 3213 1044 3282 eJus
1054 3229 1178 3284 serpens,
1193 3214 1274 3285 cujus
1283 3214 1430 3285 longitudo
1440 3222 1502 3271 erat
1511 3217 1669 3272 cubitorum
1679 3216 1778 3275 trium.

143 3325 246 3363 manus
259 3324 335 3372 suas,
349 3313 377 3361 et
395 3306 514 3377 ploravit
537 3318 641 3369 amare,
667 3301 865 3370 mandavitque
889 3298 940 3365 illi,
983 3301 1086 3355 Eadem
1098 3301 1168 3356 hora
1176 3302 1415 3374 crepuitserpens‚
1431 3304 1480 3376 qui
1492 3304 1618 3360 etiamad
1626 3305 1781 3361 multorum

143 3397 260 3453 dicens:
282 3394 401 3450 Domina
416 3399 515 3459 mater,
532 3393 643 3464 quiesce
660 3390 801 3445 modicum
821 3393 942 3458 tempus,
983 3389 1176 3446 testimonium
1202 3408 1354 3464 suspensus
1373 3399 1416 3449 est
1434 3393 1473 3449 ibi
1493 3401 1602 3467 septem
1619 3395 1728 3452 diebus.
1744 3394 1781 3451 Et

142 3492 173 3542 et
184 3484 346 3540 videbimus
364 3499 415 3537 nos
439 3483 468 3536 iu
482 3487 586 3536 aeterna
607 3480 712 3551 requie.
735 3479 772 3532 At
796 3477 845 3531 illa
860 3476 945 3546 coepit
983 3494 1052 3534 sana
1066 3478 1140 3535 facta
1151 3484 1194 3536 est
1204 3481 1306 3536 mulier
1319 3499 1352 3537 ex
1369 3482 1419 3537 illa
1431 3483 1510 3538 hora.

142 3574 240 3630 dioere
252 3593 259 3627 ε
272 3572 325 3627 Per
334 3571 476 3626 Christum
492 3570 541 3641 qui
549 3575 578 3624 te
593 3567 748 3640 plasmavit,
764 3566 788 3620 si
801 3570 845 3620 oet
857 3564 944 3636 possi—
1020 3569 1085 3624 Gnr.
1097 3569 1159 3625 IIII.
1170 3596 1199 3610 -
1210 3569 1336 3625 Virtutes
1342 3570 1404 3641 ejus
1413 3571 1542 3643 quemvis
1551 3572 1672 3645 alicujus
1681 3558 1782 3628 meun-

142 3662 242 3718 bilitas
259 3659 373 3715 videndi
387 3665 425 3726 te,
441 3659 471 3713 in
484 3663 563 3713 tanto
577 3664 703 3728 tempore
717 3655 841 3710 alienum
856 3669 874 3708 a
887 3667 942 3719 me,
984 3657 1032 3712 dia
1044 3673 1210 3713 enumerare
1223 3657 1268 3713 vix
1279 3659 1380 3725 valeat,
1400 3664 1496 3716 lernen
1510 3666 1594 3733 prout
1616 3666 1683 3717 sunt
1696 3661 1780 3730 vires,

142 3751 281 3825 permitte
295 3764 341 3804 me
356 3748 450 3803 videre
463 3752 501 3814 te,
512 3752 562 3802 aut
574 3747 598 3801 si
611 3761 677 3809 non,
699 3745 743 3799 vel
755 3758 851 3798 vocem
865 3746 943 3796 tuam
985 3747 1099 3802 omnino
1111 3746 1223 3802 silentio
1237 3763 1285 3802 eas
1295 3748 1353 3818 tegi
1367 3747 1482 3803 minime
1496 3748 1597 3821 patiar.
1613 3749 1728 3806 Factum
1742 3753 1787 3808 eet

144 3839 273 3904 audiam,
290 3844 318 3893 et
331 3837 426 3892 statim
437 3836 549 3900 moriar,
558 3835 624 3906 quia
633 3829 945 3905 paterenus-intritam
985 3840 1080 3890 autem
1089 3841 1207 3907 utaque
1221 3836 1251 3892 in
1263 3836 1325 3891 loco
1339 3852 1395 3892 non
1406 3837 1590 3903 inveniretur,
1605 3845 1634 3895 et
1644 3845 1722 3896 totus
1735 3827 1787 3913 po?

145 3919 945 4000 proptertemortuusest.Etnuncneinmeipsaamaritu·
985 3923 1069 3994 pulus
1083 3923 1301 3995 periclitabatur,
1322 3930 1352 3980 et
1365 3925 1461 3981 omnia
1476 3926 1609 3983 animalia
1631 3944 1688 4000 pree
1702 3944 1784 4002 aquae

146 4016 214 4071 dine
227 4015 339 4088 perdas,
351 4015 400 4069 tili.
412 4014 651 4084 Haecdloens.pree
666 4010 783 4066 tristitia
792 4009 945 4080 etplanctu
985 4011 1111 4083 penurie.
1127 4012 1233 4068 Videas
1249 4029 1315 4068 vero
1327 4020 1440 4069 sanctus
1453 4014 1566 4071 SImeon
1584 4017 1784 4074 contritionem

148 4104 179 4159 in
192 4120 327 4159 somnum
341 4119 475 4158 conversa
493 4107 555 4157 est:
571 4101 695 4156 habebat
708 4105 875 4156 antemnas
885 4098 945 4151 dies
986 4116 1093 4167 eorum,
1102 4101 1784 4163 stetitedoratlonem.circadecimamautemdiei

147 4199 249 4248 ottres
264 4197 370 4256 noctes,
395 4208 452 4246 non
475 4205 586 4245 cessans
606 4189 750 4260 deprecari
772 4202 847 4242 eum.
868 4187 947 4241 Tunc
986 4189 1084 4244 horam
1098 4188 1466 4261 subitodhuptaestterm,
1483 4192 1630 4249 etinctum
1645 4195 1784 4251 eetchaoa

147 4280 250 4337 beatos
272 4281 385 4337 Simeon
408 4279 498 4334 oravit
519 4278 554 4333 ad
580 4278 731 4333 Dominum
752 4292 802 4349 pro
833 4274 891 4340 illa,
919 4278 948 4327 et
988 4291 1120 4347 magnum
1131 4275 1165 4331 ab
1176 4275 1313 4331 Orientali
1326 4284 1405 4347 parte
1414 4278 1502 4349 ipsius
1510 4281 1734 4340 monasteriizet
1742 4281 1784 4336 in·

148 4370 245 4426 etatirn
264 4367 388 4424 reddidit
407 4367 550 4440 spiritum.
570 4365 739 4437 Colligentee
751 4381 817 4420 vero
842 4342 1206 4436 corpu-libenteestquasi
1215 4364 1784 4435 spelunca,inaestimabilitermultamba·

148 4458 259 4514 mulum
274 4459 345 4530 ejus,
362 4456 541 4513 adduxerunt
553 4455 583 4510 in
601 4461 753 4526 conspectu
768 4452 839 4525 ejus.
855 4450 946 4508 Etille
985 4451 1054 4508 bens
1065 4453 1263 4525 aquam.'l¹unc
1269 4453 1354 4524 jussit
1367 4453 1425 4510 lodi
1437 4462 1544 4529 septem
1554 4455 1664 4526 cubitis,
1675 4463 1704 4515 et
1711 4473 1784 4516 exeo

149 4547 230 4613 dens,
241 4545 295 4601 ait·
307 4545 444 4602 Dominus
454 4543 778 4616 suseipiatteingaudio,
787 4540 946 4614 quletribu·
986 4546 1114 4612 tempore
1128 4540 1365 4615 superabundavit
1378 4559 1452 4617 aqua
1464 4545 1494 4600 in
1512 4545 1561 4602 illo
1574 4545 1636 4604 loeo
1648 4562 1739 4621 usque
1752 4546 1784 4605 in

148 4634 598 4706 lataespropterme,etportasti
608 4649 653 4688 me
670 4633 699 4688 in
709 4639 789 4688 utero
804 4628 947 4686 mensibus
986 4635 1152 4702 presentem
1166 4630 1251 4687 diem.

149 4739 261 4790 novem,
272 4728 357 4795 etque
365 4723 475 4779 lactasti
484 4723 658 4778 simuletiam
666 4727 694 4777 et
702 4720 817 4776 nutristi
825 4736 889 4774 eum
903 4718 946 4772 la·
1022 4720 1083 4786 Quo
1097 4720 1127 4775 in
1140 4726 1267 4792 tempore
1279 4724 1440 4793 expetentes
1452 4721 1567 4793 quidam
1579 4723 1615 4779 de
1628 4722 1712 4798 longe
1723 4740 1786 4782 ora·

148 4810 225 4868 bore.
244 4812 312 4869 Ilm
334 4827 367 4868 eo
383 4811 503 4880 dicente,
525 4811 625 4867 matris
650 4811 744 4865 voltus
767 4808 896 4874 sudabat,
918 4811 947 4861 et
987 4809 1093 4865 tionem
1106 4810 1195 4882 ipsius
1210 4813 1342 4882 otopera,
1358 4809 1596 4867 meridianahora
1608 4812 1784 4871 diverterunt

149 4896 947 4975 eorpdsejueoommotumest,nobieomnibusinspicien-
988 4898 1133 4970 paululum
1143 4898 1388 4953 adumbraeulum
1397 4897 1505 4954 arboris
1518 4903 1787 4973 propteroeetomad

148 4991 234 5047 tibus.
248 4990 404 5046 Illecutem
414 4985 789 5053 elevansoeulosadooelum,
799 4986 883 5040 dixit:
894 4984 948 5040 Ilo·
987 4985 1205 5058 repausandum.
1222 4986 1349 5059 Cumque
1358 4986 1497 5053 sederent,
1514 5003 1578 5044 ecce
1596 4987 1687 5045 subito
1710 5006 1785 5064 pne·

149 5079 225 5134 mine
239 5078 316 5133 Deus
329 5078 476 5146 virtutum,
493 5078 541 5149 qui
551 5077 632 5132 sedes
651 5090 736 5148 super
745 5074 906 5140 Cherubim,
918 5075 948 5126 et
990 5086 1079 5145 mane
1090 5073 1343 5145 eervaprmteribet'
1352 5090 1432 5130 secus
1441 5075 1513 5145 illos,
1525 5078 1554 5131 et
1564 5075 1696 5134 dixerunt
1706 5078 1786 5137 edil·-

149 5163 950 5237 vemteriefundementeabyssiquieognovistiddaman·
990 5162 1061 5218 lain:
1074 5163 1391 5219 Perorationemsancti
1401 5165 1576 5222 Simeoniste
1585 5170 1783 5241 conjuramus:

149 5258 267 5326 tequam
281 5258 365 5318 esset,
381 5254 429 5326 qui
438 5253 591 5325 promisisti
603 5251 683 5321 regni
693 5251 826 5305 calorum
836 5249 950 5305 divitia«
990 5251 1130 5306 modicum
1145 5255 1198 5316 eta,
1214 5256 1247 5306 ut
1260 5256 1289 5307 te
1315 5254 1594 5324 comprehendamus.
1619 5258 1687 5324 Quae
1707 5258 1788 5315 stetit

151 5341 339 5413 diligentibus
350 5346 389 5409 te,
406 5341 455 5413 qui
470 5342 579 5397 locutus
596 5357 627 5395 es
645 5339 734 5410 lloyei
748 5339 777 5393 in
791 5337 861 5394 rubo
875 5337 949 5408 ignis
990 5338 1087 5393 eadem
1097 5338 1175 5392 hora.
1187 5338 1490 5412 apprehendentesque
1496 5344 1745 5413 enmoceiderunt,
1757 5350 1788 5402 et

152 5424 542 5502 anecd.m)‚quibenedixtstl
555 5429 949 5499 Abrahampotremnostrum
990 5426 1172 5482 comederunt
1180 5431 1289 5496 partem
1299 5426 1421 5499 aliquam
1430 5445 1463 5484 ex
1472 5446 1514 5486 ea.
1524 5432 1682 5503 Statimque
1690 5431 1787 5487 obmu-

152 5518 228 5587 (den.
239 5517 569 5590 m1)‚quilntroduoistn
579 5513 951 5590 pemdisumanimaejmto·
986 5520 1115 5586 tuerent,
1127 5519 1156 5569 et
1168 5511 1372 5582 elevenlebent,
1386 5515 1459 5572 elcut
1472 5525 1501 5573 et
1509 5517 1656 5574 eerveilla.
1667 5520 1787 5575 Curior-

279 5617 411 5680 l’araoc.
433 5616 572 5678 LXXIII.
1628 5611 1664 5675 it
