3818 6120
137 248 188 304 803
709 250 755 304 Ill]
772 249 867 304 VITIS
887 246 1034 303 PATRUM
1052 248 1159 302 LIBER
1176 249 1226 303 ΙΙΙ.
1439 283 1442 287 >
1728 242 1779 300 8⁰⁴

136 379 219 440 tecto,
241 374 288 429 lux
311 373 386 426 clara
405 372 532 425 cellulam
556 372 632 426 illam
656 375 736 444 quasi
757 375 849 428 media
873 373 965 453 diest
1012 370 1071 428 lea.
1086 373 1214 436 (lundam
1229 370 1483 443 temporehlaaicos
1499 367 1629 438 (iheum
1646 384 1778 439 superve-

137 464 273 535 implexit,
292 479 375 533 quarn
391 466 485 514 tamen
499 461 538 514 illi
551 478 604 515 non
620 469 769 517 senserunt
780 482 786 529 3
799 464 847 516 sed
863 468 936 533 post·
976 461 1084 516 nissent
1098 463 1127 515 in
1142 462 1249 533 Scythi,
1261 466 1289 514 et
1306 460 1408 514 multos
1422 475 1455 512 ex
1469 456 1601 513 Patribus
1620 457 1777 512 interfecis-

137 551 533 623 quamarbitratisuntsenem
544 551 675 614 dormire,
686 552 934 621 surgentesinora·
975 557 1039 605 sent
1050 554 1162 623 (Pelea,
1179 553 1262 605 libell.
1284 568 1326 603 xv.
1346 567 1373 604 u.
1391 548 1422 604 ll
1442 567 1449 616 ;
1472 549 1577 612 Pescla,
1593 564 1617 601 c.
1636 546 1680 614 la,
1700 564 1728 600 a.
1743 548 1777 611 t),

135 639 240 694 tionem
252 640 808 703 sese‹lederunt,extendentesmariusad
820 642 931 707 carlum,
975 639 1060 694 abbas
1073 641 1187 694 Poemen
1204 657 1265 693 cum
1282 639 1338 693 alio
1355 637 1455 692 abbate
1477 636 1588 690 seniore
1604 652 1644 699 se,
1663 635 1774 690 nomine

135 729 325 800 quosquidem
335 727 381 781 illo
391 728 457 798 quid
470 728 593 782 fricarent
605 728 774 795 intuebatur,
788 730 828 783 illi
839 737 933 784 autem
974 727 1047 793 Nub,
1057 735 1085 782 et
1100 745 1161 784 cum
1174 728 1236 781 aliis
1251 728 1374 798 quinque
1389 724 1519 780 Patribus
1526 724 1723 794 fugiensinde,
1732 741 1777 777 re-

133 816 213 871 illum
224 817 317 871 videre
329 833 384 870 lion
395 823 532 888 poterant.
545 818 686 874 latentius
696 825 790 873 autom
799 836 933 873 senexre-
974 817 1017 870 nit
1032 818 1060 871 in
1070 819 1161 872 locum
1169 816 1342 872 Therennthi
1351 814 1415 886 [ath
1434 821 1462 868 et
1475 815 1646 868 invenerunt
1657 813 1694 866 ibi
1711 819 1776 866 tem·

134 907 264 978 spiciens,
275 906 344 960 vidit
359 913 492 976 tanquam
509 923 619 960 muscas
634 908 775 961 daemones
790 908 933 961 venientes
974 907 1050 977 plum
1066 907 1205 977 quoddam
1222 907 1373 970 desertum,
1390 910 1557 958 manserunt
1576 904 1607 957 in
1623 919 1656 956 eo
1670 907 1775 972 septem

134 995 163 1049 iu
178 995 254 1049 illius
269 995 385 1049 minoris
399 1012 446 1048 ore
459 1001 543 1065 atque
559 996 646 1050 aculis
660 998 782 1051 residere
796 998 930 1063 volentes,
974 995 1072 1049 diebus
1093 996 1209 1066 pariter,
1228 996 1315 1049 dorico
1336 999 1537 1063 cognoscerent
1554 991 1604 1046 ubi
1629 1007 1774 1045 mansurus

134 1086 181 1139 sed
198 1085 313 1155 angelus
329 1084 440 1138 Domini
453 1085 615 1155 rhomphaea
629 1086 712 1155 ignea
727 1093 863 1153 armatus
875 1093 934 1140 tam
975 1090 1049 1138 esset
1062 1085 1254 1156 unnsquisque
1270 1085 1298 1137 in
1314 1083 1548 1153 530AEgyp'xi.
1566 1080 1643 1135 Dicit
1655 1097 1724 1150 ergo
1736 1080 1773 1133 eis

133 1174 196 1229 illos
220 1173 413 1227 circumdabat
435 1180 464 1226 et
487 1174 663 1240 defendebat,
682 1193 766 1246 quam
792 1177 933 1230 daemones
974 1172 1152 1228 abbasNub:
1170 1173 1334 1244 Septimana
1346 1170 1605 1242 hacunusquisque
1620 1168 1774 1240 requiescat

132 1262 287 1335 repellebat
303 1269 331 1317 et
345 1262 490 1332 ejiciebat,
507 1263 542 1316 ad
564 1265 700 1334 maj0rem
721 1282 786 1319 xero
802 1265 933 1319 accedere
974 1263 1048 1333 apud
1059 1281 1098 1329 se,
1113 1270 1142 1318 et
1154 1281 1218 1318 cum
1229 1264 1317 1316 altero
1328 1278 1384 1315 non
1397 1262 1539 1331 loquatur.
1551 1260 1729 1314 Cumautem
1738 1258 1773 1312 sic

134 1354 211 1407 nullo
222 1352 304 1405 modo
314 1351 510 1423 praevalebant.
528 1353 617 1423 Prope
632 1370 696 1407 vero
705 1354 764 1424 jam
776 1355 847 1418 luce,
864 1372 931 1426 pro·
973 1349 1106 1416 facerent,
1122 1358 1183 1404 erat
1198 1351 1226 1404 in
1243 1349 1348 1421 templo
1364 1349 1412 1402 illo
1427 1354 1522 1402 statua
1536 1346 1686 1418 cujusdam
1697 1346 1769 1400 idoli.

131 1443 262 1512 jecerunt
269 1441 336 1494 sein
347 1440 443 1494 eodem
455 1447 545 1495 stratu
556 1443 701 1496 sualane
709 1444 848 1497 Macarius
857 1444 933 1498 velut
973 1438 1066 1493 Abbes
1082 1457 1148 1510 ergo
1158 1438 1221 1494 Nub
1236 1455 1388 1509 exsurgens
1400 1454 1483 1491 mane
1498 1434 1645 1507 lapidabat
1660 1452 1733 1498 eam,
1749 1440 1773 1488 tl

135 1531 269 1600 evigilans
279 1530 409 1596 surrexit,
418 1530 738 1586 siruilitcrsurrexerunt
748 1539 774 1586 et
787 1533 933 1604 ipsi,quasi
973 1545 1088 1600 vespere
1102 1529 1217 1584 veniens
1237 1527 1347 1582 dicebat
1367 1527 1481 1581 adeam
1499 1544 1505 1578 :
1522 1524 1648 1590 Peccavi,
1663 1525 1772 1595 indulge

135 1620 169 1673 de
181 1621 264 1689 longo
279 1635 387 1672 sommo
405 1619 578 1706 excitati3Et
590 1621 725 1675 accedens
739 1621 832 1675 senior
846 1623 934 1676 frater
974 1619 1053 1673 mihi.
1071 1621 1106 1674 Et
1118 1636 1168 1690 per
1181 1625 1270 1674 totam
1285 1619 1472 1690 septimanam
1489 1616 1621 1670 similiter
1635 1614 1712 1668 fecit.
1730 1615 1772 1667 Die

135 1708 170 1762 ad
184 1724 280 1762 senem
294 1708 364 1762 dixit
382 1727 387 1762 ε
402 1709 461 1772 Vis,
477 1713 567 1778 pater,
587 1710 630 1763 vel
651 1710 797 1764 duodecim
812 1712 935 1781 psalmos
945 1695 1070 1762 Baetem
1081 1708 1195 1763 Sabbati
1205 1725 1269 1762 cum
1280 1708 1386 1779 pariter
1396 1706 1600 1766 convenissent,
1613 1704 1684 1759 dicit
1696 1703 1722 1757 ei
1732 1703 1774 1757 ab

90 1786 95 1794 ’
134 1798 416 1868 canamus.Cunrque
429 1798 588 1869 psallerent,
600 1799 635 1852 de
645 1815 693 1853 ore
703 1799 824 1869 junioris
838 1801 933 1855 fratris
974 1795 1023 1852 bas
1035 1798 1255 1862 Poemen:Quid
1270 1797 1382 1852 voluisti
1397 1798 1521 1851 hactota
1535 1795 1628 1848 lacere
1642 1793 1770 1864 septime·

134 1903 184 1958 per
199 1887 324 1957 singulos
339 1903 435 1940 versus
450 1886 494 1939 tax
510 1886 581 1956 ignis
593 1904 705 1957 egressa
715 1889 883 1944 ascendebat
897 1890 933 1944 ad
973 1893 1060 1952 na‚ut
1071 1887 1156 1941 homo
1168 1887 1257 1941 fidelis
1267 1887 1341 1941 idolo
1350 1887 1467 1940 diceres:
1480 1884 1600 1954 ludulge
1613 1882 1694 1937 mihi.
1705 1882 1773 1936 Dicit

134 1976 244 2030 caelum.
257 1977 328 2030 item
345 1981 373 2029 et
394 1977 485 2045 major
504 1993 568 2029 cum
583 1976 754 2044 decantaret,
771 1978 881 2049 quoties
896 1979 932 2034 ad
974 1975 999 2028 ei
1016 1992 1121 2031 senex:
1137 1977 1201 2031 llaec
1216 1992 1267 2046 ego
1286 1983 1401 2047 propter
1422 1990 1470 2028 vos
1488 1972 1540 2027 feci
1558 1989 1566 2023 :
1589 1971 1676 2026 dicite
1696 1970 1769 2038 mibi,

135 2064 312 2136 psallendum
323 2063 396 2117 labia
405 2064 568 2129 deducebat,
577 2065 652 2119 velut
661 2066 802 2121 funiculus
813 2067 885 2138 ignis
897 2068 932 2122 de
973 2065 1100 2135 nunquid
1108 2064 1272 2119 hocidolum
1281 2064 1393 2136 quando
1404 2061 1575 2134 lapidabam,
1587 2061 1716 2115 locutum
1723 2065 1769 2126 est,

134 2169 182 2207 ore
194 2154 254 2223 eJ'us
269 2151 399 2207 similiter
417 2152 585 2207 tendebatur
599 2155 635 2208 ad
652 2155 762 2209 coelum.
781 2156 933 2228 Postquam
973 2153 1144 2208 autiratumt
1153 2154 1296 2208 Etiterum
1303 2151 1626 2226 quandoindulgentiam
1634 2149 1768 2220 petebam,

134 2257 199 2297 vero
226 2243 406 2313 expleverunt
438 2243 609 2309 matutinos,
641 2260 769 2314 egressus
797 2245 933 2301 Macarius
973 2242 1101 2313 nunquid
1115 2243 1248 2298 exaltavit
1261 2260 1299 2308 se,
1317 2247 1367 2297 aut
1380 2241 1532 2312 gloriatum
1544 2239 1675 2294 estitiui
1690 2238 1768 2293 abbas

135 2330 300 2386 obsecrabat
309 2337 407 2398 cos,ut
415 2348 465 2401 pro
480 2349 509 2385 se
519 2348 600 2385 orare
610 2332 803 2402 dignarentur,
818 2334 857 2387 illi
868 2351 933 2389 vero
974 2331 1088 2386 Poemen
1100 2331 1246 2403 respondit
1261 2349 1267 2384 ε
1284 2332 1348 2385 Non
1363 2330 1470 2401 utique.
1486 2328 1565 2391 Tune
1586 2344 1674 2383 senex
1688 2327 1768 2381 dixit:

134 2425 269 2486 tacentes,
286 2421 321 2474 ad
338 2421 400 2490 ejus
412 2420 497 2490 pedes
511 2427 577 2474 sunt
590 2422 738 2491 provoluti,
753 2423 859 2493 seipsos
874 2440 935 2478 ora·
975 2421 1096 2483 Fratres,
1109 2437 1181 2487 ecce,
1198 2436 1296 2475 sumus
1308 2426 1433 2491 septem:
1450 2419 1473 2472 si
1482 2418 1568 2472 vultis
1579 2433 1649 2487 ergo
1664 2422 1696 2470 ut
1705 2415 1771 2488 pari·

134 2509 259 2563 tionibus
279 2509 353 2562 illius
372 2508 609 2563 commendantes.
628 2510 663 2563 Et
683 2511 814 2579 cognovit
836 2528 933 2581 senex,
974 2515 1019 2564 ter
1029 2509 1246 2573 maneamus‚sit
1258 2507 1447 2563 idolumistud
1455 2505 1535 2561 nobis
1545 2505 1720 2576 exemplum,
1728 2522 1770 2559 ne·

135 2596 267 2667 quoniam
278 2596 487 2667 majorquidem
497 2597 716 2652 essetintimore
725 2600 773 2652 Dei
782 2601 931 2670 perlectus,
975 2595 1772 2669 quandoiujuriatusaliquisirascatur;necquandoabeo

135 2685 272 2739 minorem
289 2701 355 2738 vero
370 2685 462 2738 adhuc
480 2685 619 2740 daemones
634 2687 844 2758 impugnarent.
867 2691 935 2745 Post
975 2688 1055 2742 reaia
1065 2689 1179 2759 petitur,
1191 2687 1380 2758 glorieturvel
1390 2686 1548 2740 extollatur.
1567 2685 1618 2739 Sin
1629 2684 1772 2739 autemita

135 2789 238 2845 paucos
254 2790 318 2826 vero
333 2774 393 2827 dies
409 2775 500 2844 major
512 2774 597 2829 irater
611 2783 739 2847 receptus
754 2783 797 2832 est
810 2779 839 2832 in
853 2796 931 2850 pace,
974 2794 1030 2831 non
1041 2777 1134 2840 vultis,
1146 2777 1340 2847 unusquisque
1351 2774 1397 2830 ubi
1406 2775 1464 2829 vult
1475 2775 1629 2845 pergatllt
1641 2773 1682 2827 illi
1696 2772 1773 2845 proji-

134 2863 219 2917 tertio
238 2862 283 2916 die
298 2863 382 2916 etiam
404 2862 496 2916 minor
510 2869 552 2917 est
567 2881 630 2918 euru
647 2871 803 2921 assecutus.
974 2867 1080 2921 cientes
1089 2883 1119 2920 se
1130 2866 1159 2919 in
1169 2871 1286 2932 terram,
1298 2864 1504 2936 responderant
1513 2861 1543 2917 se
1555 2863 1597 2917 ita
1605 2862 1739 2927 facturos,
1746 2869 1772 2916 et

171 2949 231 3007 196.
248 2950 340 3005 Abbas
356 2952 465 3022 Moyses
481 2953 596 3020 (Parca,
614 2970 636 3007 o.
653 2953 696 3020 35,
713 2973 741 3008 n.
764 2958 789 3025 t)
806 2972 930 3010 commo·
975 2955 1015 3010 sic
1028 2961 1245 3026 permanserunt
1259 2971 1309 3025 per
1324 2953 1429 3007 multos
1443 2968 1531 3006 annos
1541 2968 1607 3005 cum
1623 2951 1773 3006 multabu-

133 3039 333 3105 nebatfratres‚
345 3040 456 3094 dicens:
469 3041 596 3104 Quatuor
606 3048 672 3098 sunt
685 3045 819 3098 monacho
830 3045 931 3117 princi·
941 3015 962 3074 G
973 3045 1091 3100 militate
1107 3050 1135 3100 et
1152 3044 1297 3115 patientia.
1317 3044 1444 3107 Quatuor
1461 3041 1537 3096 horis
1553 3041 1734 3096 dormiebant
1745 3041 1771 3096 in

134 3130 210 3201 palia
223 3129 409 3197 observanda3
421 3129 449 3184 id
465 3136 517 3196 est,
530 3132 650 3195 tacendi,
660 3133 789 3187 servandi
797 3135 932 3189 mandata
972 3140 1064 3197 nocte,
1080 3140 1109 3188 et
1122 3140 1243 3205 quatuor
1257 3131 1423 3204 psallebant,
1438 3137 1466 3185 et
1480 3135 1602 3203 quatuor
1617 3130 1770 3202 operaban-

132 3218 368 3285 Dei,humiliandi
378 3218 735 3291 semetipsuin‚etangustia
745 3224 929 3294 paupertatis.
971 3229 1032 3291 tur;
1050 3223 1080 3277 in
1090 3223 1135 3277 die
1150 3240 1214 3277 vero
1228 3221 1363 3293 usquead
1378 3221 1477 3275 horam
1492 3224 1599 3274 sextam
1615 3220 1770 3290 operaban-

132 3307 250 3379 Oportet
264 3325 330 3379 ergo
346 3309 514 3363 monachum
528 3314 559 3363 ut
572 3326 684 3381 semper
698 3311 802 3381 lugeat,
820 3329 932 3384 semper
971 3317 1028 3379 tur,
1044 3311 1145 3366 deinde
1159 3328 1248 3383 usque
1267 3311 1302 3365 ad
1317 3326 1420 3365 nonam
1433 3307 1581 3379 legebant;
1598 3313 1628 3362 et
1642 3315 1707 3379 post
1721 3310 1770 3363 boc

132 3413 247 3452 suorum
263 3397 300 3451 sit
314 3413 421 3452 mernor
434 3404 622 3468 peccatorum,
633 3404 661 3453 et
671 3400 747 3454 omni
763 3401 831 3455 bora
844 3407 932 3472 ponat
971 3400 1134 3455 victumsibi
1141 3399 1344 3471 praeparabant,
1353 3399 1514 3469 colligentes
1523 3396 1662 3468 quasdam
1670 3395 1769 3452 herbas

132 3484 187 3539 sibi
200 3491 320 3540 mortem
335 3492 400 3539 ante
420 3487 515 3540 oculos
533 3504 609 3541 suos,
971 3497 1065 3545 terrae.

167 3573 229 3630 197.
248 3575 342 3629 Sancti
353 3576 451 3629 Patres
465 3577 629 3646 congregati
643 3578 881 3647 prophetaverunt
895 3579 930 3633 de
1005 3577 1069 3636 200.
1081 3579 1208 3634 Fuerunt
1215 3585 1244 3632 et
1253 3578 1301 3632 alii
1313 3582 1421 3648 septem
1435 3575 1566 3631 similiter
1581 3574 1773 3646 probatissimi

132 3663 232 3718 ultima
242 3664 433 3733 generatione,
450 3681 482 3717 ex
498 3663 600 3735 quibus
612 3681 685 3719 unus
700 3667 865 3738 praecipuus,
883 3685 932 3722 no·
971 3668 1033 3734 viri,
1047 3669 1138 3739 quiin
1153 3685 1187 3722 ea
1200 3683 1304 3733 eremo,
1320 3683 1381 3737 quae
1396 3665 1558 3720 Sarracenis
1568 3664 1707 3735 contigua
1721 3668 1770 3730 eat,

133 3751 341 3821 mineSquirion
352 3752 486 3820 [latebit
503 3753 644 3823 Isquirio]‚
655 3754 737 3809 dixit:
750 3756 807 3809 Nos
818 3757 931 3827 quidem
972 3756 1151 3824 habitabant;
1168 3756 1276 3811 cellulis
1290 3755 1402 3827 quidem
1418 3754 1492 3809 baud
1501 3754 1585 3824 longe
1595 3770 1614 3807 a
1625 3770 1657 3808 se
1669 3753 1772 3819 divisis,

133 3839 223 3892 adhuc
239 3839 372 3892 mandata
380 3839 430 3893 Dei
440 3839 589 3910 implemus
597 3845 697 3906 (loun,
710 3846 794 3898 libell.
807 3859 827 3909 1,
837 3845 930 3916 nli).
973 3847 1021 3900 sed
1044 3845 1098 3918 ipsi
1117 3845 1229 3900 vinculo
1243 3845 1389 3899 charitatis
1404 3842 1522 3898 connexi
1539 3862 1546 3896 ε
1565 3859 1686 3913 quorum
1703 3858 1774 3897 unus

132 3928 382 3997 Interrogaveruut
396 3945 460 3982 eum
472 3929 521 3982 alii
534 3931 642 3996 Patres,
651 3932 775 3987 diceutes
787 3951 792 3985 :
806 3934 879 3998 Quid
890 3934 930 4001 hi,
974 3935 1123 3988 uocabatur
1134 3935 1245 3999 Patrue,
1257 3934 1329 3988 alius
1341 3933 1509 4004 Stephanus,
1519 3932 1624 3986 tertius
1639 3931 1769 3997 loannes,

133 4016 181 4086 qui
192 4022 256 4087 post
268 4033 319 4070 nos
336 4017 422 4071 laturi
437 4018 524 4071 suntt
539 4019 576 4072 ht
589 4019 636 4073 ille
652 4022 823 4092 respondens
836 4023 905 4077 dixit
922 4041 928 4076 :
973 4029 1090 4093 quartus
1100 4022 1245 4093 Georgius,
1260 4022 1374 4092 quintus
1387 4021 1561 4084 Theodorus,
1574 4026 1672 4075 sextus
1683 4020 1770 4086 Felix,

131 4105 222 4159 Media
233 4106 304 4160 forte
312 4106 491 4178 coniplebunt
500 4108 633 4163 mandata
641 4111 734 4174 behet
743 4117 878 4167 aeternum
889 4129 931 4167 re-
971 4111 1107 4182 septimus
1121 4112 1238 4166 Laurus.
1255 4111 1307 4165 llic
1327 4127 1393 4181 ergo
1407 4110 1438 4164 in
1457 4109 1547 4165 sterili
1566 4126 1600 4163 ac
1614 4109 1774 4164 vastissima

132 4194 244 4264 quirent
269 4195 368 4251 Deuni.
390 4196 580 4268 Dixeruntque
602 4199 691 4253 sancti
710 4200 809 4255 Patres
834 4219 839 4254 :
864 4203 932 4256 Post
971 4200 1132 4265 solitudine,
1145 4208 1173 4255 et
1185 4217 1255 4271 pene
1272 4199 1434 4255 hominibus
1450 4197 1631 4253 inhabitabili
1649 4215 1772 4253 commo·

131 4283 181 4338 hos
194 4291 290 4340 autem
300 4285 348 4356 qui
362 4285 487 4352 veniunt,
508 4286 575 4357 quid
590 4287 691 4342 tacturi
703 4290 789 4344 sunt?
804 4290 929 4361 Respon·
940 4295 1075 4389 Ifantes,
1090 4289 1176 4344 semel
1190 4289 1244 4344 sibi
1258 4290 1287 4344 in
1306 4289 1465 4360 septimana
1476 4286 1611 4342 videndos
1626 4303 1657 4342 se
1669 4286 1773 4358 praebe

131 4373 200 4429 dens
210 4374 293 4428 dixit:
303 4374 437 4428 Homines
446 4376 636 4445 generationis
647 4377 722 4432 illius
731 4379 929 4434 mandatorum
971 4377 1048 4434 bant.
1063 4378 1247 4434 sabbatorum
1259 4377 1513 4450 namquedie,hora
1524 4376 1580 4430 diei
1591 4392 1772 4430 nonaconre-

131 4461 275 4534 Deiopera
284 4478 342 4516 non
357 4461 507 4528 habebunt,
518 4469 547 4517 et
556 4472 695 4536 praecepta
705 4467 755 4521 Dei
767 4467 931 4524 obliviscen·
971 4467 1239 4538 niebantsingulide
1248 4467 1380 4522 locissuis
1389 4466 1423 4521 ad
1436 4466 1527 4521 locum
1536 4464 1592 4519 sibi
1601 4465 1771 4531 condictum,

130 4555 186 4604 tur.
202 4550 448 4622 superabundabit
462 4557 557 4605 autem
572 4558 640 4608 tuuc
652 4554 797 4625 iniquitas,
810 4563 838 4611 et
852 4558 930 4612 resri-
971 4556 1127 4611 deierantes
1137 4556 1340 4628 unusquisque,
1352 4555 1376 4610 si
1391 4554 1457 4626 quid
1471 4553 1598 4609 invenire
1608 4558 1731 4625 poterat.
1740 4553 1775 4607 Et

130 4647 225 4710 gescet
238 4639 360 4695 charitas
369 4640 525 4694 multorum
540 4643 645 4710 (inacta.
659 4647 744 4706 xxxvl.
753 4644 854 4700 Veniet
864 4644 944 4702 rero‘
969 4661 1043 4700 unus
1054 4645 1166 4716 quidem
1182 4644 1325 4700 deferebat
1337 4660 1432 4711 nuces,
1451 4643 1523 4698 alius
1535 4643 1696 4697 lactorouee
1706 4640 1773 4709 (23),

131 4743 216 4799 super
230 4746 277 4784 eos
285 4729 450 4790 tentatio.et
458 4729 506 4799 qui
516 4729 621 4785 inventi
629 4731 772 4786 suerintin
782 4733 830 4789 illa
839 4740 929 4791 tenta·
970 4734 1041 4789 alius
1054 4734 1189 4806 dactylos,
1205 4733 1277 4789 alius
1296 4735 1374 4800 licus,
1391 4733 1463 4788 alius
1476 4731 1577 4787 herbas
1590 4730 1728 4797 risibiles,
1743 4729 1772 4784 id

129 4816 206 4870 tione
225 4818 345 4888 probati,
360 4824 388 4872 et
401 4818 481 4872 nobis
493 4824 522 4873 et
536 4818 666 4874 Patribus
678 4821 783 4876 uostris
798 4825 929 4880 meliores
970 4829 1021 4888 est,
1037 4822 1195 4893 lapsanum,
1206 4823 1374 4894 pastinacas,
1387 4821 1494 4877 caricas
1509 4826 1538 4874 et
1552 4817 1769 4891 petroselinum.

131 4904 259 4972 existent,
272 4911 300 4960 et
314 4907 459 4970 feliciores,
479 4912 508 4962 et
521 4908 732 4978 probabiliores.
969 4909 1026 4966 Iste
1040 4911 1143 4983 quippe
1159 4918 1220 4967 erat
1241 4912 1397 4982 precipuus
1419 4925 1517 4965 eorum
1538 4909 1628 4964 victus
1644 4928 1650 4961 :
1666 4922 1772 4978 panem

170 4990 228 5047 198.
237 4993 586 5057 Quidamfraterabbatem
597 4998 742 5069 requisivit
752 5001 928 5070 Agathonem
968 5016 1091 5070 namque
1106 5008 1135 5055 et
1148 5001 1241 5055 oleum
1257 5000 1299 5053 vel
1312 5005 1409 5071 potum
1420 5003 1500 5053 extra
1515 5014 1600 5052 usum
1614 4995 1768 5051 habebant.

132 5082 233 5148 (Pelea.
254 5084 336 5137 libell.
352 5097 380 5146 x,
399 5101 424 5137 n.
448 5088 473 5151 13
492 5087 585 5139 Pascb.
608 5103 630 5140 c.
652 5087 691 5153 ¹12,
709 5104 737 5142 a.
759 5088 792 5156 l),
808 5091 925 5145 dicens:
968 5089 1174 5144 Tantummodo
1189 5089 1264 5143 enim
1278 5087 1448 5160 supradictis
1457 5085 1552 5141 herbis
1561 5091 1591 5139 et
1605 5085 1699 5156 pomis
1710 5102 1772 5140 sus·

129 5167 425 5234 Volo,Pater.manere
435 5172 688 5243 incongregatione
700 5192 764 5231 curn
777 5178 926 5233 tratribus:
970 5176 1160 5232 tentabantur.
1180 5177 1385 5232 vestimentum
1410 5176 1451 5231 eis
1470 5175 1563 5247 palma
1591 5174 1772 5229 solummodo

128 5257 172 5311 dic
189 5256 256 5310 mibi
271 5261 410 5328 quomodo
432 5261 554 5316 habitem
569 5279 633 5317 cum
647 5264 709 5318 eis?
725 5266 879 5338 Respondit
902 5268 927 5322 ei
971 5268 1121 5339 praebebat,
1140 5286 1213 5341 aqua
1234 5270 1332 5324 inillis
1349 5269 1417 5324 locis
1430 5268 1546 5323 minime
1560 5266 1770 5321 inveniebatur.

128 5362 213 5401 senex
230 5364 236 5398 ι
258 5345 380 5401 Observa
393 5347 445 5401 hoc
457 5366 512 5419 prae
528 5352 666 5433 omnibus,
684 5359 717 5407 ut
732 5355 822 5426 qualis
837 5356 928 5427 primo
969 5357 1067 5428 Neque
1077 5357 1151 5412 enim
1164 5357 1420 5428 aliterpotabantur
1430 5372 1514 5428 quam
1525 5361 1662 5410 exeuntes
1675 5371 1767 5418 mane¹

128 5434 352 5506 dieingredieris
362 5435 437 5507 apud
446 5436 532 5507 ipsos,
544 5438 609 5494 telis
619 5440 705 5497 etiam
715 5443 838 5516 reliquos
848 5461 929 5516 pera·
969 5461 1001 5500 ac
1015 5446 1204 5502 discurrentes
1218 5463 1269 5519 per
1285 5446 1409 5502 diversas
1426 5444 1528 5500 herbas
1542 5444 1712 5516 colligentes
1726 5460 1768 5498 ro·

127 5537 178 5593 82³
192 5521 252 5578 dies
267 5537 331 5577 cum
345 5521 515 5579 humlfiffle·
967 5548 1036 5602 iam,
1046 5533 1357 5606 quiaffluenticsimeibi
1369 5531 1554 5602 cadit,etiude
1565 5530 1775 5589 tantummodo

782 5677 790 5709 l
