3818 6120
131 258 202 318 nea
672 223 1223 328 neunxsemauuumenvuu
1705 262 1773 324 xxm

132 386 320 444 nissehnimi
333 388 427 459 itaque
437 387 589 444 admodum
605 390 705 448 anxius
719 392 846 448 constitit
857 393 1039 456 Era-Acum
1054 395 1150 468 itaque
1165 392 1280 449 vixisset
1293 388 1506 464 quatuordecim
1523 389 1607 445 annis
1617 389 1648 446 in
1658 388 1694 444 iis
1708 405 1768 463 que

131 476 220 549 grius,
230 478 296 533 dum
307 476 342 533 de
355 477 412 532 alia
423 495 508 534 causa
521 486 663 551 ageretur,
670 479 738 536 etde
746 483 808 538 aliis
815 488 930 555 propter
969 483 1212 549 dicunturtlelliis‚
1228 479 1393 537 comedebat
1407 479 1519 552 quidem
1532 479 1616 552 panis
1633 478 1734 535 libram
1746 480 1774 536 ia

132 567 189 621 tale
203 567 308 622 crimen
318 567 472 624 haberetur
485 569 611 641 quaestio.
629 570 697 626 Post
711 588 845 642 magnum
863 589 930 644 ergo
970 573 1016 629 die
1031 596 1037 644 ;
1051 572 1186 628 trimestri
1202 576 1297 627 autem
1317 576 1445 642 tempore
1466 569 1521 625 olei
1546 568 1713 635 sextarium,
1737 569 1777 624 rir

132 655 212 714 illum
228 661 335 711 metum
351 663 380 713 et
393 675 534 715 summum
549 659 636 716 animi
651 677 796 731 angorem,
812 663 930 733 angelus
971 662 1062 736 quiin
1077 662 1155 717 molli
1167 661 1287 716 delicata
1311 663 1341 715 ct
1353 658 1431 714 lauta
1450 664 1507 712 urla
1519 657 1771 714 fuerateducatus.

132 745 181 816 qui
195 744 230 799 ab
244 746 325 803 initio
338 747 495 819 prebuerat
502 748 645 815 visionem,
655 749 694 804 ita
702 750 928 818 transformatur,
970 750 1102 809 Faciebat
1112 756 1209 806 autem
1219 745 1777 812 centumorationes,scribensannuatim

131 839 164 889 ut
179 834 321 891 rideretur
334 837 432 892 adesse
452 854 606 908 germanus
630 844 659 894 et
682 839 808 895 sincerus
823 840 931 897 amicus
972 840 1199 913 pretiumsolum
1217 855 1315 894 eorum
1340 854 1402 909 qum
1425 834 1606 903 comedebat;
1633 835 1777 908 eleganter

130 923 253 996 Evagrii,
268 925 347 981 ualde
361 925 579 998 obstupefactus,
596 933 625 982 et
639 928 755 985 tristitia
770 930 885 986 affectus
895 930 931 985 ob
972 931 1048 985 enim
1063 928 1203 984 scribebat
1215 928 1334 998 celerem
1345 926 1547 983 characterom.
1560 925 1634 980 Cum
1650 941 1721 995 ergo
1735 925 1776 980 iu·

131 1017 241 1070 tantam
255 1015 430 1071 uinculorum
439 1016 595 1083 infamiam,
605 1024 633 1072 et
642 1018 739 1074 dicens
755 1019 780 1073 ei
794 1019 933 1075 vinctoin·
972 1025 1019 1074 tra
1031 1018 1191 1092 quindecim
1201 1033 1341 1073 annorum
1349 1015 1472 1090 spatium
1486 1019 1615 1070 mentem
1626 1013 1773 1085 expiasset.

130 1109 176 1159 ter
195 1110 307 1160 catenas
329 1105 516 1177 quadraginta
531 1122 643 1161 reorum
662 1126 669 1161 ι
693 1107 830 1163 Curcum
852 1114 933 1164 tanta
972 1109 1074 1180 dignus
1086 1113 1128 1163 ast
1140 1106 1254 1162 habitus
1271 1106 1344 1162 alono
1354 1104 1521 1176 cognitionis
1535 1109 1565 1158 et
1578 1102 1740 1175 sapientiae,
1752 1109 1778 1156 et

131 1193 287 1264 ignominia
297 1194 431 1249 detineris
449 1212 512 1249 cum
528 1196 593 1261 reis,
608 1196 721 1251 domine
730 1197 867 1252 diacone?
878 1199 929 1254 lllo
969 1196 1145 1252 discretionis
1157 1195 1317 1268 spirituum.
1334 1194 1361 1250 Is
1378 1192 1536 1265 composuit
1556 1198 1617 1247 tres
1632 1207 1728 1246 sacros
1741 1191 1775 1246 li·

64 1328 69 1335 .
132 1283 158 1337 ei
173 1282 378 1338 dicit:llevera
389 1284 501 1356 quidem
517 1285 868 1358 nescio;suspicornutem
880 1289 928 1353 N,
971 1282 1440 1356 brosmonachorum‚quidicitur
1462 1279 1716 1352 'hvtrppqaraahoc
1730 1290 1770 1335 ost

132 1367 180 1437 qui
189 1372 272 1422 estex
281 1368 428 1440 praefactis,
449 1385 494 1423 rna
509 1369 652 1433 detulisse,
669 1375 777 1425 motum
792 1372 930 1443 zelotypia
970 1374 1203 1440 Contmdictoria,
1217 1371 1400 1445 suppeditans
1423 1375 1498 1425 artes
1513 1369 1618 1441 quibus
1630 1369 1669 1425 sit
1692 1373 1773 1425 uten-

130 1453 201 1511 citra
215 1457 302 1512 ullam
315 1458 467 1523 rohonem,-
484 1464 511 1513 et
522 1475 618 1513 vereor
634 1475 668 1514 ne
683 1460 865 1530 magistratus
871 1461 929 1515 fue·
969 1465 1038 1519 dum
1047 1464 1181 1519 aduersus
1194 1463 1345 1518 daemones.
1360 1460 1392 1516 Ei
1406 1458 1559 1532 aliquando
1571 1473 1694 1529 marem
1703 1458 1775 1515 exhi·

131 1544 170 1599 rit
183 1544 218 1599 ab
234 1562 267 1600 eo
282 1552 429 1618 corruptus
447 1548 573 1619 pecunia,
588 1555 674 1603 etms
690 1549 810 1604 maximo
825 1549 930 1604 afficiat
969 1552 1030 1609 buit
1045 1552 1205 1608 molestiam
1224 1552 1333 1607 daemon
1347 1547 1550 1615 fornicationis,
1566 1552 1600 1602 ut
1614 1546 1676 1620 ipse
1692 1545 1771 1602 nobis

130 1633 278 1705 supplicio.
288 1635 361 1689 Dicit
372 1636 398 1690 ei
409 1636 433 1690 is
448 1637 496 1707 qni
511 1636 592 1692 amici
609 1639 728 1708 figuram
744 1644 926 1711 susceperat:
970 1642 1113 1709 narrauit3
1130 1645 1233 1696 ettota
1258 1644 1340 1694 nocte
1354 1637 1434 1693 stetit
1456 1638 1486 1692 in
1510 1644 1597 1709 puteo
1619 1651 1685 1691 cum
1701 1643 1771 1691 esset

132 1722 161 1780 si
168 1723 266 1778 audias
281 1725 473 1794 amicum,tibi
488 1727 616 1793 consulo,
632 1744 688 1782 non
701 1727 751 1782 tibi
763 1728 875 1800 expedit
884 1729 929 1784 de·
938 1731 1073 1814 Bhiems,
1088 1730 1158 1785 adeo
1173 1735 1205 1785 ut
1224 1729 1286 1800 ejus
1311 1744 1409 1783 carnes
1423 1726 1488 1798 gelu
1500 1725 1774 1796 constringerentur.

128 1827 198 1883 gere
207 1813 236 1867 in
254 1812 305 1868 hac
324 1814 445 1870 ciuitate.
463 1815 535 1871 Dicit
547 1815 573 1870 ei
586 1816 735 1887 Euagrius:
748 1817 778 1872 Si
795 1818 869 1873 Deus
885 1834 930 1873 me
971 1821 1131 1892 Aliquando
1143 1824 1239 1875 autem
1255 1834 1353 1873 rursus
1367 1816 1393 1871 ei
1404 1815 1561 1871 molestiam
1572 1813 1705 1869 exhibuit
1718 1815 1774 1886 spi-

129 1901 398 1965 libemxoritabhac
408 1904 576 1970 calamitate,
590 1905 778 1960 etmexideris
793 1907 930 1962 Constan·
971 1910 1044 1965 ritus
1058 1908 1255 1980 blasphemiae,
1273 1911 1303 1961 et
1326 1905 1516 1978 quadraginta
1537 1901 1640 1958 diebus
1655 1919 1714 1958 non
1736 1909 1776 1957 cst

129 1989 260 2063 tinopoli,
272 1993 345 2047 scias
356 2009 401 2047 me
404 1994 469 2063 J'ure
478 1992 573 2048 subire
583 1994 854 2066 hocsupplicium‚et
868 2013 929 2052 esse
969 2004 1076 2054 tectum
1090 1999 1243 2069 ingressus,
1259 2001 1291 2051 ut
1313 1996 1373 2069 ipse
1388 1994 1468 2050 nobis
1483 1992 1621 2059 narrarit,
1646 1992 1718 2047 adeo
1745 1996 1774 2046 ut

72 2136 81 2159 s
130 2079 247 2150 dignum
260 2080 441 2152 aliomajora.
457 2082 531 2137 Dicit
545 2083 571 2139 ei
586 2083 693 2139 amicus
710 2102 717 2139 ε
733 2083 762 2140 Si
779 2084 818 2139 ita
832 2083 926 2153 habet,
970 2105 1071 2160 eorpus
1087 2088 1159 2158 ejus,
1179 2102 1236 2141 non
1250 2101 1329 2140 secus
1343 2101 1375 2139 ac
1390 2100 1491 2155 eorpus
1505 2083 1634 2136 terarum
1644 2081 1773 2136 animan·

129 2167 189 2224 fero
198 2170 233 2224 ad
244 2176 407 2226 tesanctum
417 2172 593 2242 evangelium
604 2191 610 2240 ;
620 2173 686 2243 jura
692 2173 762 2229 mihi
773 2174 803 2228 in
814 2177 930 2247 eoquod
971 2176 1052 2244 tium,
1062 2176 1159 2231 ricinis
1169 2179 1290 2230 scateret
1301 2171 1385 2243 (137).
1400 2172 1431 2228 Ei
1441 2177 1499 2226 tres
1516 2174 1714 2243 apparuerunt
1724 2168 1774 2225 dre

127 2258 243 2313 recedes
253 2258 288 2313 ab
305 2259 357 2316 hac
367 2260 488 2328 ciuitate,
501 2267 529 2316 et
540 2268 594 2317 tuae
605 2262 706 2318 animae
721 2279 817 2318 curam
832 2281 929 2335 geres;
970 2282 1069 2321 mones
1084 2265 1113 2319 in
1127 2264 1225 2319 habitu
1240 2263 1417 2327 clericorum,
1433 2260 1468 2315 de
1482 2260 1538 2315 fide
1548 2276 1615 2314 cum
1631 2275 1666 2316 eo
1681 2258 1773 2330 inqui·

131 2352 161 2400 et
173 2353 201 2401 te
214 2347 339 2403 liberabo
353 2349 389 2404 ab
401 2349 453 2404 hac
467 2351 643 2407 necessitate..
660 2352 794 2423 Euagrius
804 2356 901 2408 autem
921 2370 927 2406 ε
971 2360 1066 2410 rentes
1078 2373 1085 2423 3
1101 2359 1131 2408 et
1141 2370 1215 2409 unus
1225 2351 1339 2424 quidem
1348 2349 1461 2406 dicebat
1471 2366 1536 2404 eum
1552 2365 1617 2404 esse
1624 2348 1771 2412 Asianum,

130 2434 211 2506 Rogo
224 2442 262 2503 te,
276 2438 378 2510 inquit,
388 2439 490 2510 jurabo
501 2446 534 2494 ut
545 2440 681 2508 volueris,
695 2458 739 2495 me
753 2442 930 2497 solummodo
972 2445 1044 2499 alter
1063 2459 1127 2498 xero
1148 2441 1366 2507 Eunomianam,
1387 2439 1487 2495 tertius
1511 2443 1609 2494 numm
1630 2437 1770 2510 Apolline·

130 2523 221 2579 libera
235 2525 271 2579 ab
286 2527 701 2584 hacnubetenebrosa.lnterim
712 2536 807 2584 antem
818 2530 931 2585 eiaffert
970 2533 1080 2598 ristam,
1098 2537 1128 2586 et
1147 2548 1193 2586 eos
1211 2531 1308 2603 paucis
1326 2529 1470 2601 superavit
1491 2526 1595 2599 spiritu
1617 2525 1769 2598 sapientire.

132 2618 260 2668 sanctum
271 2616 930 2690 evangelium,etexigitjusjumndum.Exagrius
971 2622 1079 2678 Romus
1098 2637 1163 2676 cum
1182 2620 1305 2693 quodam
1327 2619 1372 2674 die
1391 2617 1523 2690 periisset
1535 2615 1626 2671 clauis
1640 2614 1770 2679 ecelesia,

131 2706 226 2756 autem
238 2702 262 2756 ei
276 2704 356 2774 jurat
367 2722 417 2775 por
430 2705 605 2776 evangelium
618 2706 708 2761 verbis
723 2706 761 2761 sic
776 2708 927 2779 conceptis:
971 2727 1034 2767 sera
1044 2727 1126 2765 cruce
1133 2710 1254 2781 signata,
1264 2724 1349 2763 manu
1357 2707 1474 2762 trudens
1483 2722 1545 2761 eam
1556 2705 1683 2777 aperuit,
1696 2703 1772 2758 Chri-

131 2787 195 2844 Non
209 2791 328 2847 manebo
343 2793 388 2847 hic
398 2799 500 2865 prater
509 2811 597 2850 unum
607 2794 691 2861 diem,
705 2796 788 2868 idque
800 2803 833 2852 ut
853 2813 930 2852 meas
971 2805 1015 2856 sto
1029 2779 1165 2861 inlocum,
1179 2800 1207 2855 Is
1219 2815 1237 2854 a
1251 2797 1425 2853 daemonibus
1442 2795 1512 2850 adeo
1529 2794 1586 2850 fuit
1603 2793 1770 2864 flagellatus,

132 2884 222 2934 restes
231 2879 260 2935 in
269 2897 368 2937 nauem
382 2882 543 2941 immittam.
556 2884 627 2939 Cum
642 2890 736 2940 autem
749 2886 931 2958 processisset
971 2894 1001 2943 et
1014 2888 1154 2944 variorum
1170 2887 1330 2943 daemonum
1344 2890 1453 2941 tantam
1471 2884 1539 2939 fecit
1556 2882 1768 2956 experientiam,

128 2968 338 3039 jusjurandum,
357 2972 391 3026 ad
412 2990 441 3028 se
459 2973 543 3028 rediit
562 2973 598 3028 ab
613 2974 713 3029 ecstasi
730 2992 792 3046 quae
806 2975 831 3030 ei
846 2981 930 3031 noctu
971 2983 1004 3034 ut
1013 2978 1033 3033 ii
1048 2994 1105 3033 non
1119 2977 1229 3050 possint
1243 2976 1323 3032 facile
1334 2973 1568 3031 enumcrari.Uni
1578 2989 1612 3028 ex
1627 2971 1770 3043 discipulis

130 3064 270 3114 euenerat.
285 3061 412 3132 Cumque
427 3062 602 3129 surrexisset,
619 3063 752 3134 cogitauit
766 3083 772 3118 :
788 3065 848 3120 Etsi
861 3066 931 3121 mihi
941 3068 1039 3136 cauis,
1051 3084 1113 3138 quae
1129 3072 1193 3139 post
1207 3066 1302 3121 elecem
1317 3069 1347 3119 et
1364 3069 1426 3119 octo
1441 3079 1530 3118 annos
1541 3068 1626 3118 erant
1637 3066 1771 3117 euentum

129 3145 183 3200 fuit
192 3147 289 3204 datum
295 3150 648 3220 jusjuranduminecstasl,
654 3153 929 3224 juraritamean·
970 3157 1007 3224 ei,
1022 3157 1101 3224 dixit,
1114 3155 1210 3211 omnia
1229 3154 1255 3210 ei
1269 3153 1422 3227 praedicens
1439 3153 1468 3208 in
1481 3152 1585 3225 specie.
1596 3150 1715 3207 Dicebat
1726 3165 1771 3204 au·

130 3235 213 3291 nibus
222 3252 288 3309 ergo
305 3255 366 3310 quae
381 3239 503 3295 habebat
512 3241 542 3294 in
554 3257 625 3295 nave
636 3242 779 3313 conjectis,
796 3243 872 3298 uenit
886 3245 931 3299 le·
970 3252 1028 3302 tem
1038 3245 1189 3300 hicheatus
1201 3263 1207 3298 :
1219 3242 1259 3298 Ex
1273 3260 1328 3315 quo
1339 3244 1403 3297 veni
1413 3242 1443 3297 in
1455 3240 1649 3307 solitudinem,
1664 3255 1724 3295 nou
1733 3245 1773 3293 te·

128 3325 317 3398 rosolyma,et
327 3329 384 3384 illic
394 3330 531 3402 excipitur
541 3347 558 3384 a
568 3329 651 3386 beuta
660 3332 782 3387 Melania
791 3333 927 3389 Romana.
970 3335 1022 3405 tigi
1037 3336 1184 3401 lactucam,
1197 3349 1253 3388 non
1266 3331 1406 3388 minutum
1416 3331 1486 3396 olus,
1496 3326 1771 3400 nonaliqnidxin'de,

127 3415 236 3472 Rursus
250 3434 313 3472 cum
331 3418 459 3474 diabolus
485 3422 545 3491 ejus
560 3437 608 3476 cor
622 3426 757 3494 tanquam
773 3423 929 3479 Pharaonis
970 3440 1026 3479 non
1040 3424 1172 3490 fructum,
1183 3439 1238 3477 non
1250 3438 1403 3490 uuam,non
1414 3421 1633 3485 lavacrum,non
1644 3432 1769 3481 carnem,

128 3504 298 3572 indurasset,
311 3514 408 3580 utpote
420 3510 606 3566 adolescentis
617 3518 645 3566 et
655 3517 738 3567 aehrte
749 3513 927 3580 luxuriantis,
968 3531 1026 3569 non
1037 3530 1150 3586 panem,
1158 3529 1213 3567 non
1224 3511 1330 3578 uinum,
1338 3526 1429 3582 neque
1439 3509 1555 3565 omnino
1570 3505 1681 3577 aliquid
1691 3522 1725 3560 ex
1738 3506 1771 3559 iis

130 3610 194 3649 eum
209 3597 581 3667 rursusincessitdubitatio,
594 3607 623 3655 et
635 3601 926 3674 animifuitaneipitis,
969 3620 1030 3675 qum
1055 3620 1105 3675 per
1129 3602 1223 3674 ignem
1247 3604 1405 3666 transeunt,
1420 3603 1523 3671 praeter
1545 3595 1679 3667 quasdam
1697 3594 1770 3649 olera

128 3700 193 3738 cum
207 3689 303 3740 tamen
317 3687 424 3742 nemini
441 3688 595 3760 quidquam
610 3689 734 3744 dixisset.
752 3690 812 3755 Quo
822 3690 927 3747 factum
968 3692 1064 3758 cruda,
1081 3697 1110 3746 et
1123 3690 1264 3745 modicum
1279 3705 1373 3761 aqum.
1392 3688 1494 3742 Postea
1509 3691 1608 3740 autern
1631 3689 1712 3738 sexto
1725 3682 1769 3737 de·

129 3777 173 3826 est
186 3777 220 3828 ut
240 3779 269 3828 et
282 3781 372 3830 restes
386 3793 484 3832 rursus
498 3784 631 3845 mutaret,
648 3783 676 3832 et
689 3779 718 3833 in
731 3779 886 3834 differendo
901 3781 927 3835 ei
967 3781 1040 3838 cimo
1050 3796 1125 3836 anno
1139 3779 1261 3835 instituti
1267 3778 1331 3833 vitae
1340 3795 1399 3832 suae
1411 3783 1480 3832 acta
1486 3775 1593 3848 absque
1608 3774 1768 3829 decoctione

128 3865 276 3916 ueternum
285 3863 399 3918 afferret
410 3881 482 3919 vana
492 3866 583 3937 gloria
595 3885 600 3919 :
612 3867 661 3921 sed
670 3867 744 3923 Deus
755 3868 802 3938 qui
812 3867 930 3940 impedit
970 3870 1053 3940 ignis,
1068 3886 1132 3924 cum
1148 3884 1223 3936 caro,
1240 3873 1354 3941 propter
1368 3864 1591 3921 imbecillitatem
1606 3862 1732 3935 corporis
1743 3867 1769 3916 et

129 3949 255 4004 omnium
264 3957 392 4007 nostrum
405 3953 590 4022 interitum,ci
605 3957 803 4011 rursnsattulit
817 3958 929 4013 calami·
970 3959 1117 4023 stomachi,
1128 3975 1199 4030 opus
1212 3957 1329 4012 baberet
1338 3961 1370 4010 nt
1382 3954 1487 4027 aliquid
1497 3957 1625 4009 sumeret
1636 3951 1712 4024 quod
1723 3966 1769 4023 per

129 4043 332 4104 tatem,rursus
342 4040 481 4098 infabrem
491 4045 652 4115 conjiciens,
666 4050 694 4101 et
708 4045 809 4101 deinde
819 4047 848 4101 in
865 4048 926 4102 lon·
968 4047 1342 4119 ignemtransiisset,panem
1357 4044 1469 4116 quidem
1481 4043 1768 4114 tetigitmequaquam

127 4143 196 4200 gum
211 4129 350 4203 morbum,
367 4137 493 4204 tempore
501 4135 630 4189 semestri
643 4135 703 4205 ejus
714 4151 828 4190 carnem
838 4153 928 4191 mace·
968 4141 1062 4190 autern
1085 4135 1205 4207 sumpsit
1218 4140 1297 4189 cocta
1318 4134 1409 4188 olem:
1425 4132 1473 4187 sed
1493 4132 1536 4186 uel
1558 4131 1713 4202 ptisanam,
1728 4126 1768 4182 rel

128 4232 278 4290 sanaque
294 4219 318 4273 ei
333 4220 467 4276 afferebat
480 4221 712 4294 impedimentum
732 4223 768 4277 ad
783 4223 925 4292 virtutem,
968 4223 1111 4295 legumina
1121 4223 1191 4278 duos
1206 4222 1345 4278 sunosio
1356 4221 1400 4276 his
1410 4236 1512 4293 corpus
1526 4219 1714 4274 consumebat
1725 4217 1767 4271 hic

129 4307 244 4362 medicis
258 4307 463 4378 dubitantibus,
479 4316 507 4366 et
521 4327 577 4366 non
591 4311 798 4367 invenientibus
812 4314 925 4368 modum
967 4312 1230 4380 beatus,siuilrcans
1255 4311 1381 4365 animam
1404 4315 1502 4364 sancto
1520 4308 1641 4380 Spiritu,
1658 4308 1690 4362 in
1704 4305 1766 4377 Epi-

129 4397 291 4452 cnrntionis.
299 4398 446 4471 Dicitergo
454 4401 480 4454 ei
488 4400 570 4454 beata
578 4401 729 4455 lfelanium
741 4419 747 4454 :
760 4401 823 4456 Non
834 4402 927 4474 placet
936 4431 959 4490 D
968 4401 1080 4474 phaniis
1092 4400 1122 4456 in
1131 4400 1248 4456 ecelesia
1259 4399 1480 4454 communicans.
1494 4397 1583 4452 Nobis
1596 4403 1694 4452 autem
1707 4412 1765 4450 nar·

128 4484 377 4553 mihi,tifi‚morbus
390 4494 456 4543 tuus
469 4488 618 4543 diuturnus
631 4508 637 4556 ;
653 4490 697 4544 dic
710 4507 777 4560 ergo
787 4490 856 4545 mihi
865 4508 926 4562 quae
967 4491 1049 4547 rebat
1058 4488 1373 4562 lricgenerosusChristi
1381 4486 1566 4543 athletacirca
1572 4491 1688 4558 tempus
1698 4499 1766 4539 mor·

128 4573 214 4630 habes
226 4576 256 4629 in
266 4576 430 4640 animo,non
438 4584 481 4632 est
492 4577 654 4633 enimverus
663 4578 709 4632 hic
719 4584 786 4633 tuus
800 4579 925 4636 morbus.
967 4581 1022 4637 tis:
1042 4581 1104 4635 lam
1120 4585 1186 4634 sunt
1208 4584 1266 4634 tres
1290 4577 1357 4633 anni
1370 4593 1403 4632 ex
1418 4593 1473 4648 quo
1493 4592 1550 4631 non
1566 4592 1630 4631 sum
1648 4573 1765 4646 amplius

130 4662 279 4719 Confessus
295 4670 338 4719 est
347 4683 414 4737 ergo
428 4667 454 4720 ei
462 4684 521 4721 rem
527 4666 646 4738 quaesibi
655 4672 786 4722 euenerat
792 4667 928 4724 constan-
967 4675 1082 4725 uexatus
1096 4686 1113 4723 a
1127 4668 1279 4741 eupiditate
1291 4667 1393 4722 carnis.
1406 4667 1435 4721 Si
1446 4669 1541 4720 autem
1554 4670 1620 4736 post
1630 4664 1719 4718 vitam
1728 4663 1765 4717 ite

128 4752 256 4824 tinopoli.
271 4759 363 4821 &M
378 4755 451 4809 Dicit
465 4757 490 4809 ei
505 4754 605 4810 beata:
623 4756 759 4811 Promitte
770 4756 839 4810 mihi
855 4762 927 4811 teste
967 4777 999 4814 ex
1014 4759 1116 4813 uirtute
1134 4762 1235 4823 actam,
1253 4761 1282 4811 et
1295 4757 1466 4810 immensum
1490 4752 1617 4808 laborem
1634 4751 1765 4808 exercita·

129 4840 293 4909 Domino,te
306 4843 369 4899 uitae
380 4845 539 4900 morrasticae
553 4861 667 4917 scopum
678 4861 738 4900 esse
751 4851 925 4913 secuturum,
967 4848 1061 4914 tionis,
1073 4862 1195 4918 eumque
1208 4846 1251 4900 uel
1265 4845 1385 4900 maxime
1399 4842 1592 4908 inflexibilem,
1605 4846 1635 4896 et
1646 4839 1765 4896 sobriam

130 4933 159 4983 et
166 4931 290 5000 egolicet
297 4932 644 5004 peccatrix,oraboDeum,
653 4939 685 4990 ut
698 4934 781 4989 detur
791 4934 840 4989 tibi
854 4940 927 4989 tem·
968 4943 1103 5010 perpetuo
1113 4936 1279 4998 orationem,
1294 4935 1369 4990 bunc
1378 4931 1568 4988 immortalem
1582 4930 1654 4986 adeo
1669 4928 1768 4984 invasit

131 5033 183 5088 pus
196 5026 379 5089 commeatus,
395 5030 423 5077 et
436 5024 499 5078 uitae
512 5023 661 5078 terminus.
678 5024 705 5078 Is
720 5030 814 5079 autem
826 5029 869 5078 est
883 5041 928 5079 as·
968 5025 1049 5080 bonis
1065 5024 1182 5079 infestus
1192 5027 1221 5078 et
1228 5022 1360 5078 exitiosus
1372 5022 1496 5087 daemon3
1513 5017 1582 5091 quid
1595 5010 1632 5072 ab
1648 5031 1767 5072 exsecra·

129 5122 238 5162 sensus.
256 5109 326 5164 Cum
342 5127 375 5166 ea
392 5118 487 5167 autern
509 5119 626 5178 orasset,
646 5111 722 5167 intra
743 5128 846 5184 paucos
868 5112 928 5168 dies
969 5113 1018 5170 bili
1028 5114 1154 5169 daemonc
1169 5112 1227 5184 pati
1237 5116 1369 5183 putamus
1382 5125 1430 5164 eos
1444 5109 1493 5180 qui
1508 5113 1576 5163 sunt
1585 5107 1766 5170 socordiores,

130 5197 289 5266 convaluit,
306 5214 425 5271 cumque
448 5202 472 5256 is
493 5202 668 5266 surrexisset,
685 5200 721 5256 ab
741 5202 789 5257 illa
810 5202 871 5274 ipsa
886 5207 931 5257 est
970 5209 1086 5278 propter
1096 5219 1177 5258 suam
1188 5188 1408 5272 negligentiam?
1423 5197 1600 5254 lluicsuncto
1613 5195 1768 5268 significatu

132 5287 238 5342 amictu
261 5288 414 5343 monastico
428 5290 554 5357 indutus,
571 5297 600 5346 et
614 5307 730 5363 peregre
744 5292 931 5364 proficiscitur
971 5299 1013 5348 est
1023 5292 1174 5364 aliquando
1185 5307 1261 5345 mors
1271 5289 1359 5363 patris
1366 5289 1453 5356 sui,et
1461 5286 1530 5342 dicit
1539 5285 1566 5341 ei
1572 5285 1622 5358 qui
1631 5284 1769 5340 renuntia·

132 5375 162 5431 in
182 5382 306 5432 montera
320 5377 426 5443 Nitriae,
442 5379 488 5450 qui
503 5386 546 5435 est
558 5381 587 5436 in
601 5381 721 5454 AEgypto
738 5399 743 5434 :
760 5381 788 5435 in
800 5397 855 5453 quo
866 5398 930 5437 cum
969 5383 1025 5437 vit:
1043 5382 1145 5436 Desine
1160 5380 1368 5452 blasphemare,
1383 5394 1464 5433 meus
1476 5375 1554 5432 enim
1568 5380 1654 5447 pater
1668 5379 1709 5430 est
1723 5372 1771 5427 im·

132 5463 289 5522 habitasset
308 5466 431 5535 biennio,
454 5471 537 5527 tertio
562 5472 721 5543 ingreditur
734 5472 926 5529 solitudinem.
969 5471 1124 5528 mortalis¹.
1134 5470 1225 5526 Deum
1236 5473 1332 5524 autem
1341 5465 1460 5522 dicebat.
1470 5466 1624 5536 llucusque
1639 5469 1684 5520 est
1698 5477 1772 5519 exac-

169 5554 178 5588 ¹
189 5554 286 5610 Simile
299 5574 394 5631 supra,
411 5559 440 5615 in
451 5558 653 5632 Pelag.,libell.
665 5575 686 5629 1,
699 5577 777 5616 num.
792 5561 819 5616 5.
914 5619 923 5633 ,
