3818 6120
158 203 212 262 ns
689 207 774 263 vrri
794 206 923 262 snvcrr
941 207 1094 264 uacuas
1112 170 1264 268 nouam.
1739 225 1795 284 ‚aaa

157 326 232 381 bane
244 327 419 400 speluncam,
428 327 546 384 humum
556 329 674 400 pedibus
687 330 746 385 suis
759 332 795 385 ad
810 330 893 387 unius
903 332 1086 390 sta-hvitam
1095 351 1187 389 meam
1193 336 1223 391 In
1234 339 1350 395 veritate
1363 345 1502 399 enarravi.
1510 349 1599 413 πει
1613 347 1671 404 Vos
1682 365 1759 421 ergo,
1770 351 1794 406 si

157 423 254 472 turam
263 417 386 472 hominis
397 417 585 489 aggerebaut;
611 437 662 491 ego
677 427 771 475 autem
786 422 844 475 haec
856 423 958 477 intelli·
998 437 1106 492 pugnas
1120 424 1163 478 vel
1177 425 1293 480 insidias
1308 430 1423 500 maligni
1434 433 1520 488 hostis
1535 435 1651 490 sufferre
1666 422 1792 508 potestis,

156 521 236 575 gens,
249 506 403 562 collotenus
417 506 508 579 ipsam
527 508 628 562 intravi
647 510 760 575 fossam,
780 510 848 581 ipsis
866 511 957 582 impe·
998 512 1182 580 considerate,
1198 516 1286 569 ethic
1301 516 1445 574 nobiscum
1461 528 1582 590 manete,
1600 525 1644 578 sin
1659 526 1738 591 alias,
1759 529 1794 582 ad

157 610 224 648 rans
238 595 367 650 leonibus
378 602 411 650 ut
424 596 454 650 in
469 596 568 651 eodem
582 614 627 652 me
638 599 790 669 sepelirent
799 599 956 663 loco.Quod
998 603 1210 670 monasterium,
1226 603 1261 656 de
1278 623 1333 675 quo
1348 610 1453 677 egressi
1469 613 1545 678 estis,
1567 615 1751 683 revertimini,
1766 621 1796 670 et

155 700 221 738 cum
235 685 341 739 sactum
354 685 462 751 fuisset,
480 704 568 741 annos
583 694 640 742 tres
661 689 788 759 sepultus
808 689 837 743 iu
859 690 957 744 eadem
998 687 1134 744 Dominus
1150 692 1224 746 sitin
1238 693 1339 749 itinere
1355 704 1455 751 vestro.

155 772 232 829 fossa
248 775 354 847 peregi.
375 776 485 830 Interea
509 776 618 846 ingenti
642 777 735 847 pluvia
760 778 953 844 descendente,
1034 778 1103 833 Car.
1120 780 1219 835 XXIII.
1237 784 1333 838 -Nos
1345 791 1440 839 autern
1456 804 1519 841 cunr
1535 790 1589 845 ista
1602 808 1618 847 e
1632 799 1729 847 sancto
1743 794 1794 853 Dei

156 869 243 935 rupto
252 870 296 918 est
302 864 436 935 spelunca
444 865 566 936 desuper
575 871 660 937 caput
674 883 767 920 meum
777 866 825 920 ubi
835 866 954 932 stabam,
998 866 1183 934 audissemus,
1196 871 1327 927 cadentes
1341 873 1369 927 in
1382 880 1497 937 terram,
1513 879 1730 948 glorificavimus
1738 883 1794 937 Do·
1855 888 1858 893 ’

157 955 186 1005 et
198 953 293 1007 lucem
307 953 373 1018 vidi,
387 957 416 1007 et
431 953 505 1008 seras
520 971 621 1009 manus
633 954 774 1016 emittens
788 954 957 1027 herbasquae
998 955 1115 1023 minum,
1129 959 1176 1028 qui
1190 959 1257 1014 facit
1271 961 1504 1031 mirabiliasolus,
1517 969 1588 1023 etad
1599 976 1728 1024 sanctum
1738 987 1796 1024 scr·

156 1037 321 1096 incircuitu
340 1059 424 1113 super
442 1049 526 1115 caput
547 1048 638 1108 erant,
654 1044 779 1114 decerpsi
800 1045 954 1098 etcomedi.
997 1061 1118 1116 rumque
1135 1047 1239 1102 Christi
1255 1050 1339 1104 locuti
1354 1068 1451 1108 sumus
1467 1055 1626 1122 Ilacarium,
1644 1059 1768 1114 dicentes
1786 1077 1791 1110 :

156 1128 258 1185 Tribus
273 1131 369 1202 itaque
384 1132 466 1187 annis
480 1132 609 1201 evolutis,
630 1132 781 1188 adfuerunt
802 1135 907 1200 leones,
928 1139 956 1187 et
996 1133 1622 1212 PaterbeatissirneMacarI,orapronobisod
1633 1147 1791 1213 Dominum,

156 1217 254 1273 lumen
263 1220 339 1274 circa
348 1237 393 1274 me
403 1221 539 1287 videntes,
548 1221 719 1276 effodiebant
729 1223 845 1276 humum
858 1222 887 1276 in
901 1239 956 1293 qua
997 1228 1029 1276 ut
1043 1223 1078 1277 ad
1091 1231 1218 1279 nostrum
1230 1243 1357 1282 remeare
1371 1231 1510 1301 possimus
1529 1235 1743 1302 monasterium,
1755 1240 1796 1290 at

157 1322 200 1361 rue
215 1309 451 1382 sepelierunt,ego
461 1312 574 1382 quidem
583 1317 763 1383 totocorpore
771 1329 856 1366 sanus
865 1328 957 1382 egres·
997 1328 1051 1383 que
1059 1315 1381 1372 conversationemtuam
1389 1326 1515 1375 sanctam
1524 1339 1575 1393 per·
1585 1339 1682 1377 omnes
1692 1324 1796 1378 Christi

157 1414 202 1454 sus
217 1415 292 1464 sum,
310 1399 442 1453 virtutem
457 1399 607 1470 pristinam
621 1400 650 1453 in
665 1417 709 1454 me
729 1401 862 1454 sentiens.
878 1401 956 1455 Tunc
997 1400 1133 1456 Ecclesias
1148 1420 1289 1471 enarrare,
1302 1407 1442 1462 credImus
1453 1409 1527 1463 enim
1541 1411 1606 1481 quia
1613 1410 1749 1466 Dominus
1756 1410 1797 1465 id-

156 1486 316 1559 glorificans
330 1487 483 1542 Dominum
496 1505 591 1542 meum
606 1489 701 1543 lesum
717 1489 868 1554 Christum,
885 1489 955 1543 exivi
996 1489 1070 1544 circo
1083 1508 1133 1545 nos
1147 1493 1277 1562 perduxit
1293 1495 1328 1548 ad
1342 1500 1380 1549 to.
1394 1497 1472 1550 Tunc
1482 1499 1576 1552 senior
1590 1500 1697 1555 diutIus
1712 1517 1797 1572 super

158 1574 188 1631 de
202 1577 348 1648 spelunca,
364 1594 526 1648 ponensque
547 1594 641 1648 genua
658 1595 722 1631 mea
741 1577 769 1632 in
785 1582 871 1642 terra,
888 1594 956 1649 qua·
997 1595 1048 1633 nos
1057 1581 1211 1635 orationem
1219 1582 1300 1648 fudit,
1311 1590 1340 1637 ct
1348 1584 1411 1638 fusa
1420 1587 1556 1652 oratione,
1564 1588 1797 1660 benedixitatque

158 1664 288 1737 draginta
296 1667 356 1721 dies
364 1671 393 1720 et
407 1667 594 1738 quadraginta
603 1671 698 1721 noctes
710 1667 739 1720 in
749 1666 847 1720 eodem
857 1665 984 1730 immo-B
996 1668 1137 1722 osculatus
1150 1673 1193 1723 cst
1201 1686 1252 1723 nos
1262 1686 1368 1738 omnes,
1376 1678 1405 1726 ct
1414 1676 1623 1731 commendavit
1630 1677 1752 1744 Christo,
1763 1681 1797 1732 ut

159 1753 218 1811 bilis
234 1757 378 1829 permansi
390 1758 461 1822 loco,
478 1757 640 1812 collaudans
654 1764 683 1811 et
691 1756 840 1811 obsecrans
853 1757 952 1823 Deum,
996 1757 1025 1811 in
1039 1774 1106 1828 pace
1120 1758 1255 1828 dirigeret
1268 1761 1342 1814 viam
1357 1770 1493 1830 nostram,
1506 1764 1607 1819 deinde
1616 1766 1735 1822 tradidit
1743 1785 1796 1824 nos

157 1846 355 1917 etgratIarum
370 1846 495 1901 actiones
505 1846 633 1910 offerens,
647 1844 695 1915 qui
710 1850 792 1900 tanta
801 1845 956 1899 misericor·
995 1845 1124 1900 leonibus
1137 1847 1201 1914 illis,
1216 1849 1380 1920 praecipiens
1394 1852 1434 1904 eis
1448 1859 1481 1906 ut
1504 1853 1720 1910 transducerent
1732 1874 1794 1925 noS,
1835 1872 1846 1888 ·

155 1934 267 1990 diarum
279 1952 398 1990 munera
412 1934 493 1989 nobis
499 1933 697 2006 peccatoribus
709 1935 816 2006 jugiter
830 1941 953 2006 praestat.
997 1949 1144 2005 quousque
1159 1936 1218 1989 loca
1232 1936 1414 1992 tenebrarum
1430 1941 1730 2010 pertransiremus,ubi
1739 1945 1796 2015 pri·

188 2025 262 2081 Cur.
281 2025 368 2079 XXll.
386 2055 421 2064 ·-
441 2024 492 2078 llis
510 2040 576 2094 ergo
595 2024 740 2095 completis
762 2023 870 2091 diebus,
895 2040 955 2078 res·
997 2022 1061 2077 dem
1076 2031 1183 2096 septem
1198 2026 1257 2081 dies
1272 2034 1300 2082 et
1308 2028 1426 2082 totidem
1434 2030 1566 2084 noctesIn
1577 2031 1701 2086 tenebris
1707 2033 1796 2103 jacui-

147 2114 215 2185 pexi
231 2114 262 2167 iu
273 2114 446 2185 speluncam,
461 2119 489 2168 ot
503 2130 566 2168 ecce
579 2119 701 2184 quatuor
716 2114 813 2182 anguli
827 2113 955 2183 ejusdem
996 2128 1068 2167 mus.
1085 2114 1199 2168 Dimissi
1210 2132 1277 2185 crgo
1292 2133 1310 2170 a
1324 2133 1403 2172 servo
1423 2118 1527 2172 Christi
1546 2125 1643 2175 sancto
1661 2121 1793 2187 Marario,

147 2205 297 2277 speluncae
317 2203 422 2257 lumine
436 2203 540 2256 coelesti
563 2203 799 2274 resplenduerunt
813 2202 907 2268 valde,
927 2207 956 2255 ct
996 2217 1129 2272 prospere
1144 2203 1179 2256 ad
1191 2203 1316 2258 absidam
1325 2206 1477 2261 Alexandri
1486 2209 1674 2278 pervenimus,
1681 2208 1729 2263 ubi
1737 2210 1795 2265 leo-

144 2293 209 2347 vidi
227 2292 403 2347 Salvatorem
418 2291 562 2347 Christum
583 2291 612 2345 in
632 2290 774 2345 schemate
791 2290 853 2353 viri,
875 2291 955 2362 quasi
996 2304 1046 2343 nes
1060 2291 1215 2346 salutantes
1230 2309 1290 2359 nos,
1314 2295 1422 2348 concito
1443 2296 1534 2365 gradu
1556 2297 1660 2351 reversi
1679 2299 1795 2353 suntad

141 2397 274 2437 auream
284 2382 433 2436 habentem
447 2381 477 2434 in
492 2380 621 2434 manibus
633 2380 751 2450 virgam,
768 2397 800 2434 ac
811 2380 957 2434 dulcisona
997 2395 1107 2432 servum
1122 2380 1183 2434 Del.

140 2486 221 2527 voce
241 2471 401 2524 mirabilem
421 2476 535 2524 cantum
549 2473 768 2540 personantern3
793 2486 845 2523 vox
859 2474 955 2523 autem
1032 2467 1097 2520 Cur.
1114 2469 1212 2523 XXIV.
1234 2496 1263 2511 υ·
1277 2471 1366 2541 Igitur
1386 2472 1497 2526 t'avento
1519 2472 1631 2528 Christo
1646 2474 1713 2540 Deo,
1733 2476 1795 2530 siue

137 2558 230 2615 illius
245 2561 397 2614 vehemens
411 2563 440 2614 et
455 2559 544 2625 sortis,
565 2558 644 2629 quasi
659 2559 737 2613 mille
748 2558 894 2612 hominum
907 2574 956 2611 au·
996 2556 1128 2626 angustia
1141 2557 1237 2628 aliqua
1249 2566 1376 2614 nostram
1387 2559 1591 2615 ambulavimus
1602 2562 1685 2629 viam,
1707 2568 1736 2617 et
1749 2564 1793 2618 in-

141 2649 297 2704 diebatur.
310 2650 380 2704 Cum
389 2666 454 2704 vero
459 2648 653 2719 jammelodiae
664 2647 784 2702 coelestis
795 2648 896 2702 cantici
908 2663 955 2701 ex·
997 2648 1142 2700 trocuntes
1157 2653 1263 2701 terram
1285 2649 1446 2715 Persarum,
1464 2650 1592 2704 venimus
1609 2650 1639 2704 in
1663 2667 1794 2723 campum

142 2738 313 2811 plerentur,
328 2743 444 2809 repente
454 2755 508 2792 vox
521 2736 612 2791 tribus
627 2735 739 2791 vocibus
753 2736 888 2802 insonuit,
911 2735 955 2789 di·
996 2732 1165 2801 mirabilem,
1174 2735 1222 2805 qui
1236 2735 1339 2790 dicitur
1348 2737 1438 2801 Assia,
1451 2735 1499 2790 ubi
1509 2744 1624 2793 sanctus
1637 2739 1794 2795 Mercurius

143 2844 220 2883 cens
236 2845 242 2880 :
254 2828 355 2891 hrnen.¹
368 2827 433 2881 etin
444 2827 646 2897 sempiternum
656 2841 749 2879 amen.
761 2826 793 2880 In
802 2824 956 2895 ipsaigitur
995 2821 1134 2877 interfecit
1144 2829 1301 2895 apostatam
1312 2825 1465 2889 lulianum,
1477 2831 1506 2879 et
1515 2827 1635 2897 ingressi
1650 2827 1793 2885 denuosu·

145 2916 227 2972 hora
246 2933 376 2987 egressus
391 2933 409 2970 a
423 2917 556 2988 spelunca
579 2915 715 2980 Salvator,
741 2913 893 2967 scandebat
918 2913 953 2968 ad
996 2927 1058 2965 mus
1073 2913 1214 2966 civitatem
1229 2913 1408 2980 Kitissesodo,
1421 2914 1450 2968 in
1461 2916 1793 2988 quapueritresrequie-

146 3007 272 3071 aethera,
292 3011 322 3059 et
341 3022 404 3060 ecce
428 3005 560 3060 contiuuo
576 3004 699 3058 maxima
721 3003 794 3074 Ignis
812 3003 952 3070 columna,
963 2983 985 3044 C
995 3008 1086 3067 scunt,
1103 3019 1159 3056 non
1173 3002 1256 3073 longe
1271 3003 1448 3074 aBabylone.
1465 3006 1534 3060 Post
1545 3007 1603 3061 haec
1618 3007 1725 3078 Tigrim
1738 3011 1793 3063 tlu-

148 3095 236 3168 quasi
251 3093 572 3160 nubesvalida‚intravit
582 3091 874 3164 speluncam,etiacta
887 3097 955 3145 sunt
995 3106 1062 3144 men
1075 3095 1316 3161 pertranseuntes
1340 3092 1546 3163 qulntodecimo
1565 3095 1611 3149 die
1625 3095 1793 3152 intravimus

148 3185 292 3253 tonitrua,
308 3189 337 3238 et
350 3184 494 3237 immensae
508 3183 724 3246 coruscationes,
741 3185 770 3235 et
785 3180 879 3234 omnia
893 3181 955 3234 coeli
995 3179 1198 3245 Jerusalem,et
1206 3180 1241 3234 ad
1252 3181 1411 3252 sepulcrum
1421 3183 1532 3238 Domini
1540 3185 1630 3239 nostri
1639 3186 1705 3240 Jesu
1714 3185 1793 3240 Chri·

150 3273 281 3329 volatilia
304 3272 458 3328 secundum
477 3271 604 3344 proprias
625 3271 717 3326 audivi
740 3286 821 3324 voces
842 3286 952 3337 canere,
995 3269 1041 3335 sti,
1057 3286 1107 3340 per
1118 3275 1218 3324 cuncta
1232 3271 1293 3324 lora
1305 3277 1402 3325 sancta
1416 3277 1578 3326 sanctorum
1592 3278 1714 3340 orantes,
1725 3290 1792 3343 gra-

153 3362 277 3418 diceutia
289 3382 295 3416 ε
306 3363 435 3428 Sanctae,
449 3366 571 3427 sanctus,
583 3367 706 3427 sanctus,
716 3360 852 3414 Dominus
867 3358 951 3414 Deus.
994 3357 1229 3414 tiorumactiones
1239 3360 1351 3414 Christo
1360 3360 1497 3414 Salvatori
1506 3360 1633 3415 omnium
1643 3361 1791 3417 libavInrus

154 3452 212 3523 ligo
227 3453 324 3524 itaque
336 3452 404 3506 dum
417 3450 477 3506 haec
488 3466 640 3516 cernerem,
662 3449 801 3519 sImulque
814 3448 951 3514 audirem,
995 3447 1042 3516 qui
1054 3463 1104 3501 nos
1118 3464 1170 3502 sua
1183 3449 1276 3518 gratia
1290 3447 1444 3503 incolumes
1459 3449 1579 3503 servavit
1593 3455 1691 3505 euntes
1705 3456 1736 3505 et
1748 3468 1791 3506 re·

153 3548 271 3613 propter
284 3541 398 3597 visionis
418 3539 639 3610 magnitudinem
655 3538 770 3592 territus
785 3538 864 3591 valde
879 3553 951 3600 sum,
994 3534 1121 3589 deuotes.
1131 3536 1199 3590 Inde
1209 3535 1420 3606 igituregressi‚
1431 3537 1518 3591 veloci
1528 3538 1790 3595 cursuadnosuurn

154 3635 183 3684 at
195 3630 226 3683 in
241 3630 345 3684 exstasi
363 3635 469 3700 raptus,
485 3628 572 3682 cecidi
586 3627 615 3681 in
633 3632 748 3692 terram,
772 3630 801 3679 et
816 3631 878 3679 octo
892 3625 952 3679 dies
993 3624 1170 3694 pervenimus
1183 3625 1385 3679 monasterium
1396 3644 1402 3691 3
1415 3632 1578 3681 etnostrurn
1588 3628 1788 3699 hegumenum.

153 3716 219 3772 iude
227 3718 381 3790 permansi,
397 3724 464 3773 tunc
475 3734 596 3789 namque
612 3715 735 3770 intellexi
748 3714 813 3785 quia
825 3715 953 3769 Salvator
992 3717 1022 3767 et
1034 3712 1134 3768 fratres
1149 3719 1259 3768 nostros
1271 3730 1368 3768 omnes
1382 3714 1411 3768 iu
1427 3731 1494 3786 pace
1513 3720 1543 3770 ct
1559 3715 1694 3786 sospitate
1707 3734 1789 3789 repe-

154 3807 253 3861 mundi
268 3807 395 3861 Christus
408 3806 544 3861 Dominus
557 3806 629 3859 hanc
639 3805 781 3875 ingressus
791 3803 951 3874 speluncam
992 3802 1106 3869 riantes,
1114 3819 1165 3874 per
1179 3802 1307 3857 ordinem
1322 3820 1383 3874 quac
1394 3804 1514 3858 vidimus
1530 3809 1560 3858 et
1571 3805 1729 3860 audivimus
1735 3807 1788 3860 mi-

154 3894 474 3967 benedixerit‚illamque
483 3893 706 3949 sanctificaverit.
721 3893 799 3947 Tunc
809 3892 953 3962 egointro·
992 3891 1102 3949 rabilia,
1117 3897 1145 3946 et
1160 3891 1366 3946 misericordias
1382 3893 1504 3959 Domini,
1527 3893 1576 3948 sed
1599 3895 1737 3949 et‘vitam
1760 3900 1789 3951 et

153 4001 268 4057 gressus
282 3984 313 4039 in
327 4001 457 4056 eam,pro
466 3983 627 4055 ignorantia
636 3983 749 4054 propria
764 3999 795 4035 ac
811 3981 951 4051 negligen·
992 3981 1233 4035 conversationem
1239 3980 1575 4037 beatissimiblacariiillis
1585 3984 1786 4040 enarravaus

153 4073 204 4141 tia,
220 4075 292 4144 coepi
306 4071 477 4140 satisfacere,
491 4073 652 4127 collaudans
662 4077 691 4126 ct
702 4059 862 4142 glorificans
873 4070 951 4124 Chri·
992 4069 1136 4139 Quotquot
1145 4076 1240 4124 autem
1251 4071 1308 4124 lunc
1322 4070 1482 4137 audiebant,
1501 4072 1653 4127 laudabant
1668 4074 1788 4144 etglori-

153 4168 229 4218 stum
241 4162 414 4217 salvatorem
426 4162 686 4233 acRedemptorem
696 4166 834 4227 nostrum,
843 4164 951 4215 ctcrea-
991 4157 1122 4225 ficabant,
1139 4163 1167 4212 et
1186 4159 1324 4229 hymnum
1344 4158 1474 4213 dicebant
1495 4160 1553 4214 Deo
1570 4160 1647 4215 Patri
1662 4162 1788 4234 omnipo-

153 4255 244 4306 torem
258 4252 395 4319 omnium,
404 4252 450 4322 qui
466 4255 546 4305 tanta
559 4267 604 4304 me
619 4250 754 4305 sustinuit
767 4250 913 4321 patientia,
922 4255 951 4304 et
991 4247 1071 4313 tenti,
1087 4255 1115 4301 et
1127 4246 1198 4301 Filio
1212 4248 1274 4316 ejus
1289 4247 1444 4316 unIgenito,
1460 4247 1580 4301 Domiuo
1599 4265 1630 4302 ac
1649 4250 1785 4304 Salvatori

153 4341 282 4412 perduxit
300 4341 336 4396 ad
350 4341 553 4413 poenitentiam,
569 4344 599 4393 et
612 4355 709 4393 rursus
720 4339 807 4393 talem
822 4339 889 4392 mihi
903 4334 1215 4403 de-Dnostro‚uecnon
1225 4341 1254 4390 et
1265 4334 1381 4406 SpIritui
1390 4335 1553 4389 vivificatori
1563 4342 1591 4391 et
1601 4337 1785 4391 illuminatori

152 4430 319 4484 monstravit
342 4429 530 4485 elementiam.
554 4428 670 4492 Quando
689 4433 783 4482 autem
803 4427 863 4482 haec
885 4432 949 4481 actu
989 4427 1147 4481 animarum
1162 4428 1334 4488 nostrarum,
1350 4425 1398 4495 qui
1415 4425 1507 4480 trinus
1521 4425 1551 4479 in
1564 4425 1701 4496 personis,
1717 4442 1785 4480 uno-

153 4524 223 4583 unt,
241 4524 349 4591 septem
364 4519 394 4573 In
409 4519 462 4572 hac
476 4518 618 4590 spelunca,
635 4518 726 4572 fetatis
738 4534 803 4571 vero
829 4517 948 4588 quadra·
989 4533 1043 4588 que
1058 4515 1167 4570 Deitate
1180 4513 1350 4578 nomInatur,
1359 4513 1425 4568 vivit
1439 4519 1467 4568 et
1481 4520 1581 4585 regnat
1595 4514 1697 4585 ubique
1709 4515 1785 4570 Dcus

152 4607 226 4678 ginta
241 4623 380 4662 annorum
396 4607 544 4662 habebam.
987 4605 1150 4661 benedictus
1164 4610 1193 4659 et
1206 4603 1365 4671 laudabilis,
1383 4620 1458 4658 nunc
1472 4609 1500 4658 et
1523 4620 1642 4675 semper,
1664 4621 1715 4676 per
1729 4606 1785 4659 lm·

180 4698 253 4754 Ecce
268 4696 440 4764 nuncvobis,
460 4697 537 4751 velut
555 4696 620 4750 tiliis
635 4696 816 4762 charissimis,
833 4713 947 4752 omnem
987 4695 1119 4751 mortalia
1132 4693 1420 4760 saeculasaeculorum‚
1435 4695 1537 4748 Amen.

777 4813 968 4869 ROSWEXDI
986 4811 1156 4870 NOTATIO.

176 4915 219 4983 (I)
232 4913 353 4969 Mauorti
367 4913 507 4985 Romani]
517 4913 602 4968 Nulla
611 4913 696 4983 hujus
710 4910 815 4965 mentio
826 4911 856 4965 in
871 4913 944 4968 liar·
1020 4912 1157 4967 Barouius
1168 4911 1197 4964 in
1207 4909 1404 4981 llartyrologio
1416 4910 1552 4976 Romano,
1563 4909 1599 4963 ad
1608 4909 1683 4964 diem
1697 4909 1726 4968 11
1738 4914 1783 4967 Ja-

146 4984 285 5056 iyrolugio
294 4985 431 5041 Romano.
440 4985 624 5055 IIenoIogium
635 4984 805 5046 Graecorum,
817 4981 851 5039 23
864 4983 945 5037 Octo·
985 4983 1088 5048 nuarii,
1104 4983 1243 5036 existimat
1253 4980 1287 5034 de
1298 4981 1476 5034 hocMacario
1487 4982 1614 5035 Romano
1626 4998 1710 5052 agere
1721 4985 1783 5039 Pal-

143 5046 196 5112 bris
216 5076 223 5111 :
240 5056 374 5122 aliodem
391 5054 677 5126 diejcommernoratio
693 5054 721 5108 S.
734 5054 765 5107 P.
778 5055 813 5108 N.
830 5054 944 5108 Macarii
986 5055 1100 5116 lodium,
1118 5052 1185 5107 dum
1199 5069 1260 5122 cap.
1281 5050 1329 5109 1‘23
1343 5057 1490 5105 enumerat
1506 5069 1554 5107 eos
1574 5053 1622 5123 qui
1636 5053 1672 5107 ad
1691 5054 1783 5110 Piuia·

139 5116 274 5184 Romani.
292 5147 305 5180 a
322 5129 429 5182 Menaea
442 5127 504 5180 susa
518 5127 615 5180 eodem
630 5125 675 5178 die
690 5126 761 5179 Acta
775 5126 836 5195 ojus
850 5126 942 5196 expri·
985 5143 1053 5180 num
1068 5124 1201 5179 maritum
1214 5139 1306 5192 parvae
1317 5123 1449 5188 Melania,
1459 5140 1520 5194 quae
1535 5124 1652 5178 nuncin
1669 5124 1780 5193 Siciliae,

134 5204 234 5263 munt,
259 5215 321 5268 quae
339 5215 405 5252 cum
423 5198 466 5252 bis
489 5197 592 5252 nostris
617 5197 700 5267 plane
714 5197 892 5250 conveniunt.
908 5198 941 5251 In
983 5214 1057 5252 nunc
1071 5197 1100 5250 in
1114 5193 1274 5264 Campania
1289 5193 1364 5263 agris
1378 5195 1567 5262 exercebatur,
1583 5203 1779 5251 accesserunt:

129 5260 255 5327 henoeis
262 5277 359 5323 tamen
366 5269 554 5340 peregrinatio
565 5275 593 5322 et
607 5268 741 5322 itinerum
749 5266 939 5334 difficultates,
985 5286 998 5320 r
1014 5267 1159 5333 Similiter,
1173 5265 1272 5336 inquit,
1286 5266 1372 5320 etiam
1382 5266 1497 5348 quidam
1512 5266 1626 5322 nomine
1641 5267 1780 5321 Macarius

128 5348 211 5410 quas
220 5346 281 5395 tres
290 5341 503 5411 peregrlnantes
512 5339 583 5394 Vitae
589 5339 673 5410 hujus
681 5339 939 5403 auctorossubiere,
983 5355 1015 5392 er
1029 5338 1140 5391 vicaria.
1158 5357 1171 5388 n
1183 5337 1320 5391 Barouius
1335 5337 1380 5391 hic
1395 5338 1525 5409 intelligit
1540 5337 1672 5393 vicariam
1685 5338 1781 5407 praese-

128 5413 325 5469 omittuntur.
337 5412 458 5468 Unicum
467 5410 538 5466 Vitae
545 5412 631 5482 hujus
644 5409 845 5480 bisexemplar
856 5409 941 5465 habui
983 5415 1102 5472 cturaru,
1119 5414 1203 5473 recte,
1219 5408 1293 5479 quod
1308 5424 1341 5462 ex
1361 5423 1396 5461 oa
1410 5411 1594 5464 monasticam
1616 5409 1701 5463 vitam
1716 5426 1778 5462 arn·

126 5490 169 5540 ex
184 5482 306 5540 abbatia
315 5482 505 5550 Eiubameusi,
518 5483 679 5538 charactere
691 5480 774 5552 plane
789 5481 904 5536 recenti.
983 5479 1079 5550 plexus
1091 5478 1140 5538 sit.

265 5583 399 5649 Parnon.
422 5583 560 5646 LXXIII.
1315 5660 1318 5667 Ι
1622 5579 1659 5641 lt
