3818 6120
128 279 181 343 679
641 276 688 333 DE
706 276 801 334 viris
821 272 970 333 PATRUM
988 275 1096 333 LIBER
1113 275 1259 334 PRIMUS.
1715 274 1768 335 680

128 418 264 476 tremens,
279 413 384 463 terram
399 402 583 475 conspiciens,
597 405 626 457 et
638 404 708 459 nihil
722 404 780 460 ullo
795 404 878 459 modo
888 403 959 463 lod
970 419 1032 458 sum
1043 409 1168 476 operata.
1185 405 1281 459 Dicam
1291 402 1470 470 autom,nihil
1479 418 1596 476 negans,
1612 404 1663 460 sed
1676 403 1768 462 verius

130 494 557 574 quens.Jurabatautem,Deum
565 496 667 550 testem
675 493 749 548 verbi
759 509 927 566 proponens,
970 493 1299 566 reserani,supplicanste
1310 494 1388 566 prins
1396 499 1429 549 ut
1438 510 1493 549 non
1499 494 1614 549 deficias
1623 511 1706 551 orare
1718 513 1767 569 pro

130 590 263 662 quoniam
277 592 308 641 ut
323 584 391 639 vidit
415 600 478 637 eain
505 590 730 654 perseverantem
752 583 782 637 in
796 581 930 637 orationis
970 590 1069 650 nie,ut
1083 583 1303 639 misericordiam
1319 584 1767 657 merearetinveniamindieju-

128 677 294 742 constantia,
307 674 455 747 paululum
473 673 587 728 elevatis
602 672 636 725 ab
651 677 765 743 aspectu
777 677 931 737 terraocu·
971 673 1044 727 dicii.
1059 674 1093 727 Et
1103 691 1187 728 senex
1197 674 1318 728 sullusus
1340 674 1482 745 lacrymis,
1492 673 1586 729 ilebat.
1597 676 1678 730 Tunc
1688 676 1769 747 capit

129 769 172 834 lis,
187 766 256 820 vidit
269 781 333 820 eain
347 765 483 818 elevatam
499 763 579 833 quasi
598 762 725 816 cubitum
738 777 827 817 unum
840 778 859 817 a
871 768 932 815 ter-
971 763 1073 816 inulier
1086 780 1202 818 narrare
1217 780 1250 817 ea
1263 779 1324 835 quie
1338 764 1373 818 de
1387 780 1417 818 se
1431 770 1521 831 erant,
1537 765 1579 819 ita
1589 764 1705 820 dicens:

128 874 170 924 ra,
185 862 215 910 et
226 856 256 909 in
271 871 335 909 aere
351 853 520 924 pendentem
530 867 620 906 orare.
632 851 681 905 llic
692 857 787 906 autern
803 855 836 904 ut
849 850 928 916 sidit,
1007 853 1071 906 (liin.
1083 853 1360 924 lilll.-Ego,Pater,
1368 853 1490 925 patriam
1496 853 1611 924 quidem
1617 854 1768 926 AEgyptum

130 946 218 1001 nimio
232 961 334 1016 pavore
347 954 500 1013 correptus
512 941 663 1014 prostravit
675 957 705 995 se
719 941 747 995 in
762 947 931 1005 terram,su·
970 941 1055 996 habui
1069 961 1075 996 τ
1093 942 1256 1014 parentibus
1271 950 1366 998 autem
1377 944 1448 998 meis
1462 943 1631 1007 viventibus,
1643 943 1770 999 duodeci·

128 1037 196 1091 dore
208 1035 340 1099 suffusus,
358 1037 387 1087 et
409 1031 528 1086 nimium
552 1030 729 1102 perterritus
746 1029 817 1084 nihil
835 1029 928 1083 dicere
971 1047 1048 1086 inuin
1063 1049 1149 1103 agens
1163 1033 1254 1087 aetatis
1267 1049 1384 1102 annum,
1399 1032 1528 1088 allectum
1554 1033 1669 1088 illorum
1693 1048 1769 1104 sper·

130 1123 327 1198 presumebat,
344 1123 373 1177 in
385 1122 477 1193 seipso
491 1126 586 1174 autem
599 1118 709 1174 dicebat
724 1138 729 1173 :
747 1117 929 1186 nominemi—
968 1137 1049 1186 nens,
1063 1122 1261 1177 Alexandriam
1271 1122 1344 1188 veni,
1357 1128 1387 1176 et
1397 1121 1537 1194 quomodo
1555 1122 1672 1192 quidem
1687 1122 1769 1193 virgi-

129 1232 224 1271 serere
238 1213 303 1268 mei.
970 1211 1088 1266 nitatem
1101 1227 1192 1266 meam
1209 1212 1238 1266 in
1254 1212 1352 1284 primis
1362 1211 1533 1279 violaverim,
1551 1216 1580 1267 et
1594 1212 1720 1284 qualiter
1732 1212 1771 1267 in·

167 1304 326 1360 cii».x1.-
338 1303 371 1357 ln
380 1305 457 1355 terra
466 1305 561 1355 autern
569 1299 837 1371 prostratusjacens,
848 1312 929 1352 sain·
970 1300 1131 1355 desinenter
1141 1306 1170 1356 et
1181 1301 1380 1357 insatiabiliter
1400 1302 1468 1357 vitio
1482 1301 1608 1356 libidinis
1621 1300 1770 1373 subjugata

131 1392 305 1449 dalizabatur
318 1392 348 1447 in
358 1396 462 1455 mente,
471 1395 573 1461 putans
583 1405 619 1442 ne
628 1387 744 1459 spiritus
755 1392 829 1442 esset
842 1387 931 1459 quise
968 1391 1117 1461 Jacuerim,
1127 1390 1260 1446 erubesco
1270 1391 1456 1446 considerare.
1469 1392 1609 1446 Hocenim
1618 1407 1676 1446 non
1691 1391 1770 1447 breve

131 1485 252 1555 tingeret
261 1481 496 1538 orare.Conversa
505 1484 600 1533 autem
608 1477 720 1543 mulier,
732 1477 820 1531 erexit
833 1492 931 1532 mona·
971 1484 1015 1534 est
1028 1478 1136 1534 dicere:
1154 1480 1224 1535 illud
1238 1485 1332 1536 autem
1347 1481 1430 1536 citius
1449 1481 1552 1546 dicam,
1566 1485 1598 1535 ut
1620 1480 1713 1553 possis
1726 1497 1769 1536 co-

130 1575 215 1629 chum
229 1562 323 1628 dicens
337 1590 343 1626 :
361 1569 434 1635 Quid
447 1574 485 1636 te,
502 1567 584 1635 abba,
597 1567 782 1638 cogitationes
796 1571 852 1621 tue
871 1583 932 1638 per·
971 1584 1104 1640 gnoscere
1115 1569 1301 1625 insatiabilem
1311 1570 1371 1625 vitii
1384 1569 1678 1642 meiardorem,quem
1689 1568 1769 1625 habui

130 1663 248 1719 turbant
271 1659 453 1716 scandalizari
467 1659 497 1713 in
513 1675 568 1719 me,
594 1657 662 1729 quia
683 1657 799 1728 spiritus
820 1673 892 1722 sum,
904 1662 933 1710 et
973 1658 1132 1713 inninoreni
1139 1661 1239 1731 stupri.
1254 1661 1355 1715 Decem
1363 1664 1505 1732 etseptem
1513 1660 1710 1731 eteoamplius
1724 1676 1769 1715 an·

130 1755 226 1809 fictam
237 1748 471 1806 oiationemlacio
481 1749 493 1802 l
504 1748 671 1802 Satislactus
685 1751 754 1813 esto,
767 1747 930 1818 homo‚pec·
940 1763 964 1824 B
975 1765 1024 1803 nos
1034 1750 1159 1819 transegi
1170 1750 1279 1821 publice
1287 1750 1315 1804 in
1325 1749 1453 1804 incendio
1460 1751 1556 1820 jacens
1565 1750 1696 1805 luxuriae.
1712 1750 1768 1805 Nan

131 1843 264 1900 catricem
278 1858 324 1896 me
347 1855 409 1895 esse
431 1837 635 1901 mulierculam,
653 1841 748 1890 tamen
767 1852 848 1890 sacro
867 1852 930 1890 sum
974 1845 1088 1909 prepter
1101 1839 1220 1910 alicujus
1234 1840 1339 1894 donum
1350 1839 1540 1910 virginitatem
1550 1856 1643 1894 meam
1654 1839 1769 1911 perdidi;

131 1929 499 2002 circumdatabaptismate3
517 1932 547 1982 ot
558 1942 615 1981 non
629 1943 691 1981 sum
706 1925 931 1996 spiritusscdfa-
974 1928 1153 1998 nequeenim
1162 1929 1197 1983 ab
1205 1929 1346 2001 aliquibus
1361 1930 1428 1984 dare
1441 1929 1600 1985 volentibus
1615 1929 1723 2001 aliquid
1733 1945 1770 1985 ao

131 2023 197 2077 villa
207 2025 235 2077 et
246 2020 316 2076 cinis
327 2024 356 2074 et
365 2024 456 2074 totum
464 2034 540 2082 caro,
550 2021 578 2071 et
588 2016 659 2071 nihil
668 2015 823 2087 spiritualis
840 2015 932 2086 phan-
974 2017 1130 2088 cipiebam;
1148 2019 1201 2073 hoc
1215 2019 1291 2074 enim
1306 2019 1429 2074 libidinis
1442 2019 1537 2074 surore
1558 2036 1698 2075 succensa
1710 2036 1770 2075 con·

130 2106 740 2182 tasiaealiquandoveladmentemreduccns.
751 2105 815 2160 llaec
824 2104 929 2171 dicens,
975 2107 1183 2167 siderabam,ut
1196 2109 1358 2181 ampliusad
1374 2126 1419 2164 me
1428 2110 1548 2165 facerem
1558 2108 1770 2181 currere,griitia

132 2199 631 2274 signocrucissignatlrontemsuam,
645 2196 794 2266 oculosque
805 2193 931 2262 etlabia;
974 2198 1094 2269 implens
1108 2198 1198 2270 stupri
1213 2198 1268 2253 mci
1291 2204 1319 2254 et
1342 2199 1454 2254 sceleris
1479 2199 1664 2255 desiderium.
1682 2200 1771 2271 Neque

131 2292 272 2363 simulque
286 2298 315 2345 et
328 2288 435 2361 pectori
449 2287 581 2343 vexillum
595 2287 685 2340 crucis
700 2285 828 2355 infigens,
838 2285 879 2338 ita
894 2284 934 2339 di·
974 2303 1039 2341 vero
1054 2287 1213 2343 consideres
1226 2287 1292 2360 quia
1307 2286 1357 2361 pro
1373 2289 1477 2344 divitiis
1491 2289 1562 2343 nihil
1583 2288 1770 2361 accipiebam

131 2381 189 2436 xit:
205 2381 289 2446 Deus,
301 2379 374 2434 abba
387 2378 506 2442 Zosima,
520 2376 555 2430 de
566 2375 725 2429 edversario
738 2381 768 2428 et
782 2374 933 2429 immissio·
974 2378 1138 2431 mendicans
1152 2378 1227 2433 enini
1253 2379 1386 2443 vivebam,
1401 2384 1450 2433 aut
1473 2379 1618 2433 multoties
1646 2383 1772 2451 stuppam

133 2471 216 2527 nibus
232 2471 294 2541 ejus
320 2468 420 2522 liberet
445 2482 506 2530 nos,
526 2465 658 2536 quoniam
674 2464 765 2518 multa
785 2480 934 2534 supernos
976 2467 1089 2520 filando.
1101 2467 1276 2522 Desiderium
1292 2469 1419 2533 enim‚ut
1430 2468 1497 2534 diii,
1508 2466 1650 2522 habebam
1665 2468 1773 2523 insatia-

132 2566 176 2615 est
190 2558 297 2613 invidia
308 2559 379 2627 ejus.
396 2557 460 2609 Haec
475 2555 593 2610 audiens
616 2570 711 2622 senex,
727 2553 879 2624 prosternit
893 2570 932 2618 se,
975 2554 1040 2621 bile,
1057 2556 1097 2610 ita
1115 2562 1147 2611 ut
1156 2557 1349 2611 indesinenter
1363 2574 1408 2611 me
1425 2557 1453 2611 in
1467 2556 1648 2627 sterquilinio
1662 2556 1772 2612 luxuiie

136 2655 166 2703 et
177 2646 364 2720 apprehendit
387 2644 472 2716 pedes
488 2645 558 2714 ejus,
576 2642 672 2697 dicens
695 2659 758 2698 cum
783 2642 932 2713 lacrymis:
976 2645 1142 2700 volutarem.
1155 2646 1189 2700 Et
1207 2646 1259 2700 lioc
1273 2647 1343 2700 milii
1362 2656 1424 2702 erat
1434 2645 1579 2717 placabile,
1592 2652 1621 2700 et
1628 2647 1685 2702 hoc
1695 2646 1773 2701 vitam

134 2737 259 2793 Obsecro
273 2742 302 2790 te
317 2751 368 2806 par
393 2733 542 2788 Dominum
557 2734 653 2787 Jesum
670 2732 825 2797 Christum,
839 2747 933 2785 verum
976 2734 1179 2803 existimabam,
1197 2736 1221 2790 si
1235 2736 1426 2790 indesinenter
1439 2741 1546 2791 naturae
1562 2736 1701 2808 injuriam
1719 2748 1773 2808 per·

134 2832 231 2893 88⁶
238 2825 388 2880 Dominum
399 2822 629 2893 nosti·um‚quide
639 2821 747 2891 virgine
758 2821 936 2891 nascidigna·
977 2825 1106 2893 egissem.
1119 2825 1609 2892 llocmodomevitamdacente,ridi
1619 2826 1650 2880 in
1658 2825 1773 2897 quodam

134 2921 180 2971 tus
194 2919 246 2981 est,
261 2930 311 2985 pro
324 2928 379 2983 quo
396 2912 468 2966 hanc
482 2910 582 2964 induta
592 2926 621 2963 es
638 2908 804 2974 nuditatem,
817 2925 935 2980 proquo
976 2921 1060 2969 estus
1074 2919 1200 2986 tempore
1213 2914 1422 2970 multitudinem
1432 2914 1586 2987 Libyorum
1596 2919 1625 2969 et
1634 2913 1773 2987 AEgyptio-

134 2998 748 3073 hascarnesexpendisti‚utnihilabscondas
758 3015 775 3052 a
785 3015 864 3052 servo
874 3002 934 3066 tuo,
977 3020 1038 3057 rum
1054 3004 1134 3074 quasi
1149 3004 1183 3058 ad
1201 3004 1618 3076 mareconcurrentem.Reperi
1628 3003 1775 3076 itaqueali·

134 3110 196 3166 quae
211 3110 250 3158 es,
265 3098 294 3148 et
307 3092 390 3157 unde,
407 3097 435 3144 et
445 3090 556 3161 quando
568 3089 612 3142 vel
627 3087 755 3159 obquam
768 3064 965 3143 causamuoC
977 3109 1070 3164 quem,
1092 3099 1121 3148 et
1146 3093 1334 3165 interrogavi:
1363 3092 1416 3148 Ubi
1430 3093 1568 3148 festinant
1590 3093 1643 3148 iiri
1659 3094 1716 3160 isti,
1730 3091 1773 3164 qui

135 3182 282 3239 titudinem
295 3179 548 3241 hancinhabitasti,
558 3178 606 3232 sed
617 3184 646 3232 et
652 3177 820 3247 omniaquae
829 3177 902 3231 cirea
908 3182 936 3231 te
977 3182 1203 3237 currunt‘lDixit
1212 3189 1307 3237 autem
1315 3183 1403 3237 inihi:
1420 3184 1452 3237 ln
1467 3182 1675 3255 lerosolymam
1684 3197 1774 3238 omnes

134 3279 209 3337 sunt,
217 3271 319 3326 edicito
334 3270 414 3336 mihi,
425 3274 458 3324 ut
469 3269 519 3323 Dei
534 3267 676 3338 magnalia
685 3266 934 3321 saciasmanifcsta.
978 3273 1132 3326 ascendunt
1142 3270 1177 3326 ob
1190 3277 1292 3327 sanctae
1306 3271 1395 3327 crucis
1410 3271 1621 3341 exaltationem,
1638 3289 1702 3344 quae
1715 3278 1774 3344 post

134 3360 280 3433 Sapientia
294 3359 368 3413 enim
396 3357 559 3413 abscondita
583 3362 610 3410 et
636 3356 786 3411 thesaurus
812 3356 937 3411 occultus
978 3361 1085 3432 aliquot
1100 3360 1422 3415 diessolitocelebratur.
1432 3360 1495 3415 Dixi
1510 3366 1606 3415 antem
1618 3361 1646 3415 ei
1660 3366 1690 3415 et
1702 3374 1772 3432 ego:

134 3466 195 3522 quae
209 3449 317 3505 utilitas
336 3448 366 3503 in
381 3447 528 3518 utrisque?
547 3446 619 3500 sicut
639 3445 774 3517 scriptum
789 3450 833 3499 cst
843 3446 934 3509 [dccli.
977 3450 1064 3504 Putas
1076 3451 1228 3521 suscipient
1241 3466 1294 3515 me,
1311 3450 1337 3504 si
1351 3450 1464 3504 voluero
1488 3450 1529 3504 ire
1543 3465 1610 3504 cuni
1636 3450 1727 3522 ipsisl
1744 3448 1774 3504 Et

134 3539 197 3608 xiil?
208 3539 258 3593 Dic
270 3538 339 3593 mihi
359 3536 454 3592 omnia
470 3541 586 3607 propter
600 3535 690 3590 Deum
702 3553 708 3601 ;
720 3550 772 3588 nec
787 3534 861 3588 enim
886 3550 936 3605 pro
977 3538 1129 3595 illedixit:
1145 3539 1174 3594 Si
1188 3538 1275 3595 habes
1290 3540 1416 3603 naulum,
1438 3539 1532 3594 nullus
1557 3545 1585 3593 te
1608 3537 1772 3612 prohibebit.

134 3627 302 3698 gloriatione
328 3632 379 3681 aut
404 3625 592 3680 ostentatione
613 3623 720 3694 aliquid
747 3623 825 3689 dicis,
843 3623 892 3677 sed
904 3628 937 3677 ut
978 3627 1040 3683 Dixi
1051 3629 1076 3682 ei
1091 3647 1096 3683 :
1113 3629 1195 3695 Vere,
1206 3628 1302 3694 frater,
1313 3628 1430 3683 naulum
1444 3628 1486 3682 vel
1496 3633 1644 3700 sumptum
1660 3644 1715 3683 non
1728 3628 1774 3682 ha·

135 3716 204 3771 inihi
220 3715 376 3771 satisfacias
388 3714 528 3785 peccatori
551 3718 579 3768 et
606 3712 731 3781 indigno.
751 3713 841 3767 Credo
860 3712 937 3766 enim
977 3716 1039 3772 heo.
1054 3718 1161 3772 Vadam
1175 3722 1270 3773 autem
1292 3722 1321 3772 et
1346 3716 1496 3772 ascendam
1521 3717 1552 3772 iii
1573 3733 1662 3772 unam
1676 3716 1773 3783 nasim,

136 3806 204 3871 Deo,
221 3805 266 3858 cui
282 3803 360 3867 vivis,
376 3820 440 3857 curii
456 3819 510 3873 quo
525 3806 554 3856 et
567 3801 936 3873 conversaris,quoniamob
979 3824 1064 3878 quam
1079 3807 1282 3862 conduxerunt.
1300 3807 1333 3862 Et
1349 3806 1416 3861 licet
1437 3812 1569 3871 renuant,
1583 3805 1773 3878 memetipsam

134 3891 328 3964 hujuscemodi
342 3907 402 3945 rem
418 3890 542 3946 directus
556 3907 619 3945 sum
630 3890 741 3945 inhanc
756 3890 936 3946 solitudinem
977 3898 1105 3965 tradam3
1119 3914 1219 3968 corpus
1233 3897 1307 3951 enim
1323 3913 1417 3951 meum
1434 3896 1464 3951 in
1478 3900 1620 3967 potestate
1633 3895 1773 3954 habentes.

133 3986 166 4038 ut
179 4000 212 4037 ea
226 3998 287 4053 quae
301 3980 417 4035 circata
431 3987 497 4035 sunt
516 3981 590 4035 Deus
601 3980 686 4035 faciat
705 3980 862 4035 manifesta.
873 3980 937 4035 Non
978 4004 1029 4058 pro
1039 3986 1123 4042 naulo
1138 3986 1286 4059 accipient.
1294 3987 1448 4058 Propterea
1462 3990 1558 4039 autem
1574 4002 1641 4041 cuni
1655 3985 1696 4039 eis
1707 3982 1773 4039 volui

134 4073 210 4128 enim
223 4076 327 4127 nostrae
342 4071 453 4125 virtutis
468 4078 511 4125 est
527 4071 641 4143 judiciis
656 4071 786 4126 resistere
800 4071 860 4126 llei.
876 4068 938 4125 Nisi
978 4074 1123 4131 ambulare
1139 4075 1222 4143 (abba
1236 4092 1325 4139 meus,
1340 4076 1460 4146 ignosce)
1476 4081 1509 4131 ut
1529 4075 1637 4131 inultos
1648 4073 1774 4129 haberem

134 4261 257 4333 qualiter
270 4258 430 4325 decertasti,
447 4274 498 4314 nee
517 4258 636 4330 teipsam
661 4259 828 4330 permiserat
849 4256 938 4311 videri
1015 4256 1080 4311 Can.
1097 4256 1169 4311 XIV.
1184 4281 1217 4291 -
1230 4255 1292 4309 Dixi
1306 4254 1366 4317 tibi,
1379 4254 1417 4307 mi
1431 4253 1546 4307 domiue
1560 4269 1657 4319 senex,
1668 4253 1776 4325 igneae

134 4351 169 4406 ab
183 4351 288 4422 aliquo,
305 4365 357 4404 nec
381 4366 426 4403 nie
453 4350 625 4416 confortaret
647 4353 756 4402 tantam
786 4363 939 4419 properare
979 4346 1058 4411 mihi,
1071 4363 1107 4400 ne
1122 4345 1273 4417 compellas
1287 4346 1332 4398 me
1355 4359 1448 4397 meam
1468 4341 1561 4396 dicere
1575 4341 1773 4398 confusionom.

134 4442 219 4507 viam,
232 4455 372 4510 nusquam
385 4438 524 4492 valentem
540 4439 680 4509 progredi,
693 4438 937 4508 autpotentemde
946 4432 1170 4493 DContreniisco
1179 4434 1263 4501 enini,
1274 4432 1500 4496 novitllominus,
1511 4432 1741 4487 mamlantemm
1750 4436 1776 4485 at

134 4531 204 4586 cella
217 4546 281 4584 mea
291 4528 451 4601 procedere.
977 4526 1069 4596 ipsum
1081 4541 1175 4580 aerem
1186 4524 1232 4579 isti
1244 4538 1388 4578 sermones
1406 4521 1470 4575 mei.
1479 4521 1606 4576 Zosimas
1616 4528 1712 4577 autem
1724 4526 1777 4576 tar·

170 4614 597 4683 cir.xl1.-liaeceodicente‚
614 4616 663 4671 sed
677 4620 705 4671 et
719 4615 775 4671 alia
790 4616 936 4688 plumele·
978 4632 1039 4670 ram
1059 4614 1189 4686 lacrymis
1213 4611 1374 4679 infundens,
1396 4610 1541 4682 respondit
1563 4610 1600 4665 ad
1630 4628 1693 4667 eam
1709 4630 1716 4665 :
1730 4610 1785 4680 llic¹

133 4726 201 4766 vans
211 4726 278 4766 euin
288 4706 487 4774 muliendixit:
498 4706 571 4761 Vere
580 4705 723 4772 erubesco,
737 4707 858 4777 ignosce,
866 4706 938 4761 abba
979 4711 1094 4776 propter
1103 4705 1203 4768 Deum,
1215 4719 1231 4756 o
1245 4708 1338 4757 mater
1349 4717 1424 4766 mea,
1435 4700 1489 4765 dic,
1497 4705 1568 4755 etne
1581 4699 1777 4771 praetermittas

135 4815 224 4867 meus,
235 4798 330 4853 dicere
339 4797 391 4852 tibi
399 4795 605 4868 turpitudidem
616 4812 744 4851 meorum
755 4801 885 4863 actuum3
897 4801 938 4851 ta·
978 4795 1154 4865 sequentiam
1160 4800 1219 4848 tam
1228 4790 1379 4846 salutiferae
1389 4788 1560 4845 narrationis
1573 4788 1779 4845 lllaauteraad·

134 4903 200 4941 men
212 4887 381 4958 quiavidisti
392 4885 499 4941 nudum
516 4902 601 4957 orpus
612 4902 716 4952 meum,
728 4885 875 4940 denudabo
886 4885 936 4940 tibi
975 4884 1098 4954 jungens
1108 4881 1195 4954 priori
1221 4879 1387 4947 narrationi,
1412 4877 1492 4933 addit
1513 4878 1573 4933 hoec
1589 4878 1662 4934 :llle
1686 4884 1779 4934 autem

134 4979 165 5029 et
172 4990 389 5045 operemeorum
399 4981 524 5038 actuum,
537 4979 571 5028 nt
580 4991 731 5045 cognoscas
746 4990 830 5045 quam
846 4973 936 5045 turpis
978 4972 1140 5027 adolescens
1152 4970 1269 5026 audiens
1284 4984 1448 5023 sermonum
1469 4982 1599 5022 meorum
1623 4967 1778 5024 obscurita-

135 5063 251 5119 luxuriae
268 5069 297 5118 et
311 5063 460 5135 opprobrio
473 5063 645 5118 confusionis
660 5064 768 5134 repleta
781 5067 825 5118 est
843 5062 938 5116 anima
980 5067 1035 5116 teni
1048 5062 1113 5130 (ll),
1125 5061 1221 5115 ridens
1235 5058 1371 5114 discessit.
1395 5057 1452 5128 Ego
1467 5062 1563 5111 autem
1576 5055 1683 5124 fusum,
1699 5072 1779 5129 quen

135 5169 207 5208 mea.
222 5154 285 5208 Non
295 5152 380 5220 enim,
393 5158 426 5207 ut
435 5160 466 5207 tu
479 5153 538 5224 ipse
550 5152 744 5220 considerasti,
760 5157 874 5223 propter
888 5151 938 5206 ali·
979 5168 1062 5206 manu
1078 5150 1218 5216 tenebam,
1236 5147 1385 5221 proiiciens
1402 5147 1487 5218 (hunc
1499 5147 1575 5202 enini
1590 5152 1658 5218 post
1670 5151 1781 5220 tempus

137 5257 222 5314 quani
231 5240 431 5312 gloriamque
439 5241 563 5297 circame
573 5247 649 5309 sunt,
665 5242 726 5296 volo
735 5240 937 5306 iiarrare.Quid
978 5240 1161 5296 conveniebat
1175 5256 1220 5293 me
1237 5240 1354 5306 tenere),
1366 5234 1476 5289 cucurri
1491 5234 1528 5290 ad
1543 5252 1635 5302 maire,
1656 5236 1707 5292 ubi
1721 5237 1782 5292 illos

134 5329 937 5403 enimpoterogloriari‚quaediabolusvassuielectionisel-
978 5330 1107 5402 perspexi
1117 5333 1271 5390 currentes,
1284 5331 1312 5381 et
1322 5324 1502 5395 iidiJ'uvenes
1519 5324 1631 5396 aliquot
1644 5326 1674 5381 in
1690 5327 1782 5383 littora

133 5421 221 5478 lectal
233 5419 296 5475 Scio
304 5424 399 5473 autem
407 5421 474 5490 quia
483 5420 506 5474 si
516 5436 750 5492 caperonarrare
758 5439 791 5476 ea
799 5438 863 5493 quse
871 5426 937 5476 sunt
978 5426 1095 5486 stantes,
1108 5434 1224 5474 numero
1235 5415 1316 5487 quasi
1328 5413 1637 5486 decem,satiscorpore
1647 5416 1782 5488 vultuque

135 5512 170 5568 de
186 5527 240 5579 me,
249 5509 341 5580 fugies
355 5526 372 5564 a
388 5525 443 5577 me,
452 5510 533 5578 quasi
544 5511 606 5580 quis
616 5511 707 5582 fugiat
716 5528 733 5565 a
743 5510 936 5583 lacieserpen-
977 5510 1138 5576 acerrimos,
1152 5515 1181 5563 ct
1193 5507 1227 5562 ad
1243 5507 1271 5561 id
1288 5505 1362 5577 quod
1374 5503 1444 5559 inihi
1466 5508 1531 5559 ent
1543 5503 1694 5576 placabile,
1707 5506 1781 5578 opti-

134 5602 181 5672 tis‚
197 5597 313 5657 auribus
322 5614 378 5655 non
386 5598 483 5654 valens
492 5598 599 5667 audire,
616 5600 651 5654 ob
659 5600 859 5674 inexpedibilia
873 5617 935 5673 qua
977 5616 1047 5655 mos.
1064 5600 1152 5656 Erant
1162 5603 1257 5655 autem
1283 5603 1312 5651 et
1331 5594 1390 5662 alii,
1408 5593 1456 5665 qui
1472 5594 1534 5664 jani
1547 5609 1636 5650 naves
1651 5596 1781 5655 awende
