3818 6120
139 287 210 346 itta
677 287 724 343 DE
743 288 837 346 viris
855 286 1004 346 PA'I'RUM
1022 287 1131 345 LIBER
1147 286 1224 346 VIII.
1714 290 1785 352 tlte

138 416 192 471 hoc
206 414 292 470 sclam
303 416 417 486 optime,
427 429 490 469 cum
508 430 571 468 mea
587 413 710 486 parvitas
724 414 751 469 ei
763 414 850 470 fuerit
861 421 936 469 tem·
944 416 970 475 Α
983 418 1076 480 Μ
1090 419 1119 468 ot
1132 413 1260 468 vindicta
1273 413 1375 485 cupido
1387 414 1482 469 animo
1501 421 1564 472 erat
1577 418 1607 472 in
1623 421 1781 489 pastorem,

139 520 207 577 pore
217 505 344 577 aequalis.
356 503 426 558 Erat
432 508 526 558 autem
535 504 596 573 ejus
608 502 698 557 forma
706 505 774 558 satis
789 504 937 560 minutaac
978 503 1067 575 quiad
1075 519 1135 558 rem
1149 503 1273 574 aliquam
1283 505 1450 575 patrandam
1460 507 1538 562 eunti
1546 506 1600 562 sibi
1613 507 1785 564 iueratcum

139 594 240 649 mutila
259 599 287 647 et
303 610 378 661 rara,
395 593 465 664 pilos
481 593 570 647 solum
585 591 692 647 habens
705 593 735 646 in
755 592 842 647 labro.
863 593 938 658 Quin
978 592 1094 649 canibus
1109 592 1168 647 suis
1190 592 1402 664 impedimento.
1418 595 1508 659 Quem
1530 613 1593 651 rum
1610 598 1697 652 vellet
1713 599 1784 653 occi-

138 682 267 738 etiamid
283 697 417 753 suprema
431 687 510 753 parte
523 680 768 753 habebatpaucos.
785 683 858 736 Nam
874 698 936 753 pro·
979 681 1054 743 dere,
1067 681 1162 736 obibat
1175 682 1267 736 locum
1284 683 1313 736 in
1330 699 1384 753 quo
1400 685 1461 754 ejus
1476 701 1540 739 oves
1565 685 1715 741 habebant
1726 694 1783 742 sta·

137 775 202 844 pter
214 771 343 842 ingentes
354 771 465 826 labores
479 770 697 838 exercitationis,
714 788 750 825 ne
765 771 815 842 pili
824 771 938 842 quidem
978 771 1095 835 tionem,
1110 771 1136 826 ei
1149 777 1245 826 antem
1259 772 1448 842 significatum
1463 781 1507 829 est
1515 775 1610 845 ipsum
1626 792 1693 830 esse
1706 769 1783 832 trans

139 860 226 914 menti
244 859 336 916 barba
350 861 376 915 ei
390 861 466 915 enati
482 864 558 914 sunt.
900 852 912 890 i
978 856 1086 911 Nilum.
1104 857 1141 911 at
1153 872 1217 910 cum
1231 857 1331 911 llnrius
1341 857 1389 912 illo
1399 863 1525 929 tempore
1534 859 1702 926 inundaret,
1714 861 1783 916 etad

173 950 217 1004 nd
231 950 306 1006 hunc
316 954 443 1005 sanctum
458 949 614 1004 Macarium
626 965 690 1003 cum
701 950 821 1021 quodam
836 950 882 1004 die
893 966 938 1006 ve·
978 945 1055 1000 mille
1069 962 1169 1016 passus
1176 951 1287 1017 pateret
1295 946 1552 1013 latitudine,ensem
1564 954 1665 1003 tenens
1676 950 1783 1004 mordi-

138 1037 253 1106 nisscm,
266 1046 294 1094 et
304 1039 497 1095 assemanimo
508 1038 766 1104 valdeanxius,dico
775 1040 816 1094 illi
831 1059 837 1093 ε
857 1038 937 1097 Abba
978 1050 1036 1100 cus,
1048 1039 1077 1088 et
1089 1034 1214 1089 tunicam
1227 1051 1282 1105 qua
1294 1041 1355 1089 erat
1369 1036 1485 1091 indutus
1498 1037 1649 1108 imponens
1665 1055 1719 1093 suo
1737 1056 1782 1093 ra-

139 1125 590 1199 Macari‚quidfaciam,quoniem
600 1127 939 1199 meatilignntcogitatio·
979 1122 1040 1194 piti,
1057 1123 1180 1177 natando
1204 1124 1244 1177 sic
1262 1124 1420 1179 transmisit
1434 1125 1560 1180 fluvium.
1585 1127 1662 1181 Dum
1686 1132 1781 1182 autem

18 1183 19 1187 Ἰ
58 1214 61 1219 ’
138 1232 198 1284 nes,
221 1217 292 1272 mihi
306 1216 430 1272 dicentes
451 1235 457 1269 :
480 1216 556 1271 Nihil
577 1216 653 1281 sacis,
669 1217 767 1271 recede
789 1217 863 1272 hinc.
881 1219 937 1273 Re·
979 1212 1275 1283 transnataretpotuit
1288 1218 1384 1284 pastor
1396 1231 1426 1268 sc
1437 1213 1609 1270 abscondere
1619 1215 1727 1270 alicubi
1740 1216 1780 1271 in-

137 1305 257 1377 spondet
267 1307 335 1360 mihi
348 1306 443 1361 dicens
452 1310 565 1360 sanctus
579 1305 663 1359 Pater
674 1305 814 1360 Macarius
829 1307 896 1362 :Die
905 1312 937 1361 tu
978 1300 1099 1358 fodiens.
1110 1301 1182 1355 Cum
1196 1318 1262 1372 ergo
1273 1301 1365 1374 Moysi
1379 1308 1502 1374 coeptum
1515 1320 1574 1358 non
1589 1305 1779 1373 successisset,

137 1395 195 1451 tuis
209 1393 424 1466 cogitationibus
442 1413 448 1449 :
462 1395 580 1467 Propter
594 1394 737 1450 Christum
749 1397 876 1451 custodio
890 1414 938 1470 pa·
979 1390 1076 1445 occisis
1086 1396 1208 1462 qualum
1219 1392 1339 1462 egregiis
1354 1392 1776 1465 arlelibU⁸.01s11¹10⁰0ffig³fi⁸s

137 1482 233 1540 rietes.
977 1479 1074 1534 Nilum
1088 1496 1186 1535 rursus
1197 1481 1377 1549 tranavit3et
1389 1498 1452 1537 cum
1461 1482 1490 1536 in
1500 1499 1617 1554 parram
1627 1484 1779 1554 quamdam

173 1573 248 1641 Hac,
262 1590 278 1627 0
293 1573 418 1628 studiose
429 1578 458 1628 et
473 1571 665 1627 amantissime
683 1574 789 1629 Christi
803 1591 891 1643 serve,
904 1591 937 1630 ex
977 1569 1072 1623 villam
1083 1569 1365 1637 venisset,excoriavit
1375 1571 1489 1637 arietes;
1505 1576 1612 1626 etcum
1626 1588 1691 1643 qua
1701 1580 1792 1635 erant,

138 1661 234 1715 multis
253 1667 282 1715 et
302 1660 412 1732 magnis
425 1662 513 1732 signis
528 1666 557 1715 et
570 1662 769 1717 certaminibus
787 1663 883 1735 inclyti
907 1670 936 1719 et
976 1659 1071 1714 carnis
1085 1659 1192 1730 optima
1205 1659 1381 1726 comedisset,
1398 1666 1426 1714 et
1438 1661 1524 1731 pelles
1538 1677 1590 1731 pro
1605 1661 1672 1716 vino
1685 1663 1779 1718 rendi·

135 1747 239 1804 virtute
253 1749 363 1820 praediti
379 1750 490 1805 blacarii
504 1750 668 1820 significavi.
945 1747 1072 1835 Bdisset,
1089 1764 1152 1802 cnm
1172 1750 1272 1803 saltem
1296 1749 1458 1804 italicorum
1483 1750 1596 1805 circiter
1622 1751 1778 1806 octodecim

173 1836 598 1894 HicMacariusnobisnarravit
612 1840 934 1913 (eratenimpresbytert
978 1835 1030 1908 (ὃὸ)
1049 1837 1189 1904 ebibisset,
1219 1839 1296 1893 illinc
1319 1839 1354 1892 ed
1370 1839 1577 1910 quinquaginta
1590 1839 1780 1896 milliaria&

103 1976 104 1979 ,
137 1941 168 1982 se
179 1926 340 1983 observasse
353 1935 480 1999 tempore
501 1929 705 1983 communionis
721 1931 825 1985 Christi
841 1947 934 1986 sacra·
977 1927 1127 1998 profectus,
1143 1927 1191 1982 ubi
1205 1926 1327 1982 habebat
1340 1928 1498 1999 collegium.

135 2021 307 2083 mentorum,
323 2033 353 2071 se
367 2016 460 2072 Marco
474 2017 650 2072 exercitatori
667 2035 812 2090 nunquam
822 2020 935 2075 dedisse
1012 2016 1064 2071 Hic
1077 2017 1207 2088 princeps
1229 2018 1369 2072 latronum
1384 2033 1449 2072 sero
1462 2017 1579 2073 tandem
1599 2033 1669 2072 casu
1687 2016 1778 2086 aliquo

134 2101 314 2172 oblationem,
334 2107 383 2161 sed
402 2107 427 2160 ei
447 2108 578 2177 angelum
592 2107 702 2162 dedisse
714 2124 749 2163 ex
763 2125 828 2176 ara;
843 2111 935 2164 solum
977 2104 1025 2175 qui
1039 2106 1065 2159 ei
1080 2106 1219 2160 acciderat
1229 2111 1422 2177 compunctus,
1440 2106 1559 2161 tradidit
1573 2107 1704 2178 seipsum
1720 2122 1778 2159 mo-

137 2198 234 2249 autem
249 2194 393 2250 sevidisse
412 2196 532 2266 digitum
550 2212 651 2252 manus
665 2199 726 2267 ejus
741 2199 789 2269 qui
803 2197 898 2254 dabat.
976 2194 1115 2262 nasteri03
1134 2200 1162 2249 et
1171 2195 1321 2250 adtantam
1332 2197 1467 2267 processit
1478 2196 1777 2268 poenitentiamquau·

434 2320 551 2375 CAPUT
564 2321 628 2375 m
879 2326 885 2336 .
975 2287 1034 2338 tam
1049 2283 1346 2355 resipsaeindicarunt.
1356 2286 1434 2341 Inter
1447 2291 1548 2341 cetera
1557 2290 1658 2340 autem
1666 2284 1775 2349 dicitur,

632 2362 637 2373 ’
976 2372 1125 2443 quodcum
1136 2378 1259 2445 quatuor
1271 2375 1395 2429 latrones
1403 2375 1504 2429 ineum
1514 2374 1542 2429 in
1554 2373 1777 2428 cellasedentem

353 2447 412 2501 Vlla
426 2448 532 2501 abbatii
551 2448 639 2501 Mam
654 2445 720 2518 (53)·
976 2461 1136 2529 irruissent,
1157 2463 1321 2533 ignorantes
1345 2480 1409 2518 eum
1433 2480 1494 2519 esse
1520 2464 1664 2534 Moysem,
1680 2461 1776 2517 beatus

172 2551 243 2607 Cum
258 2557 436 2608 essetautem
451 2553 497 2608 hic
511 2553 623 2609 Marcus
635 2553 742 2623 junior,
756 2552 867 2608 dicebat
879 2570 936 2609 me·
976 2549 1086 2622 Moyses
1092 2557 1277 2624 eostanquam
1284 2569 1396 2609 saccum
1401 2553 1641 2624 paleaeligatos,et
1650 2553 1776 2606 humens

137 2640 384 2696 moriterVetuset
393 2643 503 2696 Nouum
512 2643 734 2707 Testamentum,
743 2647 858 2714 eratque
868 2643 935 2698 insi·
975 2637 1118 2710 imposuit,
1134 2641 1212 2696 etad
1227 2644 1346 2697 t'ratrum
1356 2643 1478 2713 portavit
1491 2642 1650 2707 ecclesiam,
1663 2641 1772 2696 dicens:

135 2729 325 2801 gnitermitis,
337 2735 365 2784 et
373 2747 483 2786 summe
492 2735 661 2802 temperans.
670 2731 797 2795 Quodam
812 2748 879 2802 ergo
888 2733 934 2786 die
976 2727 1115 2792 Quoniam
1127 2747 1184 2785 non
1199 2731 1264 2785 licet
1278 2731 1348 2786 mihi
1361 2731 1444 2786 alicui
1462 2732 1553 2785 tacere
1568 2731 1718 2800 injuriam,
1733 2731 1775 2783 in·

136 2835 199 2874 cum
214 2819 283 2874 satis
291 2819 340 2873 otii
349 2819 482 2874 haberem
493 2820 522 2875 in
533 2820 603 2875 cella
613 2837 685 2886 mea,
697 2821 727 2876 in
737 2827 861 2876 extrema
873 2823 933 2891 jam
974 2819 1037 2871 reni
1052 2822 1146 2873 autem
1162 2836 1209 2875 eos
1228 2836 1272 2874 me
1295 2835 1452 2891 aggressos,
1474 2819 1540 2889 quid
1555 2819 1591 2873 de
1614 2818 1651 2873 iis
1672 2817 1775 2888 jubetis

136 2907 198 2978 ejus
222 2914 365 2964 senectute
388 2909 422 2964 ad
447 2926 510 2965 eum
529 2909 619 2975 renio,
638 2915 666 2963 et
679 2909 750 2963 ostio
774 2911 836 2980 ejus
856 2911 932 2964 cella
974 2906 1773 2980 lieri?Hocmodoautemcomprehensiasanctolloyse,

134 2996 254 3052 assideo.
271 2998 360 3062 Quem
375 3014 436 3069 ego,
453 3002 551 3070 utpote
565 2998 612 3069 qui
634 3015 723 3053 essem
735 2998 826 3053 adhuc
841 2999 929 3066 rudis,
972 2993 1031 3049 Dec
1056 2997 1267 3053 confessi-sunt.
1286 2999 1320 3053 Et
1340 3014 1405 3052 cum
1419 2998 1615 3068 cognovissent
1630 3013 1698 3051 eum
1715 3013 1774 3051 esse

137 3084 330 3142 existimabam
344 3104 404 3141 esse
417 3104 502 3159 supra
513 3088 666 3154 hominem,
678 3088 835 3155 sicuterat;
849 3093 962 3153 etan-G
973 3084 1098 3156 Moysem
1114 3087 1161 3158 qui
1175 3087 1230 3142 fuit
1243 3087 1395 3157 aliquando
1408 3087 1527 3155 insignis
1540 3086 1675 3158 princeps
1687 3087 1773 3140 latro·

134 3174 290 3230 scultabam
301 3175 434 3248 quidnam
444 3177 549 3231 diceret
558 3179 600 3230 rel
615 3178 728 3231 iaceret.
742 3177 768 3231 ls
781 3181 876 3237 autem
890 3177 932 3233 in·
973 3189 1053 3243 nuru,
1063 3176 1205 3231 Christum
1221 3193 1253 3231 eo
1268 3177 1382 3231 nomine
1396 3176 1596 3247 glorificantes,
1609 3175 1653 3228 illi
1663 3191 1774 3247 quoque

133 3268 180 3319 tus
194 3265 279 3332 solus,
296 3281 361 3320 cum
373 3265 434 3335 jam
447 3271 560 3319 centum
576 3281 665 3319 annos
691 3265 881 3336 transegisset,
900 3270 929 3320 et
972 3269 1077 3325 mundo
1092 3265 1292 3321 renuntiarunt
1305 3269 1421 3337 propter
1438 3267 1500 3336 ejus
1519 3264 1730 3336 poenitentiam,
1746 3270 1774 3319 et

132 3352 231 3408 dentes
245 3353 396 3419 amisisset,
413 3370 508 3408 secum
524 3354 668 3426 pugnabat
685 3360 790 3409 etcum
806 3354 928 3421 diabolo,
971 3361 1119 3414 evaserunt
1133 3354 1262 3409 monachi
1284 3354 1483 3425 probatissimi,
1497 3353 1537 3408 sic
1551 3353 1712 3423 cogitantes
1725 3371 1731 3406 :
1744 3353 1771 3408 Si

132 3446 160 3497 at
169 3442 296 3497 dicebat:
310 3442 433 3506 Quidvis
444 3442 584 3514 deinceps,
598 3443 727 3514 κακόγηρε,
747 3443 839 3508 idest,
856 3444 929 3497 male
969 3448 1015 3503 hic
1028 3447 1076 3518 qni
1088 3449 1200 3499 tantum
1214 3443 1324 3497 valebat
1346 3443 1454 3498 viribus
1468 3441 1617 3498 latrocinia
1632 3443 1713 3514 parri
1735 3442 1773 3495 fa-

132 3532 234 3586 senex?
243 3530 314 3585 Ecce
321 3532 380 3601 jam
400 3536 429 3586 et
438 3532 533 3587 vinum
545 3531 647 3594 bibisti¹
658 3535 687 3586 ct
697 3532 789 3586 oleum
799 3532 927 3602 tetigisti.
970 3536 1055 3602 ciens,
1071 3534 1110 3589 sic
1123 3535 1211 3589 Deum
1224 3534 1323 3600 timet;
1341 3533 1408 3604 quid
1422 3549 1473 3587 nos
1488 3532 1580 3587 adhuc
1593 3537 1772 3586 nostramsa-

130 3618 204 3684 Quid
216 3620 256 3675 vis
268 3620 399 3691 deinceps
414 3620 559 3692 πολιόφαγε,
571 3621 600 3674 id
614 3626 666 3684 est,
678 3637 761 3674 uorax
773 3620 802 3675 in
815 3620 926 3687 canitie,
968 3627 1058 3680 lutem
1072 3621 1251 3679 differimus?

129 3713 159 3764 et
171 3708 333 3772 κοιλιόδουλε,
349 3709 377 3763 id
393 3714 444 3774 est,
456 3709 546 3763 ventri
558 3710 692 3775 serviens,
708 3709 810 3779 probro
825 3714 854 3763 et
866 3726 929 3763 con·
1005 3716 1123 3769 Beatum
1138 3718 1232 3767 autem
1247 3713 1371 3785 Moysem
1381 3712 1432 3780 (sic
1441 3711 1515 3766 euim
1529 3716 1717 3782 oporteteum
1727 3726 1773 3765 ro·

129 3796 247 3852 tumelia
255 3801 283 3851 te
294 3797 386 3868 ipsum
397 3797 538 3852 afficiens?
552 3796 703 3852 Etdiabolo
713 3796 929 3852 dicenszltecede
969 3820 1041 3859 cerei
1050 3802 1180 3873 deinceps
1190 3802 1281 3856 adorti
1296 3806 1364 3856 sunt
1377 3800 1572 3866 daemones,ad
1581 3800 1771 3854 fornicatoriae

129 3902 148 3940 a
160 3901 216 3950 me,
228 3884 348 3951 diabole,
360 3885 647 3941 consenuistimecum
659 3885 689 3940 in
697 3885 927 3953 dissensionibus,
970 3890 1193 3963 intemperantiae
1208 3891 1384 3962 impellentes
1397 3906 1462 3944 eum
1474 3887 1772 3959 consuetudinem3qui

128 3972 251 4044 injecisti
266 3973 563 4029 mihiimbecillitatem
575 3975 708 4046 corporis,
724 3975 812 4031 fecisti
824 3992 869 4032 me
884 3975 928 4029 bi·
969 3998 1058 4052 usque
1071 3981 1141 4035 adeo
1150 3980 1184 4034 ab
1197 3979 1326 4050 ipsisfuit
1335 3984 1469 4046 tentatus,
1482 3979 1625 4049 sicutipse
1635 3979 1769 4044 samarit,

39 4115 40 4118 ,
130 4061 197 4118 bere
208 4063 312 4128 vinum,
330 4069 359 4118 et
372 4080 483 4118 sumere
497 4065 600 4129 oleum,
613 4081 658 4118 me
669 4064 789 4119 reddens
800 4066 929 4136 volupta-
969 4076 1002 4125 ut
1012 4069 1240 4141 parumabiuerit
1252 4069 1392 4140 quineum
1400 4067 1436 4123 ab
1444 4067 1575 4122 instituto
1583 4067 1769 4122 dimoverent.

130 4152 214 4208 rium.
230 4152 366 4208 Adhucnc
387 4152 438 4208 tibi
453 4153 559 4225 aliquid
573 4151 680 4208 debeo?
694 4153 775 4225 Apud
798 4171 844 4209 me
858 4154 929 4208 nihil
969 4160 1040 4215 Cum
1055 4163 1150 4213 autem
1175 4158 1338 4213 accessisset
1351 4157 1387 4211 ad
1405 4173 1539 4228 magnum
1556 4156 1708 4223 Isidorum,
1724 4156 1771 4228 qui

130 4242 238 4298 invenis
249 4243 324 4314 quod
337 4243 405 4298 velis
422 4242 553 4314 diripere.
569 4243 676 4298 Recede
696 4259 772 4297 ame
786 4244 927 4315 deinceps,
969 4247 1084 4303 sedebat
1098 4249 1127 4302 in
1143 4248 1234 4315 scota,
1247 4247 1329 4301 tertio
1339 4247 1375 4301 ad
1386 4262 1450 4301 eum
1465 4246 1565 4300 retulit
1575 4245 1612 4300 de
1624 4244 1699 4299 bello
1718 4245 1772 4299 tor·

130 4331 244 4387 inimice
253 4332 459 4387 hominumde
468 4332 554 4386 veluti
568 4348 599 4386 se
613 4348 765 4403 provocans
776 4338 805 4386 et
813 4333 928 4387 irritans
969 4337 1127 4392 nicationis.
1151 4335 1202 4390 Cui
1215 4335 1362 4406 respondit
1373 4339 1487 4390 sanctus
1504 4353 1510 4388 :
1526 4335 1569 4389 Ne
1582 4333 1768 4398 conturberis,

130 4436 225 4476 secum
240 4420 417 4491 loquebatur,
442 4420 558 4475 dicendo
575 4437 580 4476 :
597 4419 749 4485 Abesdum,
765 4438 781 4476 o
797 4427 927 4492 nugator,
939 4407 985 4481 Do
999 4426 1104 4492 trater3
1122 4430 1188 4479 sunt
1202 4425 1349 4496 principia,
1360 4429 1390 4479 et
1402 4424 1466 4478 ideo
1480 4429 1510 4478 te
1524 4423 1770 4479 vehementiusiu·

130 4509 160 4565 in
171 4510 274 4566 canitie
288 4516 409 4579 vorator,
426 4514 454 4565 et
470 4510 562 4565 helluo
578 4510 608 4564 in
627 4515 779 4565 senectute.
798 4511 928 4574 Quandiu
968 4521 1110 4581 vaserunt,
1122 4515 1245 4586 priorem
1258 4514 1433 4584 requirentes
1444 4511 1770 4568 consuetudinemSicut

131 4615 178 4655 ero
188 4600 302 4655 tecum?
969 4605 1043 4660 enim
1055 4604 1132 4658 canis
1144 4619 1208 4658 cum
1215 4603 1371 4657 assueverit
1377 4603 1407 4657 in
1418 4602 1534 4657 macello
1545 4617 1652 4673 pernas
1660 4601 1768 4664 rodere,

417 4687 541 4760 CAPUT,
556 4689 645 4743 XXII.
968 4710 1024 4749 non
1039 4693 1146 4748 recedit
1161 4708 1178 4747 a
1196 4692 1412 4759 consuetudine;
1429 4690 1478 4747 sed
1493 4691 1518 4745 si
1536 4690 1623 4746 tuerit
1643 4691 1769 4745 clausum

176 4780 233 4833 Vita
246 4779 352 4833 abbatis
363 4779 465 4846 Moysis
476 4775 541 4846 (54),
554 4782 603 4847 qui
612 4779 669 4846 suit
681 4793 713 4831 ce
726 4779 892 4832 latronibus.
969 4782 1128 4847 macellum,
1142 4784 1171 4835 et
1185 4796 1268 4835 nemo
1290 4779 1316 4834 ci
1339 4779 1457 4845 dederit,
1476 4778 1550 4833 fame
1573 4783 1690 4833 enectus
1714 4795 1770 4833 non

166 4865 233 4922 Fuit
241 4867 356 4938 quidam
371 4868 482 4940 Moyses
496 4866 928 4938 nomine,AEthiopsgenere,ni·
969 4870 1091 4942 amplius
1105 4869 1227 4936 accedit;
1244 4869 1285 4924 sic
1308 4873 1338 4923 tu
1359 4884 1480 4940 qnoque,
1496 4869 1520 4923 si
1534 4868 1727 4939 permanseris
1740 4867 1768 4921 in

130 4971 290 5028 ger,servus
298 4957 445 5027 cujusdam
453 4956 501 5027 qui
509 4956 626 5026 gerebat
632 4954 930 5027 rempublicam3quem
969 4961 1025 5010 tuae
1036 4954 1215 5009 continentia
1229 4953 1437 5019 exercitatione,
1453 4953 1629 5007 mortificans
1644 4951 1769 5006 membra

131 5055 248 5119 propter
261 5060 370 5101 morum
395 5044 606 5117 improbitatem
622 5051 650 5099 et
663 5044 803 5099 latrocinii
824 5045 929 5100 crimen
969 5049 1096 5115 tuaque
1110 5048 1274 5115 suntsupra
1296 5047 1402 5097 terram
1426 5042 1537 5100 ecaton.
1563 5049 1617 5109 nr),
1636 5046 1665 5096 et
1677 5040 1768 5095 exclu-

131 5131 250 5207 projecit
262 5133 322 5203 ejus
335 5134 473 5189 dominus
491 5133 641 5189 Dicebatur
655 5134 730 5188 enim
741 5134 827 5188 etiam
841 5151 929 5206 usque
970 5133 1039 5188 dens
1055 5132 1089 5186 ab
1104 5133 1232 5203 ingressu
1245 5131 1398 5203 ingluviem
1411 5147 1473 5202 qua
1487 5131 1562 5202 parit
1575 5130 1767 5201 intemperen-

131 5222 168 5279 ad
182 5221 271 5277 caedes
286 5222 432 5292 progredi;
449 5239 533 5294 cogor
556 5223 631 5278 enim
651 5222 744 5278 dicere
766 5222 842 5277 tacta
868 5225 929 5294 eius
969 5222 1048 5288 tiam,
1064 5239 1137 5292 tegre
1152 5222 1244 5275 ferens
1259 5221 1378 5287 daemon,
1390 5226 1424 5275 ut
1439 5220 1488 5291 qui
1501 5219 1579 5274 cibos
1592 5236 1652 5274 non
1668 5218 1768 5274 habeat

131 5309 370 5383 improbitatis,ut
384 5316 481 5381 postea
493 5313 639 5367 ostendam
653 5312 786 5367 virtutem
799 5313 860 5383 ejus
873 5330 930 5383 poe-
971 5311 1019 5385 qui
1030 5311 1193 5377 accendant,
1209 5327 1227 5364 a
1240 5315 1268 5364 te
1287 5310 1408 5365 recedet.
1428 5310 1499 5365 Cum
1512 5325 1582 5378 ergo
1608 5309 1768 5364 secessisset

131 5400 267 5457 nitentia.
288 5400 447 5455 Narrarunt
467 5417 534 5470 ergo
548 5401 635 5472 aliqui
649 5418 714 5456 eum
728 5401 814 5456 fuisse
830 5402 928 5473 praeie·
971 5401 1075 5456 Christi
1089 5416 1184 5454 servus
1195 5400 1315 5471 Moyses,
1331 5404 1360 5454 et
1377 5397 1413 5453 ab
1435 5399 1569 5453 illabere
1584 5397 1712 5470 seipsum
1726 5398 1767 5452 in·

131 5495 210 5546 ctum
223 5505 332 5561 magnae
346 5492 465 5544 caterve
479 5489 630 5544 latronum.
641 5490 728 5561 Cujus
741 5491 817 5546 inter
828 5496 930 5547 caetera
970 5490 1099 5546 clusisset
1112 5490 1141 5544 in
1157 5490 1235 5555 cella,
1255 5488 1379 5544 maxima
1392 5488 1423 5544 in
1441 5486 1572 5544 omuibus
1586 5486 1768 5543 exercebatur

131 5570 321 5638 latrocinandi
333 5593 419 5653 opera
432 5577 485 5635 hoc
502 5593 613 5650 quoque
624 5578 723 5650 tertur,
735 5581 811 5653 quod
828 5580 929 5637 intesta
970 5579 1133 5650 tolerantia,
1151 5577 1275 5635 maxime
1295 5583 1392 5635 autem
1415 5575 1632 5660 iaabstinentia
1646 5593 1665 5633 a
1678 5574 1745 5634 cibis
1758 5592 1765 5643 ;
