3818 6120
172 342 225 402 ttl
397 333 399 336 Α
685 341 732 395 DE
750 340 844 396 VITIS
860 334 1010 396 PATRVM
1029 338 1136 395 LIBER
1154 336 1298 393 PRIMUS.
1318 358 1329 373 ·
1759 329 1813 390 468

175 470 237 541 ipso
251 471 454 540 promanarunt
467 466 634 520 transmissa
649 468 762 539 pietate,
782 486 829 522 cos
847 468 905 522 veri
918 468 969 522 Dei
978 467 1040 527 Ain
1052 483 1109 521 uria
1124 482 1252 537 persona,
1270 468 1299 518 et
1312 462 1420 517 duabus
1435 462 1553 529 naturiS,
1569 461 1712 534 perfectus
1725 461 1811 528 Deua,

176 558 333 629 cognitione
349 556 489 609 instruxit.
511 556 635 626 Eamque
652 557 686 610 ob
701 575 814 611 cansam
838 558 973 611 Dominus
1014 561 1043 609 et
1058 557 1141 609 homo
1154 554 1311 626 perfectus3
1327 551 1424 607 matris
1434 551 1625 622 virginitatem
1640 551 1728 604 etiam
1750 555 1813 621 post

176 662 270 700 semen
301 645 389 716 ipsius
416 644 446 697 in
473 644 612 698 infinitam
640 646 849 700 multitudinem
879 663 972 700 excre—
1014 650 1128 715 parturn
1142 643 1176 696 ab
1192 642 1268 696 omni
1280 641 1341 696 labe
1355 657 1532 695 conservans.
1544 639 1748 711 Atqueiisdam
1756 655 1813 693 om·

175 750 251 789 scere
264 733 360 801 voluit,
377 734 567 804 populumque
579 733 632 788 sibi
640 735 809 805 peculiarem
823 735 974 806 appellavit
1014 731 1080 786 nino
1097 731 1198 802 quibus
1210 747 1270 797 nos,
1288 735 1402 801 excepto
1416 733 1539 800 peccato,
1563 726 1743 799 passionibus
1764 726 1814 781 oh·

143 891 146 897 ,
176 822 251 890 (den.
267 836 321 884 xv:
339 825 356 877 Ι
372 825 425 876 Pet.
451 825 499 891 n);
527 839 629 893 eosque
653 824 789 895 AEgyptia
810 824 911 894 gentis,
941 840 973 878 ac
1014 821 1114 875 noxius
1128 819 1325 887 effectustlleb.
1344 819 1391 892 iv),
1408 817 1587 872 infirmitates
1601 820 1814 872 nostrassusce

80 962 83 967 .
174 909 288 982 tyranni
296 909 452 964 Pharaonis
460 911 593 965 servitute
605 912 815 982 pressos.editis
826 913 973 967 horrendis
1014 909 1064 981 pit,
1077 927 1109 963 ac
1124 908 1235 963 morbos
1250 912 1360 962 nostros
1370 906 1491 978 portavit
1502 908 1567 970 (isa.
1584 906 1653 976 ιιιι).
1674 905 1814 972 Quoniam

175 1005 259 1071 atque
275 999 448 1053 admirandis
462 998 550 1070 signis
564 1005 592 1054 ct
608 1001 743 1071 prodigiis
756 1002 931 1073 perMoysen
945 1007 974 1055 et
1014 998 1089 1052 enim
1106 1014 1155 1069 per
1171 1002 1316 1068 peccatum
1341 1013 1417 1050 mors
1441 995 1470 1048 in
1498 994 1635 1049 mnndum
1665 994 1814 1049 introierat

173 1090 325 1153 Aaronem,
337 1088 411 1141 viros
425 1093 535 1142 sanctos
557 1106 588 1142 ac
611 1090 763 1160 prophetiae
782 1090 854 1144 dono
876 1090 974 1162 praedi·
1017 1088 1099 1154 (horre.
1117 1089 1154 1152 x),
1171 1102 1285 1140 neccsse
1300 1089 1362 1138 crat
1376 1090 1407 1138 ut
1432 1083 1480 1154 qui
1498 1082 1700 1155 redemptionis
1720 1087 1813 1148 25!

174 1182 228 1244 tos,
249 1177 346 1231 eduxit
362 1178 458 1242 (Exodi
472 1182 528 1246 xx).
544 1179 668 1241 Quorum
691 1179 776 1232 etiam
790 1196 875 1250 opera
888 1180 974 1250 AEgy-
1016 1190 1131 1228 munere
1148 1175 1346 1245 perfuncturus
1364 1176 1434 1237 erat,
1456 1171 1492 1225 ah
1507 1171 1584 1226 omni
1598 1176 1714 1246 peccato
1728 1188 1813 1242 purus

175 1264 258 1335 ptios‚
272 1281 323 1335 pro
337 1281 370 1319 eo
385 1271 469 1335 atque
483 1266 607 1336 ipsorum
621 1267 788 1338 improbitas
803 1267 973 1334 merebatur,
1016 1268 1097 1327 esset,
1115 1263 1275 1334 peccatique
1290 1261 1373 1315 morti
1384 1260 1500 1314 minime
1510 1259 1656 1315 obnoxius.

176 1354 345 1407 excruciavit
356 1373 362 1420 ;
375 1359 403 1407 et
418 1354 559 1408 lsraelins
574 1356 621 1417 (sic
636 1356 710 1409 enim
724 1357 843 1427 populus
854 1357 909 1422 ille,
923 1357 971 1429 qui
1048 1351 1175 1422 Triginta
1190 1367 1273 1422 porro
1284 1350 1365 1404 annis
1376 1365 1440 1403 cum
1451 1348 1612 1403 hominibus
1626 1355 1768 1415 versatus,
1785 1350 1812 1404 in

177 1441 212 1496 ah
224 1442 383 1496 Abrahamo
398 1448 491 1497 ortum
506 1442 593 1508 duxit,
610 1443 773 1514 vocabatur)
793 1446 873 1499 siccis
895 1447 970 1517 pedi-
1011 1440 1140 1496 iordanis
1151 1438 1440 1494 undisaloauneviro
1451 1444 1556 1504 sancto,
1566 1438 1813 1509 acprophetarum

176 1530 228 1584 hus
242 1547 293 1601 per
303 1530 429 1584 Rubrum
444 1548 530 1597 marc,
547 1532 640 1586 scissis
649 1532 777 1588 videlicet
790 1534 971 1605 aquia,atquc
1013 1526 1613 1600 omniumpraestantissimo,baptizatusest.
1624 1524 1815 1599 quuebapti·

176 1625 236 1672 tum
247 1635 264 1672 a
277 1619 443 1673 dextratnm
452 1637 469 1673 a
479 1620 593 1674 sinistra
604 1622 677 1675 muri
688 1623 778 1677 instar
789 1623 902 1688 effectis,
917 1630 972 1677 tra·
1012 1622 1075 1671 zato
1088 1633 1138 1671 vox
1151 1616 1290 1687 ejusmodi
1305 1616 1339 1669 de
1355 1616 1423 1669 coel⁰
1438 1631 1456 1668 a
1467 1615 1525 1669 Deo
1548 1615 1632 1669 Patre
1647 1615 1744 1669 delata
1757 1620 1812 1669 eat:

172 1707 250 1776 jecit.
268 1707 339 1760 Cum
353 1712 447 1762 autern
460 1709 569 1763 Pharao
586 1715 614 1763 et
626 1711 749 1782 AEgyptil
761 1729 778 1765 a
791 1719 869 1783 tergo
878 1730 971 1767 cossa
1013 1707 1064 1759 Hic
1079 1711 1121 1759 est
1130 1706 1216 1759 Filius
1227 1722 1306 1759 meus
1317 1704 1444 1768 dilectus,
1465 1703 1495 1757 in
1508 1719 1562 1774 quo
1574 1703 1645 1757 mihi
1655 1702 1728 1757 bene
1743 1720 1815 1758 com-

175 1797 339 1862 querentur,
356 1810 473 1847 reversae
483 1811 561 1864 aquae
572 1812 741 1867 eosprorsus
752 1798 922 1851 deleverunt.
933 1800 972 1852 Ac
983 1785 1004 1841 Β
1015 1794 1105 1866 placui
1120 1797 1206 1861 (lura
1222 1795 1262 1862 ιιι)
1278 1811 1284 1846 1
1302 1798 1386 1864 atque
1406 1792 1527 1863 Spiritus
1542 1797 1656 1846 sanctus
1679 1791 1815 1847 columba

175 1885 284 1951 postea,
299 1897 363 1935 curn
379 1898 429 1952 per
445 1882 567 1936 maxima
582 1883 717 1938 miracula
730 1885 894 1956 divinosque
908 1904 973 1958 prc—
1014 1884 1107 1955 specie
1117 1883 1146 1936 in
1157 1884 1251 1953 ipsum
1262 1881 1415 1935 descendit.
1426 1882 1466 1935 Ac
1476 1880 1606 1951 deinceps
1619 1896 1725 1951 magna
1734 1881 1817 1936 etad·

176 1970 492 2040 spectus,quadragintn
502 1987 638 2025 annorum
649 1973 738 2043 spatio
748 1975 883 2044 populum
893 1975 974 2028 inde-
1015 1972 1144 2026 miranda
1157 1972 1238 2041 signa
1252 1971 1362 2024 allicere
1377 1970 1469 2041 coepit,
1484 1974 1610 2022 mortuos
1632 1969 1763 2024 videlicet
1781 1970 1816 2024 ad

176 2063 252 2112 serto
267 2057 427 2124 deduceret,
440 2076 472 2112 ac
485 2061 590 2114 coelesti
605 2078 676 2131 pane
691 2078 755 2116 eum
771 2063 868 2129 aleret,
884 2065 974 2134 legem
1016 2061 1099 2114 vitam
1115 2077 1256 2126 revocans,
1273 2059 1353 2114 cacis
1367 2059 1457 2112 lucem
1472 2058 1600 2122 afferens,
1622 2058 1766 2112 daemones
1787 2059 1816 2112 in

179 2148 251 2218 (qua
262 2146 422 2201 futurorum
440 2153 525 2218 typus
534 2155 618 2218 atque
634 2150 811 2204 adumbrati)
823 2155 891 2221 erat)
907 2153 975 2225 lapi·
1015 2149 1110 2220 fugam
1125 2155 1244 2213 vertens,
1261 2149 1360 2202 surdos
1374 2153 1402 2201 et
1422 2146 1536 2201 claudos
1557 2162 1669 2214 curans,
1690 2146 1817 2218 leprosos

177 2234 236 2289 deis
261 2234 365 2290 tabulis
393 2236 527 2290 divinitus
552 2237 716 2309 inscriptam
745 2240 831 2306 dedit,
857 2257 974 2312 eamque
1016 2254 1149 2309 purgum,
1157 2244 1244 2308 atque
1258 2237 1442 2291 inveteratam
1452 2241 1584 2289 naturam
1594 2240 1725 2289 nostram
1734 2234 1814 2290 undi-

178 2323 267 2395 Moysi
282 2324 311 2377 in
327 2331 422 2378 monte
437 2324 537 2379 tribuit
552 2328 649 2392 (Exodi
663 2331 746 2395 xxxi).
770 2329 836 2392 Quae
861 2330 973 2399 quidem
1016 2326 1417 2398 quercnovans,operibusque
1427 2325 1567 2390 erudiens,
1579 2324 1816 2380 acvirtutisriam

178 2411 213 2465 ah
223 2411 352 2466 omnihus
363 2412 521 2467 simulacris
534 2415 713 2484 etllagitiosis
724 2417 879 2471 actionibus
890 2418 975 2472 abdu-
1016 2417 1144 2480 edocens,
1158 2421 1243 2485 atque
1254 2433 1271 2469 a
1283 2414 1462 2485 corruptione
1473 2413 1649 2479 abstrahens,
1660 2419 1691 2467 et
1700 2413 1736 2466 ad
1747 2430 1818 2468 sem-

178 2499 267 2566 cehat,
282 2500 428 2572 solumque
436 2519 532 2557 verum
545 2503 634 2558 Deum
647 2506 773 2558 venerari
787 2505 912 2560 docebat.
930 2507 975 2562 Sic
1016 2504 1155 2575 piternam
1174 2504 1261 2557 vitam
1275 2503 1328 2556 iter
1342 2506 1513 2556 monstrans
1528 2501 1608 2555 Unde
1618 2501 1817 2556 etiamduode·

178 2589 266 2659 igitur
280 2605 330 2658 per
346 2590 472 2659 ingentia
486 2590 620 2645 miracula
633 2591 708 2663 ipsos
724 2595 751 2647 in
766 2593 867 2648 bonam
879 2613 976 2666 quam·
1016 2593 1071 2646 cim
1086 2592 1236 2662 discipulos
1257 2591 1341 2662 elegit
1359 2591 1469 2662 (Matth-
1492 2589 1559 2652 XIX)-
1581 2606 1651 2660 quos
1675 2590 1816 2661 apostol&

179 2677 245 2730 dam
260 2683 364 2731 terram
371 2678 491 2744 induxit,
499 2696 584 2750 quam
595 2681 661 2734 olim
668 2682 833 2752 patriarchae
842 2684 976 2738 illiAbra-
1017 2680 1181 2747 nominavit,
1189 2680 1312 2751 ipsisque
1322 2678 1467 2749 negotium
1476 2678 1594 2733 deditut
1600 2678 1745 2733 calestem
1755 2679 1816 2734 vitae

179 2765 264 2820 hamo
279 2783 308 2820 se
318 2766 408 2837 ipsius
422 2767 524 2820 semini
536 2768 670 2823 daturum
685 2777 837 2842 receperat.
853 2773 892 2826 lle
915 2773 976 2826 lon·
1017 2769 1156 2823 rationem
1171 2769 1364 2840 praedicarent,
1381 2767 1541 2838 qnamutin
1553 2772 1630 2821 terra
1643 2768 1813 2834 ostenderet,

179 2870 247 2924 gum
261 2861 335 2909 esset
344 2871 564 2910 commemorare
579 2863 647 2928 quot
670 2875 810 2930 quamquo
828 2877 931 2930 magna
950 2866 978 2915 et
1019 2875 1050 2911 ac
1066 2875 1116 2912 nos
1125 2857 1246 2911 humiles
1256 2863 1285 2911 et
1293 2863 1420 2910 terrenos
1433 2871 1484 2926 per
1496 2855 1722 2910 incarnationem
1736 2872 1816 2911 suam

182 2943 348 2997 admiranda
363 2950 391 2997 et
407 2944 528 2997 illustria
541 2952 626 3015 atque
640 2947 743 3000 eximia
756 2947 900 3015 beneficia,
917 2967 978 3020 quoe
1019 2947 1144 3001 coelestes
1160 2946 1291 3011 efficeret,
1306 2950 1431 2998 venerat.

180 3046 331 3087 numerum
345 3049 456 3086 omnem
471 3034 617 3099 excedunt,
633 3035 662 3089 in
677 3052 723 3090 eos
737 3038 896 3093 contulerit.
913 3039 979 3102 Qui·
1054 3037 1169 3090 atvero
1183 3034 1446 3105 admirandaeipsius
1460 3048 1492 3086 ac
1505 3031 1609 3087 Deitati
1622 3040 1816 3090 consentanea

182 3118 233 3175 bus
247 3120 376 3177 omnibus
390 3120 418 3175 id
434 3121 578 3192 agebatur,
594 3128 626 3177 nt
639 3126 674 3177 ab
689 3125 765 3179 omui
780 3125 885 3181 nefario
901 3127 1009 3190 cultuc
1020 3123 1082 3177 vitae
1092 3131 1176 3195 atque
1186 3123 1359 3177 infinitorum
1367 3122 1566 3177 miraculorum
1573 3120 1678 3175 invidia
1684 3129 1714 3177 et
1724 3122 1817 3178 furore

182 3214 211 3264 et
223 3210 330 3281 flagitio
340 3227 429 3281 genus
438 3211 592 3266 humanum
604 3211 789 3281 abstraheret,
797 3220 881 3286 atque
893 3216 923 3270 in
933 3232 979 3270 vc·
1019 3213 1151 3267 commoti
1167 3213 1326 3267 Judaeornm
1347 3211 1491 3283 pontifices
1507 3225 1539 3263 ac
1563 3209 1715 3281 principes,
1744 3213 1817 3284 apud

183 3304 274 3354 terem
288 3304 395 3354 statum
412 3306 562 3355 revocaret.
579 3301 673 3357 Nihilo
689 3302 779 3357 secius
788 3310 882 3358 tamen
889 3306 980 3360 adhuc
1021 3318 1090 3373 quos
1105 3302 1209 3356 scilicet
1223 3301 1459 3368 commorabatur,
1472 3308 1502 3357 et
1514 3303 1550 3357 ad
1573 3319 1696 3375 quorum
1709 3302 1817 3357 utilita-

103 3418 107 3427 ·
181 3392 285 3442 natura
298 3393 396 3442 nostra
408 3388 512 3442 erroris
526 3389 649 3444 libertati
660 3391 807 3458 serviebat,
818 3409 851 3446 ac
864 3410 913 3464 per
923 3394 980 3447 dia·
1020 3396 1078 3444 tem
1089 3391 1254 3445 admiranda
1272 3391 1435 3460 hujusmodi
1450 3391 1531 3462 signa
1540 3396 1569 3446 et
1578 3391 1708 3463 prodigia
1721 3408 1819 3464 perpe·

182 3475 238 3530 boli
245 3476 424 3547 tyrannidem
440 3493 515 3531 mors
528 3478 558 3531 in
569 3479 977 3550 hominesregnumobtinebat,
1020 3478 1453 3544 trarat,bcnes1ciorumomnium
1463 3480 1721 3548 immemores,eum
1729 3485 1820 3535 morte

183 3580 335 3635 omnesque
343 3564 789 3623 divinasententiacondemnatos
799 3570 827 3623 in
839 3570 979 3625 internum
1021 3569 1187 3634 multarunt,
1195 3567 1390 3622 unonimirum
1402 3584 1434 3621 ex
1441 3564 1528 3640 ipsius
1536 3569 1721 3641 discipulisad
1727 3569 1820 3641 ipsum

183 3653 402 3707 transmittebat.
1021 3657 1195 3729 prodendum
1209 3662 1332 3727 arrepto,
1348 3657 1636 3728 comprehensumque
1651 3657 1746 3729 ipsum
1755 3675 1867 3729 gen-

219 3741 290 3794 Cum
304 3741 392 3811 igitur
401 3742 429 3795 in
441 3743 578 3812 ejusmodi
589 3741 777 3801 calamitatem
790 3765 822 3802 ac
835 3749 979 3803 iniseriam
1019 3746 1095 3800 tibus
1109 3745 1286 3809 dediderunt,
1302 3744 1405 3815 ipsum,
1418 3745 1544 3816 inquam,
1561 3746 1609 3816 qui
1623 3747 1756 3801 omnium
1765 3747 1893 3802 vita-

184 3828 365 3894 venissemus,
383 3830 499 3883 minime
511 3848 562 3885 nos
578 3833 703 3904 despexit
718 3836 741 3889 is
756 3854 772 3890 a
785 3854 840 3908 quo
850 3837 980 3891 effictiat-
1020 3841 1090 3899 crat,
1107 3852 1139 3887 ac
1153 3840 1252 3904 sponte
1268 3833 1326 3887 haec
1337 3833 1513 3904 suscipiebat.
1530 3834 1589 3888 Hac
1603 3835 1680 3888 enim
1690 3835 1727 3890 de
1737 3851 1890 3891 causar—

184 3916 282 3986 quein
300 3922 393 3971 ortum
408 3918 536 3988 producti
551 3920 710 3989 fueramus3
735 3941 825 3995 neque
845 3942 979 3979 manuum
1020 3925 1105 3979 venit.
1119 3929 1150 3976 ut
1166 3926 1354 3976 nostracausa
1368 3922 1891 3994 omniaperpeteretur,quoxide-··

183 4020 299 4060 suarum
314 4022 384 4077 opus
399 4007 526 4061 funditus
540 4009 632 4080 perire
647 4011 719 4066 sivit.
740 4012 845 4066 Verum
860 4013 980 4083 benigna
1021 4011 1144 4064 licetnos
1158 4027 1175 4063 a
1188 4009 1294 4063 vitiosis
1309 4009 1501 4064 allectionibus
1510 4009 1540 4063 in
1554 4009 1719 4065 libertatem
1735 4011 1887 4067 vindiae

183 4093 233 4147 Dei
246 4110 279 4148 ac
295 4095 387 4149 Patris
411 4096 555 4151 voluntate
577 4099 738 4169 unigenitus
763 4101 860 4167 Filius,
881 4108 909 4155 et
927 4103 979 4156 Dei
1020 4104 1106 4153 caret.
1118 4099 1187 4152 Cum
1196 4103 1290 4151 autem
1304 4098 1878 4170 multaineumsuppliciorumgenern

184 4181 316 4248 Verbum,
333 4185 380 4254 qui
396 4191 439 4238 est
452 4185 482 4240 in
491 4186 554 4241 sinu
569 4187 660 4242 Patris
671 4208 677 4255 ;
690 4189 746 4255 ille,
763 4190 887 4260 inquam,
904 4192 979 4260 ejus·
1021 4187 1218 4252 exercuissent,
1235 4185 1350 4239 eumad
1371 4192 1526 4241 extremum
1545 4202 1626 4240 cruce
1651 4189 1873 4243 condemna-

182 4271 247 4325 dem
263 4289 327 4327 cum
340 4273 424 4327 Patre
435 4290 467 4327 ac
489 4275 595 4345 Spiritu
617 4282 714 4331 sancto
735 4277 907 4345 substantiae,
932 4279 978 4333 ille
1021 4275 1197 4345 renumque
1209 4273 1303 4327 omnia
1314 4274 1343 4327 in
1355 4273 1456 4341 carnis,
1468 4290 1553 4344 quam
1568 4291 1600 4328 ex
1615 4276 1699 4329 nobis
1714 4293 1860 4333 assume

181 4376 238 4414 aevo
258 4361 336 4415 omni
356 4362 508 4432 aribquior,
533 4363 579 4416 ille
598 4365 727 4435 principii
753 4383 861 4438 expers,
883 4367 979 4437 quiin
1021 4369 1124 4433 pserat,
1142 4367 1244 4416 natura
1254 4361 1489 4432 pertulitzdivina
1499 4363 1613 4417 interim
1622 4364 1848 4434 ipsiusnatura

181 4448 318 4520 principio
334 4455 403 4514 erat,
420 4456 448 4503 et
463 4451 536 4520 apud
552 4451 641 4506 Dcum
664 4470 696 4506 ac
719 4455 830 4508 Patrem
853 4462 923 4519 crat,
951 4446 1056 4509 ctDab
1070 4452 1146 4504 omni
1162 4449 1436 4521 perpessionelibera
1446 4458 1586 4505 manente.
1603 4452 1679 4506 Nam
1694 4469 1763 4509 cum
1778 4454 1844 4509 du-

181 4536 256 4591 Deus
266 4544 336 4602 erat,
352 4538 388 4592 ad
403 4555 497 4592 servos
512 4555 577 4593 suos
593 4540 771 4611 indulgenter
784 4560 814 4596 se
838 4544 977 4610 demittit;
1020 4540 1085 4610 plici
1100 4543 1202 4593 natura
1217 4538 1349 4610 praeditus
1362 4545 1445 4604 esset,
1461 4540 1513 4593 hoc
1537 4544 1579 4593 est
1603 4539 1713 4609 divina,
1741 4548 1772 4597 et
1793 4557 1831 4598 en

182 4626 338 4695 etquidem
354 4626 403 4687 ita,
419 4633 451 4681 ut
461 4628 519 4681 baec
529 4627 661 4682 demissio
669 4646 721 4683 nec
732 4630 821 4685 verbis
831 4633 977 4699 declarari,
1021 4644 1104 4699 quam
1120 4627 1227 4682 anobis
1242 4632 1441 4698 assumpserat,
1457 4627 1581 4682 humana
1592 4628 1712 4698 quidem
1723 4637 1829 4686 natur-a

182 4725 233 4765 nec
248 4720 342 4768 mente
355 4716 554 4786 comprehendi
565 4717 662 4787 possit.
679 4718 751 4771 Nam
764 4735 827 4772 cum
838 4720 911 4774 Deus
920 4737 981 4791 per·
1021 4733 1153 4788 perpessa
1167 4721 1219 4782 est,
1233 4716 1364 4770 diviuitas
1379 4721 1475 4770 autem
1489 4716 1672 4787 perpessione
1688 4717 1822 4775 immunis

182 4796 270 4854 fectus
284 4807 366 4868 esset,
383 4804 522 4874 perfectus
541 4805 624 4860 homo
639 4823 672 4859 ex
698 4806 803 4876 Spiritu
827 4815 923 4862 sancto
952 4815 980 4863 et
1020 4813 1048 4860 et
1063 4805 1233 4859 immortalis
1247 4811 1317 4858 erat.
1335 4804 1416 4858 Cruci
1430 4804 1518 4874 igitur
1530 4804 1560 4859 in
1575 4821 1662 4860 carne
1675 4807 1818 4863 affixusest

182 4894 281 4943 sancta
293 4891 382 4945 Maria
396 4894 502 4964 virgine
517 4895 568 4948 Dei
581 4896 718 4965 genitrice
733 4895 862 4960 efficitur,
875 4914 930 4951 non
946 4915 980 4952 ex
1020 4894 1153 4948 innocens
1162 4893 1297 4947 Dominus
1311 4897 1406 4946 noster
1419 4893 1500 4947 lesus
1508 4893 1650 4948 Christus.
1671 4895 1815 4952 Peccatum

181 4973 234 5028 viri
246 4979 351 5032 semine
365 4982 567 5038 autxoluntate
582 4990 632 5040 aut
645 4985 792 5039 concubitu
802 4988 892 5049 (lauri.
909 4991 938 5052 ι),
949 4987 978 5041 in
1020 4988 1094 5041 enim
1106 5004 1160 5041 non
1176 4986 1249 5053 fecit,
1266 5003 1317 5040 nec
1332 4985 1461 5040 inventus
1476 4990 1519 5039 est
1536 4985 1618 5040 dolus
1632 4987 1662 5041 in
1688 5004 1740 5045 ore
1764 4991 1815 5062 ejus

182 5063 253 5118 labis
267 5066 358 5120 omnis
371 5076 483 5140 experte
496 5072 706 5142 Virginisutero
715 5082 876 5146 conceptus,
886 5075 934 5129 sed
946 5093 979 5130 ex
1021 5078 1084 5142 (lca.
1097 5090 1162 5143 mn,
1176 5077 1251 5131 liora.
1267 5077 1293 5143 v)
1308 5092 1315 5141 ;
1328 5074 1501 5145 proindeque
1511 5074 1595 5128 morti
1612 5074 1753 5132 obnoxius
1767 5094 1815 5135 non

181 5150 288 5223 Spiritu
308 5161 414 5222 sancto,
428 5158 664 5227 quemadmodum
679 5167 744 5216 ante
769 5165 977 5234 conceptionem
1020 5169 1090 5218 erat.
1101 5163 1343 5234 Quandoquidem,
1355 5167 1387 5217 ut
1394 5164 1455 5232 jam
1461 5163 1526 5228 dixi,
1536 5179 1611 5217 mors
1616 5181 1670 5235 per
1675 5173 1816 5236 peccatum

179 5240 412 5312 archangelorum
427 5261 499 5300 unus
513 5247 614 5302 missus
629 5256 679 5312 est,
689 5251 737 5321 qui
751 5268 851 5304 novam
865 5252 941 5306 illam
951 5259 980 5306 et
1020 5251 1191 5306 inmundum
1203 5250 1337 5305 introivit.
1346 5251 1451 5304 Verum
1459 5256 1647 5305 nostracausa
1655 5268 1817 5311 caruemor-

180 5330 375 5384 admirandam
400 5335 609 5405 conceptionem
624 5338 733 5408 Virgini
755 5341 908 5394 nuntiaret.
930 5342 978 5395 Et·
1019 5347 1076 5394 teni
1090 5340 1216 5411 oppetiit,
1230 5346 1263 5394 nt
1277 5356 1327 5393 nos
1343 5356 1361 5392 a
1375 5338 1473 5393 mortis
1488 5339 1640 5410 tyrannide
1653 5337 1816 5402 redimeret

179 5418 255 5473 enim
266 5418 317 5472 Dei
331 5418 569 5492 FiliusexSpiritu
584 5432 679 5479 sancto
695 5428 754 5480 sine
770 5430 977 5483 sernineconce-
1019 5429 1169 5483 Descendit
1182 5430 1216 5482 ad
1235 5428 1346 5493 inseroS,
1363 5426 1452 5498 iisque
1473 5427 1612 5493 contritis,
1635 5445 1685 5484 eas
1701 5448 1765 5503 quae
1787 5436 1819 5491 ab

179 5513 245 5578 ptus
260 5512 320 5561 est:
338 5514 537 5580 compactaque
551 5509 603 5563 sibi
616 5511 643 5563 in
659 5514 783 5583 Virginis
795 5524 875 5570 utero
893 5534 976 5571 carrae
1017 5517 1084 5571 orbe
1094 5518 1206 5571 condito
1215 5517 1271 5570 illic
1283 5515 1396 5569 inclusae
1403 5515 1580 5582 tenebantur,
1592 5516 1705 5573 animas
1719 5519 1821 5579 libera-

179 5596 305 5651 animata
314 5598 410 5652 anima
424 5599 541 5654 rationis
556 5615 588 5652 ac
603 5602 856 5676 montisparticipe,
874 5606 977 5676 prodiit
1016 5606 1064 5661 vit.
1081 5607 1113 5660 ln
1128 5607 1255 5677 sepulcro
1270 5604 1408 5671 conditus,
1421 5604 1506 5661 tertia
1517 5604 1562 5659 die
1574 5609 1743 5676 resurrexit,
1757 5627 1819 5671 cum
