3818 6120
129 336 183 397 765
366 398 374 409 .
783 358 902 418 vanas
921 361 1117 421 santonus.
1719 351 1770 410 ιιι

129 480 195 520 reus
207 471 252 520 est
266 466 312 522 nic
325 467 401 539 quia
413 469 492 525 nobis
504 479 688 546 perurgetur;
703 485 733 536 et
742 482 849 541 elevata
863 488 960 548 roceA
970 487 1089 542 oscitare
1098 501 1164 542 eum
1173 485 1320 541 faciebant.
1337 487 1408 541 Item
1422 483 1640 555 postpsalmum,
1656 496 1720 536 aum
1731 479 1768 534 ad

129 555 294 611 exsemine
311 557 452 613 clamabat
465 560 636 620 defunctum.
654 567 780 642 Cumque
796 573 821 628 ci
835 574 870 628 de
885 592 931 629 se·
971 576 1108 632 orandum
1127 593 1156 630 se
1171 574 1354 647 projecissent
1366 575 1477 640 fratres,
1497 571 1700 645 percurrebant
1715 569 1769 624 ite·

128 642 228 715 pulcro
241 652 355 701 vocatus
369 648 569 720 respondisset,
580 653 661 709 ailad
673 673 738 713 eum
749 666 863 718 sanctus
873 663 930 718 lde-
972 682 1033 721 rum
1045 665 1178 735 singulos,
1191 663 1385 718 elanleelium
1396 663 1508 734 quidem
1518 662 1660 732 jacentem
1669 658 1698 715 in
1708 674 1770 713 ora·

128 732 240 788 carius:
256 734 310 789 Per
323 735 409 791 fidem
425 737 530 794 Christi
544 745 572 795 te
587 741 712 802 obtestor
726 753 758 803 ut
768 750 845 806 dicas
857 769 932 808 nunc
971 753 1057 821 tione,
1075 754 1154 825 quasi
1170 754 1198 807 in
1218 752 1344 807 mulieris
1358 751 1479 822 speciem
1499 749 1689 815 vertebantur,
1703 751 1770 803 enta

128 821 152 875 si
164 821 200 875 ab
214 822 270 877 isto
284 824 399 880 homine
417 827 465 897 qui
479 827 507 882 in
521 835 550 883 te
568 831 748 892 insimulatur
762 841 869 896 occisus
889 859 928 897 es.
971 843 1059 897 alium
1073 843 1152 914 quasi
1167 842 1346 907 aedificantes,
1369 846 1399 895 et
1422 845 1565 911 portantes
1585 837 1701 909 aliquid,
1719 840 1770 891 eut

128 911 209 966 Tunc
221 910 270 966 illa
282 912 358 969 clare
373 932 438 970 voce
453 915 488 971 de
505 920 633 990 sepulcro
648 928 802 997 respondit,
820 929 928 999 dicens,
971 931 1080 986 diversa
1090 947 1207 1003 quaeque
1218 935 1333 1001 agentes
1344 929 1532 1001 apparebant;
1548 932 1577 982 et
1596 939 1769 999 quaecunque

129 1014 188 1054 non
199 1017 231 1054 se
246 1017 307 1055 esse
321 1002 355 1056 ab
375 1020 407 1058 eo
422 1004 611 1065 interfectum.
626 1011 733 1069 Etcum
745 1016 929 1089 obstupefacti
971 1021 1112 1076 daemones
1123 1021 1204 1092 quasi
1216 1021 1344 1075 ludentes
1355 1018 1593 1082 formassenthaa
1603 1020 1715 1071 orantes
1726 1013 1767 1069 illi

130 1089 407 1146 omnesdecidissent
420 1094 455 1147 ad
468 1100 585 1164 terrani,
597 1102 757 1172 etpedibus
770 1107 931 1176 ejusvolve-
972 1110 1001 1165 in
1014 1110 1105 1166 cordis
1120 1111 1165 1166 sui
1187 1109 1356 1181 cogitatione
1370 1107 1527 1163 versabant.
1554 1104 1596 1160 Ab
1616 1103 1768 1176 aliquantis

130 1183 242 1244 rentur,
254 1196 353 1250 rogare
363 1193 589 1255 eumcoeperunt,
601 1194 634 1243 ut
647 1189 836 1265 interrogaret
850 1197 931 1251 illum
972 1205 1067 1254 temen
1076 1197 1219 1265 fratribus
1227 1197 1273 1252 nbi
1281 1197 1387 1268 aliquid
1399 1198 1501 1251 horum
1509 1210 1594 1265 agere
1605 1193 1765 1265 caepissent,

130 1283 149 1321 a
163 1283 220 1338 quo
237 1274 311 1323 esset
326 1271 447 1339 occisus3
463 1279 530 1330 lunc
544 1285 658 1334 sanctus
673 1281 716 1335 vir
732 1283 785 1338 eit:
804 1286 863 1340 Hoc
878 1303 930 1358 ego
972 1288 1052 1359 quasi
1065 1287 1321 1359 violenterrepulsi,
1333 1283 1718 1358 praecipitetidejiciebantur,
1728 1282 1770 1336 ile

131 1372 189 1410 non
203 1356 400 1428 interrogabo;
416 1362 519 1417 sufficit
534 1366 609 1420 enim
625 1369 694 1423 mihi
704 1376 736 1426 ut
746 1371 932 1431 libereturin·
972 1382 1004 1432 ut
1016 1395 1068 1433 nec
1087 1382 1154 1432 ania
1180 1393 1229 1431 eos
1249 1382 1325 1431 stare
1340 1382 1390 1430 aut
1408 1374 1529 1430 transire
1544 1372 1691 1435 auderent,
1706 1369 1770 1425 aliis

129 1460 247 1512 nocens,
263 1462 319 1501 non
334 1454 377 1502 est
386 1456 480 1505 eutem
490 1469 584 1508 meum
598 1461 631 1510 ut
644 1475 709 1513 reus
720 1461 864 1532 prodatur,
878 1462 932 1518 for-
970 1483 1038 1521 vero
1051 1466 1136 1521 etiam
1161 1482 1247 1538 supra
1261 1465 1381 1520 cervices
1396 1470 1424 1519 ct
1447 1465 1530 1518 dorsa
1544 1460 1687 1517 ludebant.
1705 1460 1771 1514 linc

129 1534 209 1589 sitan
229 1535 303 1590 enim
322 1547 527 1611 compungetur
545 1544 636 1600 adhuc
654 1565 705 1619 pro
733 1552 837 1606 scelere
857 1553 931 1624 quod
972 1573 1036 1610 cum
1044 1555 1158 1610 vidisset
1167 1559 1280 1610 sanctus
1292 1554 1440 1620 Macarius,
1454 1550 1733 1623 ingemnilgraviterl
1742 1553 1771 1603 el

129 1623 284 1690 commisit,
305 1630 334 1680 et
352 1634 417 1697 eget
432 1631 637 1702 penitentiam,
653 1642 685 1690 ut
698 1639 822 1694 salvetur
836 1641 932 1696 anime
972 1645 1110 1717 lacrymas
1121 1643 1292 1718 profundens
1306 1643 1341 1697 ed
1355 1644 1456 1707 Deum,
1472 1641 1560 1696 dixit:
1576 1638 1702 1711 Respice,
1717 1639 1771 1693 Do·

131 1713 206 1783 ⁰ius·
972 1735 1056 1801 mine,
1069 1739 1098 1788 et
1111 1750 1147 1789 ne
1161 1734 1253 1801 sileas,
1263 1749 1356 1803 neque
1369 1731 1506 1801 mitigeris
1513 1731 1597 1795 Deus3
1610 1728 1660 1783 sed
1670 1743 1769 1782 maur-

167 1801 214 1858 4‘2.
230 1803 293 1858 Alio
307 1805 405 1862 itidem
414 1814 551 1881 tempore,
565 1830 628 1869 curu
637 1823 733 1872 sancto
744 1806 1052 1895 Macarioqui·ssge,et
1061 1823 1259 1895 dispergantur
1268 1822 1375 1876 inimici
1384 1821 1437 1888 tui,
1448 1825 1476 1874 et
1486 1819 1618 1891 fugiente
1627 1817 1698 1871 fecie
1709 1820 1769 1880 tua,

128 1888 197 1944 dam
209 1891 296 1948 frater
305 1910 387 1950 uvam
399 1897 554 1968 detulisset,
570 1902 628 1974 ipse
640 1906 687 1977 qui
699 1908 853 1963 secundum
867 1909 932 1963 che·
972 1912 1105 1983 quoniam
1120 1911 1431 1982 animanastrercplcte
1442 1915 1485 1963 est
1494 1907 1672 1963 illusionibus
1680 1905 1767 1979 (Ptol.

127 1978 306 2037 ritatemnon
315 2000 376 2054 quae
385 1995 519 2054 suesunt,
530 1992 651 2063 sedquae
665 1996 780 2051 alterius
794 1998 931 2069 cogitaret
972 2015 1079 2068 nxxmr,
1089 2013 1219 2070 exunt).
1234 2000 1464 2055 Posterationem
1473 2004 1568 2053 autem
1578 1994 1770 2051 examinanda

128 2069 243 2138 {Pallia
255 2073 296 2141 nl,
305 2073 341 2127 ad
356 2075 442 2131 aliurn
456 2078 574 2135 fratrem
588 2098 652 2137 eam
663 2085 773 2152 detulit,
789 2086 836 2158 qui
850 2086 931 2142 infir·
972 2090 1097 2146 veritatis
1111 2091 1214 2161 grafia,
1230 2106 1355 2145 seersum
1364 2088 1469 2144 vocetis
1483 2086 1601 2158 singolis
1611 2083 1770 2157 quibusque

127 2157 204 2212 mior
214 2176 271 2230 prae
284 2162 451 2233 egritudine
464 2168 611 2226 videbatur
622 2174 747 2241 lacten,
762 2179 771 2229 l
793 2190 822 2241 n,
835 2175 933 2246 capno
971 2179 1116 2244 fratribus,
1133 2185 1198 2235 ente
1212 2195 1332 2251 quorum
1347 2179 1447 2233 faciem
1458 2177 1568 2232 aderet
1582 2172 1771 2230 daemonesdi-

128 2247 164 2300 ia
178 2249 301 2303 Macerio
313 2253 515 2315 Alexandrino.
529 2275 597 2327 pene
608 2264 792 2333 verbotenus).
804 2265 882 2319 Tunc
891 2265 933 2319 in·
972 2285 1051 2324 verso
1064 2269 1162 2324 habitu
1175 2274 1204 2324 et
1222 2269 1307 2324 variis
1321 2267 1492 2338 imaginibus
1507 2265 1637 2320 ludentes
1650 2261 1771 2335 requirit

128 2336 231 2391 firmus
242 2340 351 2408 gratias
365 2342 423 2413 egit
436 2345 494 2399 Deo
508 2363 558 2418 pro
570 2350 664 2404 fratris
679 2351 779 2417 officio,
795 2358 822 2407 et
841 2369 933 2408 susce·
973 2358 1008 2413 ab
1020 2358 1061 2414 eis
1073 2358 1097 2412 si
1107 2359 1136 2413 in
1146 2359 1273 2413 oratione
1286 2357 1329 2412 rel
1343 2355 1498 2413 aedificandi
1513 2352 1698 2425 cogitationes
1713 2351 1767 2405 he·

128 2425 174 2497 pit
183 2442 257 2489 eam,
272 2433 301 2483 et
312 2429 372 2501 ipse
384 2433 568 2490 nihilominus
583 2439 646 2508 plus
662 2440 696 2495 do
710 2441 837 2513 proximo
847 2459 932 2514 quam
973 2446 1095 2514 buerint,
1113 2449 1154 2502 vel
1167 2449 1223 2503 iter
1236 2447 1347 2519 agendi,
1363 2448 1406 2501 vel
1417 2445 1473 2500 alia
1490 2444 1611 2508 diversa,
1627 2457 1689 2514 quea
1704 2439 1769 2496 uni·

128 2514 465 2590 desematipsocogitans,
477 2523 931 2586 adaliumdetuliteaminfrrmum
973 2537 1073 2609 cuique
1088 2554 1138 2608 per
1153 2536 1294 2592 demones
1308 2535 1463 2607 imaginata
1476 2533 1599 2588 aderat:
1623 2535 1652 2586 at
1666 2528 1769 2600 singuli

128 2601 248 2657 fratrem
263 2623 269 2672 ;
286 2611 314 2659 et
336 2607 438 2663 iterum
454 2611 551 2667 illaad
568 2614 664 2683 aliurn,
688 2623 717 2671 et
741 2617 780 2672 sic
798 2635 861 2673 curn
882 2635 933 2691 par
973 2643 1070 2682 eorum
1082 2627 1122 2682 ite
1135 2625 1342 2682 confitebantur
1359 2625 1389 2679 in
1400 2624 1484 2679 corde
1499 2639 1550 2678 suo
1564 2618 1769 2690 misseroglts-

129 2715 231 2755 ornnes
241 2703 366 2770 cellulas,
383 2724 444 2777 quae
467 2708 548 2780 longe
564 2728 581 2764 a
594 2713 754 2786 semetipsis
778 2720 859 2771 erant
882 2733 932 2788 per
972 2716 1074 2782 tiones,
1091 2716 1164 2771 sicut
1176 2716 1223 2771 ille
1236 2715 1380 2787 arguebat.
1394 2715 1429 2769 Et
1441 2719 1509 2768 tunc
1522 2709 1771 2766 vereintellcctum

130 2805 260 2845 eremum
275 2791 417 2864 dispersae,
434 2813 488 2851 uve
505 2798 554 2852 ille
576 2800 740 2860 circumlata
753 2809 827 2859 esset
850 2805 933 2876 igno·
973 2810 1025 2874 est,
1035 2805 1109 2877 quod
1119 2822 1217 2860 omnes
1227 2806 1307 2859 maleo
1319 2809 1349 2859 et
1360 2804 1518 2875 superfluae,
1532 2807 1561 2856 et
1573 2815 1652 2855 vana
1667 2797 1771 2868 wilm·

131 2879 263 2934 rantibus
277 2881 327 2948 eis,
345 2884 469 2954 quicum
484 2888 592 2957 primus
607 2890 738 2959 misisset,
751 2892 785 2946 nd
801 2893 932 2949 ultimum
973 2894 1074 2961 tiones,
1084 2911 1145 2965 quae
1152 2895 1195 2949 val
1200 2895 1362 2966 psallentes,
1373 2893 1417 2948 vel
1424 2892 1598 2948 somniorum
1608 2892 1659 2943 aut
1668 2885 1773 2942 oratio·

131 2966 260 3023 defertur
276 2970 331 3043 ipsi
353 2973 402 3044 qui
418 2991 481 3029 cam
505 2977 630 3032 miserat.
658 2980 823 3037 Gratulatus
836 2989 933 3039 autem
973 2999 1041 3038 num
1055 2988 1182 3054 tempora
1192 2983 1385 3055 unusquisque
1399 2982 1429 3037 in
1444 2982 1527 3036 corde
1541 2994 1592 3034 suo
1600 2974 1769 3049 conceperit,

131 3062 248 3112 sanctus
262 3060 412 3132 Macarius,
428 3065 502 3135 quod
515 3071 624 3122 tantam
639 3067 746 3125 videret
759 3070 789 3127 in
799 3070 933 3131 fratribus
973 3072 1105 3128 illusione
1116 3078 1145 3127 et
1157 3072 1293 3127 instinctu
1309 3072 1468 3126 daemonum
1481 3071 1561 3123 flant.
1582 3069 1654 3123 Nam
1676 3065 1712 3119 ab
1726 3063 1771 3117 his

131 3143 346 3216 abstinentiam,
358 3156 525 3225 tantamque
536 3156 712 3224 charitatem,
727 3159 762 3214 ed
772 3159 881 3215 acriora
890 3167 962 3228 sec
974 3161 1022 3234 qui
1032 3162 1109 3217 cinni
1119 3162 1245 3217 custodia
1254 3160 1401 3214 serrantin
1410 3160 1512 3214 timore
1521 3162 1652 3212 atemere
1659 3151 1772 3209 Domini

131 3235 287 3307 metipsum
301 3239 455 3310 spiritualis
466 3242 527 3299 vitae
541 3245 675 3302 exercitia
688 3248 820 3303 extendit.
974 3267 1022 3306 cor
1035 3249 1323 3317 suum,iliitenebrosi
1336 3248 1491 3320 AEthiopea
1511 3252 1539 3301 et
1552 3246 1595 3300 hs
1605 3259 1675 3316 quas
1688 3240 1772 3296 emit·

169 3321 214 3380 43.
231 3326 303 3382 Illud
318 3328 402 3385 etiam
413 3331 539 3388 adfidem
550 3336 747 3392 confirmatum
760 3337 840 3393 nobis
853 3339 888 3393 de
900 3355 933 3394 eo
974 3343 1038 3394 tunt
1059 3340 1243 3410 cogitationes
1262 3339 1454 3411 repelluntur;
1469 3335 1584 3392 Christo
1604 3332 1679 3388 enim
1693 3346 1772 3385 mens

133 3412 933 3499 estabhisquiexoreejusaudierunt,quoniemquodem
975 3431 1133 3500 conjuncta,
1143 3435 1172 3484 el
1181 3429 1320 3501 precipue
1328 3428 1358 3482 in
1366 3432 1495 3498 tempora
1504 3423 1640 3480 orationis
1651 3422 1770 3485 intentet,

132 3506 261 3575 tempore
277 3513 358 3563 nocte
370 3508 399 3564 in
413 3511 504 3581 specie
515 3514 645 3569 monachi
659 3514 769 3572 daemon
783 3516 934 3572 adostium
975 3514 1045 3570 nihil
1060 3515 1176 3581 malum,
1192 3514 1319 3585 nilrilque
1332 3512 1507 3584 superfluum
1523 3508 1630 3581 recipit.

135 3591 245 3648 cellulae
260 3596 321 3666 ejus
336 3599 498 3668 pulsaverit,
506 3601 613 3657 dicens:
629 3604 727 3676 Surge,
737 3604 810 3660 abba
819 3606 933 3675 Macari,
1012 3602 1056 3660 lt.
1073 3603 1194 3668 Quidem
1217 3603 1304 3657 frater
1324 3601 1471 3673 requisivit
1488 3597 1617 3654 abbatem
1639 3595 1772 3660 Sisciam,

136 3685 936 3768 etaemusadcollectam,ubifretresadvigiliescongre·
977 3693 1214 3766 quemadmodum
1241 3693 1271 3747 in
1296 3692 1368 3747 cella
1391 3689 1505 3764 propria
1531 3688 1634 3760 degere
1659 3684 1776 3741 deberet

135 3778 243 3843 gantur
251 3773 380 3844 (flama,
396 3780 416 3832 l.
431 3792 462 3846 ιι,
479 3795 537 3850 cap.
554 3780 598 3848 29,
613 3784 650 3837 ad
663 3784 798 3854 vebum).
821 3785 875 3840 Sed
889 3785 936 3840 ille
979 3783 1093 3855 (rasel,
1107 3799 1165 3852 cap.
1181 3797 1200 3847 ι,
1217 3798 1297 3837 nain.
1314 3783 1325 3834 l
1329 3783 1353 3853 l.
1365 3780 1418 3836 (lui
1432 3780 1480 3834 ille
1493 3776 1667 3849 respondens
1681 3774 1752 3829 dixit
1767 3789 1775 3825 ε

135 3861 232 3932 gretie
245 3861 296 3917 Dei
311 3866 435 3937 repletus
448 3867 507 3923 salli
517 3885 573 3924 non
585 3871 678 3944 potuit
689 3891 696 3940 3
709 3872 848 3929 intellexit
862 3872 937 3929 enirn
978 3870 1100 3926 Comede
1110 3886 1211 3942 panem
1226 3876 1308 3925 tuum
1322 3886 1386 3926 cum
1401 3869 1460 3923 sele
1473 3872 1595 3938 etoqua,
1612 3868 1643 3919 ct
1654 3878 1711 3919 non
1722 3860 1777 3916 erit

137 3949 310 4008 dieboliesse
323 3953 471 4023 fallaciam,
483 3959 580 4017 etait:
597 3961 798 4030 Omendax‚et
809 3963 936 4020 raritatis
977 3959 1028 4015 tibi
1042 3960 1193 4016 necessitas
1212 3959 1318 4032 aliquid
1336 3957 1483 4031 coquendi,
1502 3959 1556 4011 eut
1577 3953 1689 4026 longius
1710 3966 1776 4006 era·

136 4038 266 4109 inimice;
283 4043 350 4115 quid
365 4045 439 4100 enim
453 4045 505 4102 tibi
515 4049 657 4116 consortii,
666 4051 733 4124 quid
743 4037 939 4108 'societatisest
977 4049 1073 4121 gandi.

136 4144 204 4184 cum
218 4131 333 4187 collecta
348 4137 877 4209 etcongregationesenctorumlAtille
886 4141 935 4197 ait:
1014 4137 1058 4194 45.
1068 4133 1688 4209 RequisitusabbesPoemenquemadmodum
1697 4145 1777 4204 opor·

138 4217 223 4274 Latet
237 4236 302 4293 ergo
315 4227 352 4291 te,
369 4225 510 4295 olfacari,
529 4228 604 4299 quod
619 4228 680 4284 sine
695 4229 774 4285 nobis
788 4231 867 4286 nulla
881 4231 938 4286 col·
978 4231 1039 4282 teet
1048 4227 1180 4298 jejunare
1195 4229 1306 4296 (Pelea,
1319 4229 1403 4282 libell.
1414 4243 1440 4294 x,
1458 4224 1602 4294 numdi),
1613 4220 1773 4295 respondit:

138 4307 526 4384 lectamsagiturnulleve
536 4319 939 4391 congregatiomonechorumi
979 4316 1037 4388 Ege
1050 4317 1114 4371 volo
1128 4317 1296 4373 monachum
1306 4315 1347 4370 ita
1356 4331 1418 4370 esse
1432 4314 1557 4387 quotidie
1571 4329 1672 4384 parurn
1682 4323 1777 4364 come·

138 4398 205 4453 reni
219 4399 348 4473 denique,
366 4407 395 4457 et
406 4404 512 4460 videbis
530 4406 569 4461 ibi
583 4424 697 4479 operam
711 4414 847 4464 noemam.
859 4410 938 4466 Dixit
978 4406 1101 4473 dentem,
1117 4410 1151 4460 ut
1163 4421 1220 4461 uon
1234 4405 1363 4471 satietur,
1376 4419 1444 4461 nam
1457 4402 1582 4458 biduana
1596 4407 1625 4455 et
1645 4400 1779 4454 triduana

139 4491 356 4546 autemsanctus
367 4492 520 4550 Macarius:
537 4496 659 4569 Imperet
672 4488 969 4569 tibillominus,dae-D
976 4495 1272 4568 jeiuniaranaegloriae
1281 4499 1388 4550 vacant.
1402 4496 1468 4550 Hac
1477 4492 1553 4549 enim
1568 4486 1778 4548 omniaexemi·

139 4593 209 4633 men
223 4577 368 4636 immunda
381 4584 469 4651 (lude
492 4587 590 4654 epistt
601 4585 636 4641 Et
649 4603 800 4644 conversus
822 4589 858 4644 ad
881 4606 942 4646 ora-
982 4591 1120 4641 neverunt
1133 4584 1223 4643 sanati
1243 4585 1351 4652 Patres,
1367 4590 1396 4640 et
1409 4584 1578 4640 invenerunt
1597 4577 1778 4652 quiabonnm

139 4667 260 4736 donem,
280 4668 362 4741 petiit
374 4686 391 4725 a
404 4671 524 4729 Domino
537 4679 570 4729 ut
584 4673 636 4731 sibi
658 4678 819 4733 ostenderet
837 4678 861 4734 si
888 4680 942 4736 hoc
982 4681 1025 4732 ast
1037 4676 1162 4748 quotidie
1172 4676 1303 4747 jeJunars
1317 4679 1346 4730 et
1360 4690 1460 4747 panim
1474 4672 1630 4737 comodere,
1648 4673 1680 4724 ut
1690 4665 1780 4740 possit

141 4774 242 4813 verum
258 4763 341 4826 esset,
353 4760 426 4831 quod
441 4762 578 4832 gloriatus
594 4767 638 4820 est
649 4765 769 4823 damon.
783 4767 861 4825 Abiit
875 4785 942 4842 ergo
983 4770 1012 4820 et
1025 4765 1151 4838 quotidie
1163 4765 1279 4821 esurire.
1296 4766 1374 4820 llenc
1388 4764 1464 4820 enim
1479 4762 1553 4817 siem
1567 4759 1675 4832 ιεςὶιιω
1689 4758 1778 4813 levem

142 4847 179 4902 ad
191 4847 397 4913 collectam‚ubi
403 4851 463 4921 jam
474 4851 576 4923 rigiliae
589 4870 606 4907 a
617 4854 751 4911 fratribus
761 4857 943 4914 celobrabsn-
982 4853 1062 4910 nobis
1077 4871 1138 4910 esse
1150 4855 1424 4910 demonstraverunt.

143 4942 202 5004 tur,
218 4942 246 4992 ef
261 4937 364 4993 iterum
376 4939 406 4994 in
422 4940 549 4996 oratione
563 4942 715 5001 Dominum
727 4946 941 5020 deprecabatur,
1018 4943 1062 5001 lt.
1078 4943 1171 5000 Abbas
1181 4944 1309 5000 Silvanus
1320 4943 1458 4998 dumcum
1469 4940 1667 5013 discipulusne
1678 4937 1780 4993 Zacha-

141 5031 176 5082 ut
183 5026 210 5081 ei
224 5027 372 5083 veritatem
382 5029 459 5084 verbi
468 5029 553 5101 huius
563 5035 724 5091 ostenderet
736 5055 741 5104 ;
754 5041 782 5092 et
791 5053 854 5093 ecce
867 5037 943 5094 videt
983 5033 1066 5089 need
1075 5035 1216 5107 quoddam
1222 5030 1614 5104 monasteriumpervenisset,
1626 5034 1780 5101 antequam

143 5115 225 5188 quasi
231 5117 362 5188 parvulos
370 5119 505 5191 quosdam
522 5138 624 5193 pueros
632 5124 776 5198 AEthiopes
787 5125 883 5198 nigros
893 5144 944 5200 per
985 5125 1194 5196 egrederentur,
1208 5120 1639 5193 fecerunteosmonechiparum
1653 5119 1781 5175 comede·
1833 5128 1838 5137 “

141 5211 233 5260 totam
248 5205 393 5262 ecclesiam
404 5208 561 5265 discurrere
571 5212 626 5267 huc
640 5223 725 5286 atque
738 5213 814 5281 illuc,
826 5221 855 5270 et
866 5218 944 5273 velut
984 5213 1268 5282 ra(Pclaq.,libell.1v,
1281 5227 1361 5265 nram.
1370 5208 1425 5279 to).
1436 5211 1587 5282 Postquam
1597 5227 1665 5282 ergo
1675 5209 1780 5281 egressi

141 5293 286 5351 volitando
299 5296 411 5353 deferri.
427 5298 622 5356 Discurrentes
637 5309 731 5360 eutem
745 5303 786 5359 illi
798 5305 943 5379 AEthiopes
984 5308 1059 5370 sunt,
1074 5301 1181 5357 invenit
1189 5300 1342 5372 discipulus
1349 5301 1409 5371 ejus
1418 5316 1533 5372 equom,
1544 5305 1574 5356 et
1585 5300 1697 5356 volebat
1706 5298 1781 5354 bibe-

142 5384 236 5458 pueri,
253 5384 371 5456 singulis
381 5386 537 5461 quibusque
551 5390 683 5446 fratribus
697 5392 727 5447 in
736 5393 862 5449 cretione
871 5397 944 5467 posi·
984 5409 1024 5448 re.
1042 5391 1094 5448 Oui
1108 5389 1193 5446 abbas
1213 5390 1360 5445 Silvanus:
1378 5388 1520 5457 Zacharia,
1543 5391 1626 5446 hodie
1639 5388 1780 5461 jejunium

141 5475 182 5532 tis
196 5479 281 5547 atque
302 5476 485 5548 psallentibus
500 5480 671 5549 alludebant,
695 5486 723 5537 et
743 5482 768 5538 si
790 5485 835 5540 cui
850 5485 885 5540 de
904 5485 945 5541 eis
985 5488 1038 5538 est.
1049 5483 1087 5536 At
1095 5480 1143 5535 ille
1161 5479 1245 5535 dixit:
1260 5479 1397 5553 Nunquid
1417 5479 1501 5536 hodie
1525 5495 1582 5535 non
1596 5477 1778 5540 comedimus,

143 5565 241 5623 oculos
256 5563 367 5621 dnobus
377 5566 505 5640 digitalis
517 5571 757 5643 compressissent.
773 5572 869 5630 stetim
882 5574 945 5631 dor-
984 5571 1088 5629 Paterl
1102 5569 1216 5627 litdixit
1229 5568 1255 5625 ei
1269 5584 1372 5627 senext
1398 5570 1451 5626 llle
1469 5584 1534 5627 esca
1547 5565 1693 5626 charitatis
1705 5569 1778 5632 eret,

143 5655 271 5726 miebat3
290 5655 373 5714 acui
391 5674 459 5717 vero
477 5659 508 5720 in
530 5677 562 5718 oa
582 5660 788 5722 immersissent
808 5664 942 5738 digitum,
984 5661 1035 5734 fili,
1050 5660 1501 5735 nosautennoatrumieimium
1513 5663 1673 5720 mmmm·
