3818 6120
131 235 204 297 tttt
674 228 848 290 HISTORIA
865 227 1053 287 nabathea.
1073 227 1241 287 ΝΟΤΑΊἸΟ.
1306 253 1322 278 e
1696 235 1770 296 1th

131 362 301 417 hodiernum
309 358 393 424 diem,
403 363 433 414 et
441 357 589 430 qualemte
598 357 663 413 nori
673 373 772 414 rursus
781 356 1110 417 melioremhcoelestem
1120 355 1285 412 desiderasti
1291 361 1320 412 et
1329 354 1517 412 immortalem
1526 355 1624 425 vitam,
1636 375 1768 431 regnum·

131 450 267 515 moribus,
284 455 313 503 et
324 448 444 503 electum
462 448 642 520 praepositum
656 447 777 503 maxime
799 448 839 519 pii
855 446 931 502 cubi·
970 463 1024 520 que
1036 451 1219 509 aeteruumet
1228 451 1389 501 manentem
1397 446 1560 516 gloriamet
1569 446 1643 503 bona
1652 464 1764 519 arcana,

131 540 198 596 culi.
212 540 285 594 Nam
295 554 359 592 cum
375 536 413 592 sis
427 537 456 590 in
471 542 550 591 tanta
564 536 746 608 dignitatem
755 542 799 592 tot
807 542 834 592 et
843 536 930 592 tantis
971 552 1033 608 quae
1056 552 1147 607 neque
1167 536 1264 590 oculus
1285 535 1364 600 vidit,
1380 551 1432 589 nec
1445 537 1521 590 auris
1536 537 1651 605 audivit,
1667 555 1720 594 nee
1737 539 1767 596 in

131 628 266 702 pecuniis,
280 632 309 681 et
317 632 396 681 tanta
410 630 558 697 potestate,
575 643 631 682 non
644 626 733 681 fecisti
748 628 827 697 pejus
845 642 929 698 quam
970 642 1020 680 cor
1033 624 1154 680 hominis
1165 625 1351 678 ascenderunt
1362 625 1424 692 (lec.
1441 639 1521 691 exrr;
1538 628 1554 680 I
1567 624 1766 700 Cor.11):quo·

131 718 181 774 Dei
198 716 355 788 postularet
368 721 469 770 metus.
486 716 514 771 Is
528 720 571 770 est
584 715 695 769 Christo
713 714 868 781 dedicatus,
880 715 929 787 qui
969 731 1033 769 rum
1052 714 1187 769 Dominus
1201 713 1302 768 efficiat
1315 713 1439 768 haeredes
1453 730 1517 770 curn
1528 716 1631 770 sanctis
1641 718 1702 787 ejus
1716 735 1767 789 pa·

131 807 222 862 audiit
237 822 254 858 a
268 803 378 859 diabolo
396 819 403 858 :
430 803 495 858 Haec
513 804 608 858 onmia
626 803 677 858 tibi
693 804 774 870 debe,
790 805 814 858 si
828 804 929 859 cadens
970 802 1100 857 triarchis
1110 807 1138 856 et
1147 802 1299 873 prophetis,
1315 806 1344 856 ct
1352 802 1486 873 apostolis
1500 808 1529 856 et
1543 803 1721 874 martyribus,
1738 811 1767 860 et

131 892 291 948 adoraveris
300 908 344 945 me
354 892 459 964 (Merit.
470 895 519 960 rr).
535 891 589 946 Sed
603 908 668 946 eum
678 892 814 946 Dominus
824 893 930 963 pudore
970 891 1004 945 iis
1017 908 1137 962 quorum
1149 891 1321 945 mentionem
1343 891 1459 945 fecimus
1472 891 1501 945 in
1515 891 1566 946 hoc
1580 891 1660 958 libro,
1674 894 1767 963 gratia

131 982 233 1044 atterit,
250 980 344 1034 dicens
361 997 368 1034 ε
384 978 461 1033 Vade
484 986 548 1050 post
561 997 616 1034 me.
970 979 1059 1051 ipsius
1074 979 1229 1036 Servatoris
1243 981 1332 1034 nostri
1346 981 1413 1033 Jesu
1423 979 1606 1046 Christi,cum
1622 998 1677 1052 quo
1688 982 1767 1037 Patri

167 1070 257 1135 Quem
269 1069 382 1140 quidem
404 1073 436 1122 tu
455 1085 566 1141 quoque
584 1069 707 1134 imitans,
723 1069 867 1125 tuentibus
882 1086 931 1125 ex·
971 1069 1062 1141 gloria
1087 1084 1151 1123 cum
1173 1073 1270 1123 sancto
1285 1068 1401 1139 Spiritu,
1417 1067 1447 1123 in
1467 1069 1571 1124 saecula
1589 1071 1764 1127 saeculorum.

131 1159 219 1232 pulsis
234 1158 348 1223 divitiis,
371 1162 400 1212 et
413 1157 558 1212 umbratili
579 1157 671 1229 gloria
691 1159 754 1214 viter
774 1159 928 1230 prasentia,
969 1160 1070 1214 Amen.

761 1272 952 1331 ROSWEYDI
971 1273 1141 1330 ΝΟΤΑΤΙΟ.

167 1370 210 1426 lld
225 1369 413 1426 hunelibrnm
424 1371 713 1435 recensendum,cum
727 1371 757 1426 in
791 1371 931 1426 rimaedi·
1009 1370 1044 1442 (8)
1063 1372 1499 1442 Potamr'oenc.]Baronius,tomo
1514 1387 1556 1439 111,
1572 1390 1645 1429 auno
1662 1375 1766 1432 Christi

132 1442 209 1497 tione
224 1458 314 1513 pauca
326 1442 441 1496 Palladii
451 1442 595 1526 Excerpta,
610 1443 713 1515 partim
727 1459 758 1496 er
766 1388 932 1512 dogustans
971 1444 1035 1512 310,
1051 1443 1162 1499 Eusebii
1177 1460 1255 1514 papae
1273 1445 1299 1508 ⁶2,
1322 1443 1500 1497 Constantini
1522 1445 1590 1516 imp.
1607 1447 1632 1500 5.
1650 1447 1724 1512 Haee,
1742 1448 1766 1502 si

133 1513 305 1568 Bibhotheca
312 1519 440 1585 prompte
454 1513 636 1568 submittente
649 1513 753 1568 Daride
764 1513 928 1581 Hoeschelio,
972 1532 1085 1580 nomen,
1098 1515 1122 1569 si
1143 1531 1178 1569 ue
1187 1515 1279 1569 ultimi
1291 1514 1419 1585 supplicii
1427 1530 1517 1584 genus
1526 1522 1643 1597 spectes.
1654 1535 1767 1572 unaea·

133 1585 238 1655 partim
252 1585 377 1639 Venetiis
390 1602 408 1638 a
423 1585 552 1640 Gabriele
566 1584 774 1654 archiepiscopo
787 1584 930 1639 Philadel·
971 1533 1186 1658 demqueriberi
1192 1591 1286 1657 posset
1294 1601 1358 1639 cum
1368 1601 1402 1639 ea
1414 1586 1638 1657 quaeponiturab
1648 1589 1767 1644 Eusebio

133 1655 233 1778 phensi
243 1655 338 1711 Graece
346 1657 551 1727 impetrassem,
558 1655 682 1726 aliquam
692 1654 810 1709 subinde
817 1656 845 1708 in
855 1661 931 1710 tene·
971 1659 1066 1720 lib.r1,
1079 1655 1178 1728 capi.
1195 1663 1278 1711 l'orro
1292 1656 1429 1711 diversam
1446 1657 1517 1710 hanc
1528 1674 1589 1712 esse
1597 1657 1632 1712 ab
1648 1658 1705 1726 illa,
1717 1661 1768 1715 dit-

152 1726 191 1780 ris
206 1726 296 1780 lucem
319 1727 401 1781 exiis
419 1735 485 1781 tune
507 1726 661 1780 hausimus.
677 1726 759 1780 Nunc
798 1734 842 1781 ost
862 1743 927 1781 uam
969 1729 1093 1785 ferentia
1108 1729 1202 1799 plures
1216 1730 1399 1791 constituunt,
1415 1727 1548 1781 nimirum
1563 1728 1688 1784 diversus
1699 1747 1764 1812 per-

133 1796 322 1877 Graecolatina
339 1797 457 1851 Palladii
476 1796 562 1878 editio
584 1796 700 1878 Parisiis
722 1813 754 1850 ex
773 1743 824 1851 abs.
840 1744 1102 1879 flegiosssonarum
1112 1806 1202 1854 status
1213 1801 1289 1864 (narn
1303 1799 1352 1852 illa
1361 1798 1492 1868 ingenua,
1502 1799 1560 1853 haec
1569 1808 1668 1863 serrat,
1678 1801 1767 1856 direr-

135 1870 229 1939 (quem
244 1873 329 1921 etiam
346 1883 410 1921 curn
421 1868 548 1922 Palatino
558 1884 575 1921 a
584 1869 706 1922 Meursro
714 1867 843 1937 Lugduni
853 1869 929 1923 edito
969 1889 1088 1943 sumque
1102 1869 1232 1942 supplicii
1247 1875 1358 1939 tempus
1371 1869 1453 1939 plane
1463 1870 1597 1924 declarat.
1609 1870 1696 1925 Passa
1708 1871 1766 1926 haec

136 1938 276 2007 contulit),
288 1944 402 1992 curante
416 1939 557 1993 Frontone
577 1945 673 1993 nostro
687 1939 797 2004 Ducaeo,
813 1939 927 2008 prodiit,
970 1943 1022 1998 sub
1037 1941 1216 2006 Maximiano,
1227 1940 1276 1995 sed
1290 1938 1342 1994 sub
1355 1940 1455 1993 Severo
1471 1940 1528 1994 illa.
1541 1941 1607 2005 Qua
1617 1958 1673 1996 non
1686 1943 1767 1997 Pota-

134 2013 242 2080 majore
250 2011 311 2064 luce
318 2009 405 2063 illustr
411 2010 450 2063 ati
458 2010 678 2063 semusturerit
685 2025 795 2081 quoque
803 2011 832 2064 in
838 2009 930 2064 dubiis
971 2015 1074 2078 menia,
1088 2013 1135 2069 sed
1151 2012 1325 2067 Potamioena
1338 2009 1413 2064 dicta
1424 2010 1587 2077 haberetur,
1599 2029 1695 2067 rerum
1710 2029 1767 2067 non

135 2080 468 2134 recurrereadveterem
487 2080 606 2133 Palladii
620 2079 694 2133 inter
714 2080 931 2143 retationem,ct
970 2085 1000 2139 in
1013 2085 1132 2139 lebetem
1147 2082 1283 2139 immissa.
1294 2081 1343 2136 sed
1355 2087 1466 2135 tantum
1498 2082 1767 2153 icepersusa.Caete·

136 2151 291 2205 Heraclidis
318 2150 493 2216 Paradisum,
523 2167 585 2221 qua
611 2097 780 2205 Pallabbanm
808 2151 930 2207 historiae
971 2161 1073 2210 rumet
1083 2155 1208 2226 ejusdem
1217 2152 1459 2225 quoquenominis
1480 2153 1555 2207 uisse
1567 2154 1684 2208 dirersis
1694 2160 1766 2208 tem·

135 2236 241 2292 magna
255 2226 298 2276 est
331 2237 389 2278 ars.
404 2221 561 2292 Utrumque
574 2221 603 2275 in
617 2221 771 2293 appendice
785 2221 880 2276 habes.
973 2222 1490 2299 poribusplnresvirgines,iisdemque
1505 2224 1594 2294 poenis
1608 2225 1768 2289 atrectaS,in
1874 2287 1877 2294 ¹

148 2363 153 2373 υ
171 2295 209 2361 tt)
217 2238 427 2361 Isidorbllehoc
434 2293 571 2357 Socrates,
582 2293 600 2347 l.
609 2307 646 2373 rr,
656 2310 679 2346 c.
693 2293 739 2347 18:
750 2293 929 2373 Soaomenus,
971 2294 1330 2368 amplissimaciritatequis
1342 2300 1426 2364 neget
1437 2295 1516 2349 l'acile
1526 2295 1650 2366 potuisse
1660 2296 1768 2351 contin·

134 2362 184 2416 hb.
196 2377 233 2428 rr,
250 2379 310 2433 cap.
326 2377 410 2429 xx1x;
427 2362 612 2434 Nicephorus,
628 2362 894 2433 lib.x1,cap1te34.
970 2368 1060 2439 gere?
1073 2368 1214 2422 Hactenus
1230 2364 1376 2420 Beronius.

171 2434 319 2501 Batonius,
327 2440 404 2488 tomo
412 2448 454 2500 111,
465 2450 539 2488 anno
550 2433 654 2489 Christi
663 2430 724 2490 340.
737 2433 816 2498 Quod
824 2440 929 2502 autem,
1007 2438 1087 2502 Quod
1097 2443 1191 2492 autern
1201 2436 1242 2490 ait
1251 2434 1467 2491 Beroniushanc
1475 2435 1600 2492 Palladio
1609 2437 1713 2493 dictam
1721 2440 1768 2494 Pc-

134 2504 185 2571 ait,
196 2505 319 2577 pertinet
337 2505 372 2559 ad
383 2505 530 2560 Athanasii
545 2504 664 2558 Romam
678 2504 840 2568 adventum,
849 2522 931 2576 repe·
972 2512 1134 2570 torrentum,
1150 2508 1267 2560 alteram
1282 2506 1359 2560 illam
1374 2506 1492 2560 Eusebio
1508 2507 1610 2562 dictam
1622 2511 1766 2564 Potomia·

134 2576 225 2630 rimus
238 2576 350 2630 duxisse
363 2592 459 2630 secum
468 2576 542 2630 inter
557 2575 626 2629 ahos
640 2574 779 2629 Isidorum
791 2575 880 2641 illum,
896 2576 931 2631 de
972 2597 1048 2643 nem,
1077 2577 1425 2633 otiustribuendumconu
1447 2579 1570 2632 totextui
1581 2579 1767 2650 Palladii,quo

135 2655 192 2718 quo
207 2647 289 2718 plura
303 2646 453 2712 Palladius,
469 2647 517 2717 qui
539 2662 604 2700 eum
618 2645 735 2700 mirifice
751 2646 929 2702 commendat
970 2651 1108 2706 Baronrus
1121 2665 1189 2703 usus
1202 2653 1253 2703 est.
1262 2649 1333 2702 Nam
1343 2647 1383 2701 ita
1393 2594 1478 2702 babet
1488 2649 1637 2703 Paradisus
1648 2649 1769 2704 lieracli·

136 2719 245 2788 (Pattud
260 2720 292 2772 in
304 2718 424 2784 turice,
439 2734 497 2786 rep.
511 2719 524 2770 1
542 2758 548 2771 .
971 2721 1024 2784 dis,
1048 2736 1132 2790 quem
1146 2719 1264 2780 Palladii
1287 2718 1400 2772 nomine
1415 2718 1503 2773 edidit
1517 2719 1697 2790 lipomanus,
1718 2719 1768 2774 sed

173 2789 208 2858 (2)
228 2789 314 2843 Extra
329 2789 451 2859 uittam]
466 2790 509 2842 lta
538 2787 677 2858 egendum
691 2787 710 2841 li
732 2793 781 2844 uet
795 2805 827 2843 ex
840 2789 930 2843 llera·
993 2791 1064 2844 rima
1075 2790 1187 2845 Herreti
1195 2789 1530 2843 editioPotcmianam.1n
1540 2792 1768 2847 Craecotextuest

136 2858 218 2922 elide,
231 2859 278 2929 qui
291 2858 326 2912 de
338 2859 437 2929 capitis
449 2864 611 2930 tegumento
624 2859 669 2913 hic
678 2805 773 2914 habet.
785 2860 880 2914 Graece
890 2863 933 2915 est
1002 2863 1141 2932 erupistis.
1160 2861 1191 2913 ln
1202 2858 1320 2913 Palladii
1330 2865 1422 2912 vetere
1434 2859 1587 2931 interprete
1601 2877 1704 2916 nomen
1716 2861 1769 2915 hoc

135 2930 165 2984 in
180 2931 231 2985 his.
246 2930 362 2995 Veneto,
377 2928 443 2991 ἑττὸς
455 2930 591 3000 pentolina,
606 2929 636 2983 in
648 2930 700 2984 Ms.
712 2929 799 3000 Regio
814 2936 843 2985 et
854 2931 933 2984 Pala·
973 2933 1062 2988 deest.
1078 2933 1246 2986 Potamiano
1258 2929 1339 2983 facile
1349 2928 1378 2982 in
1390 2931 1576 2984 Potomentam
1586 2931 1706 2986 transire
1722 2948 1769 3003 po-

133 3001 203 3065 tino,
238 3002 358 3053 ακιαλίυυ.
374 3000 444 3054 Vide
460 3000 669 3055 Onomasticon.
971 3004 1037 3060 tuit.

171 3072 206 3140 (3)
218 3021 393 3196 borothcus‘p
403 3072 441 3126 lle
450 3072 688 3137 hocSozomenus,
703 3070 928 3144 lib.r1,cap.29‚
1007 3072 1188 3129 Potamioenm
1204 3070 1256 3127 sub
1267 3072 1367 3127 Severo
1382 3069 1517 3143 martyrio
1532 3071 1637 3127 allecta
1650 3071 1768 3127 celebris

134 3149 163 3197 et
177 3160 210 3197 ex
222 3159 256 3197 eo
271 3143 367 3198 Cassio
388 3159 463 3209 orus,
475 3142 541 3197 hist.
550 3142 638 3214 Trip,
650 3143 699 3197 lib.
715 3157 772 3210 riu,
786 3159 848 3214 cap.
867 3143 891 3210 l,
902 3149 932 3198 et
972 3145 1107 3200 memoria
1117 3145 1212 3214 agitur
1221 3144 1249 3197 in
1261 3142 1459 3214 Martyrologio
1472 3143 1563 3207 Rom,
1579 3144 1614 3197 ‘28
1629 3144 1643 3197 J
1647 3143 1715 3209 unii,
1732 3142 1767 3199 de

132 3213 425 3285 Nicephorus,lib.x1,
440 3230 501 3285 cap.
515 3211 562 3272 35.
939 3205 1029 3289 Cqua
1043 3214 1178 3271 Eusebius
1193 3214 1239 3269 lib.
1253 3228 1290 3277 vr,
1305 3230 1365 3284 cap.
1381 3213 1408 3273 l,
1421 3229 1504 3284 quam
1515 3214 1683 3268 Laurentius
1694 3215 1726 3268 do
1739 3215 1768 3268 to

173 3291 263 3351 284
276 3287 318 3356 (t)
329 3285 362 3339 Et
376 3288 553 3339 minutorum
568 3288 675 3340 olerum
689 3282 876 3358 fasciculum}
892 3283 931 3338 Το
971 3289 1057 3342 harre
1070 3287 1100 3340 in
1111 3302 1163 3340 sua
1175 3285 1292 3340 Palladii
1301 3284 1424 3339 editione
1435 3284 1562 3338 eamdem
1575 3301 1640 3342 cum
1653 3285 1706 3338 hac
1715 3300 1767 3338 no·

132 3356 329 3428 λετττολαχάνων
343 3357 415 3426 δέρα.
432 3357 569 3410 Herretus
578 3356 679 3426 legis'se
688 3356 798 3411 ridetur
810 3357 931 3409 λεττολα-
971 3363 1031 3413 stra
1044 3356 1221 3413 existimarit.

133 3448 153 3500 χ
155 3427 220 3480 ἄνων
230 3429 304 3489 itare
316 3426 400 3480 rertit
406 3427 491 3493 enirn,
500 3433 524 3480 et
533 3428 707 3481 minutorum
717 3430 824 3482 olerum
830 3429 929 3494 decem,
1007 3428 1124 3483 Palladii
1138 3426 1224 3481 editio
1237 3427 1328 3485 omnis
1351 3443 1385 3480 ex
1399 3426 1631 3497 interpretatione
1653 3425 1767 3481 Horreti

134 3507 165 3553 at
177 3497 333 3552 heraclidis
347 3497 487 3569 interpres
500 3497 650 3551 lectionem
665 3503 808 3569 receptam
818 3501 928 3564 tuetur3
970 3500 1031 3554 loco
1045 3501 1214 3554 Maximiani
1223 3497 1309 3551 habet
1321 3500 1472 3552 Mecimini
1480 3515 1487 3559 ,¹
1499 3497 1540 3551 ita
1552 3514 1662 3569 quoque
1672 3498 1769 3553 Graes

133 3571 446 3638 unurnqucsuscicuturn
455 3571 536 3623 oleris
545 3570 683 3633 citissimi,
690 3573 719 3623 et
728 3568 932 3623 aliusretusiu·
971 3568 1137 3625 Parisiensis
1152 3568 1247 3622 editio.
1263 3569 1368 3622 Vereor
1382 3573 1414 3621 ut
1427 3584 1553 3622 erronee.
1570 3568 1643 3622 Nam
1657 3568 1686 3622 in
1705 3568 1767 3622 aliis

134 3645 244 3711 terpres
256 3639 285 3693 in
298 3639 451 3710 appendice
465 3639 593 3693 Vitarum
608 3639 800 3705 Patrum,etcte
812 3641 932 3693 minutis
972 3640 1076 3695 Graecis
1088 3644 1131 3694 est
1145 3639 1310 3710 Μαξιμιανοῦ.
1328 3640 1362 3693 Et
1371 3638 1412 3692 ita
1422 3653 1533 3710 quoque
1545 3638 1612 3709 legit
1623 3644 1702 3693 retus
1713 3639 1767 3693 lle·

135 3715 242 3765 olerum
250 3713 431 3764 condirnentis
436 3709 661 3778 fasciculum.Sic
667 3710 742 3781 apud
749 3709 889 3764 Pollucem
895 3710 933 3763 le·
973 3711 1085 3767 caelidis
1096 3715 1124 3764 et
1138 3709 1255 3764 Palladii
1264 3709 1412 3781 interpres.

134 3781 228 3863 gimus
242 3780 370 3852 φρυγάνων
390 3781 479 3852 δεσμός
497 3786 526 3834 et
539 3782 626 3851 δέσμῃ.
642 3780 818 3852 Nicephorus
832 3780 867 3834 de
881 3780 933 3834 hoc
1009 3780 1044 3850 (9)
1073 3783 1200 3848 Prasecto
1223 3781 1435 3849 Alexandrino]
1463 3780 1558 3835 Graece
1582 3786 1634 3847 est,
1662 3778 1768 3852 ἐπάρχω

136 3869 197 3924 ipso
212 3851 364 3917 Dorotheo,
379 3850 428 3905 lib.
440 3866 479 3918 x1,
495 3869 519 3906 c.
535 3850 569 3906 35
584 3869 589 3904 :
606 3851 656 3913 Ἔξ
667 3852 689 3902 δ’
704 3849 798 3922 ου’γαίαι
812 3849 886 3932 ἄρτου
901 3870 930 3918 ην
978 3850 1169 3922 Ἀλεξανδρίνω.
1184 3851 1246 3905 Non
1261 3857 1335 3906 recte
1349 3852 1486 3905 Herretus
1498 3857 1629 3917 verterat,
1643 3835 1766 3921 presidi.

136 3922 204 3976 αὐτῶ
216 3923 303 4004 τρυρὴ,
319 3923 359 3974 καὶ
372 3917 512 3993 ἀτόδευρος
524 3921 642 4002 λαχάνων
656 3921 763 3974 λεπτῶν.
778 3939 792 3973 ο
806 3920 891 3976 Cibus
905 3920 931 3975 ei
972 3924 1048 3978 Bene
1058 3926 1137 3977 retus
1144 3906 1262 3976 Palladii
1272 3928 1301 3977 et
1309 3922 1620 3993 Heraclidisinterpres,
1630 3925 1767 3993 prefecto.

136 3999 198 4049 erat
207 4010 286 4065 panis
295 4009 343 4047 sex
352 3995 450 4061 uncia,
462 3999 491 4047 et
500 3998 628 4046 tenuium
638 3993 746 4046 olerum
754 3991 930 4046 fasciculus.»
973 3995 1043 4049 Vide
1057 3994 1265 4049 Onomastreon.

136 4066 159 4121 F
159 4082 255 4120 aorro.
1010 4064 1064 4133 (10)
1075 4067 1126 4118 Per
1141 4070 1222 4132 ceput
1237 4064 1435 4186 imperatoris&
1447 4064 1577 4118 Solemne
1586 4063 1714 4117 ferroum
1723 4065 1768 4135 ju·

171 4139 212 4206 (5)
221 4139 323 4190 Funera
338 4153 370 4191 ca
382 4134 493 4205 ruinis]
509 4134 567 4189 Hoc
581 4133 742 4201 maluimus,
759 4149 843 4206 quam
858 4133 933 4205 quod
973 4152 1036 4190 rare
1065 4150 1097 4188 er
1109 4139 1193 4204 caput
1205 4134 1393 4205 imperatoris.
1434 4134 1479 4187 ide
1494 4133 1704 4188 Onomastieon.

136 4208 416 4280 interpres,cotenam
425 4223 456 4260 ea
465 4209 562 4259 rumis.
573 4206 642 4277 οειρὰ
653 4205 728 4260 enim
739 4221 795 4259 non
804 4211 933 4259 catenam
1009 4152 1066 4274 (lb
1080 4205 1216 4274 diripiat]
1231 4205 1271 4258 De
1286 4205 1337 4258 hoc
1351 4203 1580 4274 hieronymusin
1595 4204 1721 4274 catalogo
1736 4205 1768 4258 il·

136 4280 238 4346 solum,
253 4279 301 4332 sed
313 4277 445 4332 ettunem
456 4281 547 4331 sonat.
564 4276 719 4342 Eustathio,
735 4276 783 4328 αλέ
799 4276 865 4346 ματα
879 4295 935 4328 τινα
973 4277 1055 4331 lustr.
1079 4274 1210 4330 Ecclesia
1234 4274 1417 4345 Scriptorum,
1433 4291 1493 4344 cap.
1515 4273 1581 4338 109;
1598 4274 1768 4329 sozomenus

137 4346 187 4403 ἀπὸ
209 4352 336 4421 σχοινίων,
360 4349 374 4416 ἰ)
400 4347 527 4418 οτάρτων,
553 4347 568 4414 ἱ)
592 4346 741 4409 assidetes,
766 4297 930 4413 lferaclidae,
974 4345 1336 4416 libror1,cap.2ete1eo
1355 4344 1546 4411 Cassiodorus,
1561 4345 1684 4416 Tripart.
1699 4346 1765 4398 hist.

135 4423 234 4491 sanem
247 4421 394 4488 querndurn
408 4434 441 4472 ea
453 4419 551 4471 arbore
566 4417 888 4489 dactylorumSynesius
903 4417 933 4471 in
973 4417 1021 4477 lib.
1038 4431 1097 4484 rur,
1113 4433 1173 4488 cap.
1190 4413 1223 4484 ⁸3
1241 4416 1423 4487 Nicephorus,
1435 4414 1483 4471 lib,
1495 4430 1533 4481 ur,
1545 4432 1606 4486 cap.
1622 4416 1662 4481 ll,
1676 4420 1705 4470 ct
1716 4415 1765 4469 lib.

136 4492 234 4556 Dione,
248 4491 282 4544 de
294 4490 359 4543 Vita
369 4489 578 4554 Monachorum,
595 4503 659 4558 pag.
669 4486 704 4542 46
717 4506 722 4540 :
736 4487 774 4542 ”H
786 4489 810 4541 τί
820 4485 901 4549 αὐτοῖς
910 4487 934 4540 ol
973 4505 1000 4557 x,
1016 4504 1077 4560 cap.
1093 4487 1137 4544 35.

135 4563 238 4615 κάλαθον
253 4562 391 4630 βούλονται,
411 4560 451 4612 καὶ
466 4562 496 4612 τὰ
512 4559 651 4629 πλεγμάτων
666 4557 732 4611 ἅττα
747 4557 972 4630 praepalpans-D
1009 4559 1234 4614 Fraterloannes
1243 4557 1332 4612 Maria
1343 4556 1767 4627 Brasicbellensiamagistersa·

135 4650 190 4696 ταυ;
204 4651 217 4686 τ
231 4632 303 4696 Quid
313 4630 366 4684 sibi
375 4631 478 4685 calathi
487 4630 592 4696 volunt,
600 4635 732 4700 textaque
742 4645 803 4701 que
813 4635 933 4683 tractare
973 4630 1015 4684 cri
1028 4628 1139 4694 Palatii,
1154 4629 1182 4682 in
1198 4628 1289 4682 indice
1306 4628 1441 4683 librorum
1455 4629 1707 4698 repurgandorum,
1724 4628 1766 4683 ita

135 4703 270 4758 solenti«
288 4703 407 4757 Fnonro.
974 4701 1034 4755 loco
1048 4701 1100 4754 hoc
1107 4698 1238 4754 ascribit:
1252 4699 1303 4753 llic
1313 4699 1364 4753 Did
1386 4716 1448 4754 mus
1458 4698 1569 4754 tammsi
1580 4704 1609 4753 et
1618 4699 1767 4753 sanctitate

173 4774 209 4844 (6)
224 4777 308 4828 Panis
319 4769 450 4844 quoque]
461 4768 559 4842 Ψωμὸς
570 4771 614 4826 hic
620 4787 732 4842 marm,
744 4787 800 4827 non
809 4772 934 4840 [rustum
974 4779 1004 4827 et
1012 4770 1140 4827 doctrina
1154 4770 1196 4823 vir
1209 4786 1328 4840 magnus
1347 4716 1385 4823 ab
1396 4770 1477 4826 initio
1490 4769 1590 4838 tueritp
1598 4775 1630 4823 ut
1639 4770 1721 4850 plura
1732 4770 1767 4824 de

135 4844 286 4915 significat,
301 4850 334 4898 ut
343 4847 465 4899 verterat
477 4841 627 4898 Herretus.
642 4842 712 4898 Vide
726 4843 874 4899 Onomast.
974 4859 1008 4898 eo
1022 4844 1139 4897 Petrum
1152 4840 1243 4910 elogia
1254 4846 1394 4895 testantur
1410 4845 1458 4895 :et
1470 4840 1584 4895 tandem
1594 4840 1624 4893 in
1638 4841 1661 4895 0
1723 4840 1767 4894 nis

173 4915 211 4984 (1)
234 4917 283 4970 uei
305 4931 375 4969 eruc
397 4911 492 4986 adest}
518 4913 602 4977 Quasi
623 4913 736 4983 legisset
757 4913 851 4984 σωτὴρ,
876 4927 932 4967 non
973 4930 1097 4969 errorem
1105 4911 1303 5035 precipitatus,
1316 4917 1344 4965 et
1354 4911 1510 4982 precipuus
1520 4909 1681 4980 origenista
1710 4910 1767 4965 abi·

135 4983 250 5057 σταυρὸς,
265 4985 350 5039 vertit
364 4985 510 5050 Herretus,
525 4985 582 5051 Quo
592 4987 665 5037 renit
675 4983 818 5049 Servata,-
834 4989 865 5038 at
873 4983 933 5038 ieli-
971 4990 1027 5049 tus,
1044 4990 1178 5056 tanquam
1208 4982 1335 5036 aereticus
1348 4981 1550 5036 condemnatus
1564 4987 1616 5046 est,
1633 4997 1767 5036 unacum

135 5057 197 5111 eius
207 5056 367 5111 Heraclides
377 5073 383 5108 ε
392 5056 442 5110 nor
451 5071 521 5109 crea
528 5056 614 5120 adest,
622 5055 662 5107 ibt
672 5054 745 5110 nihil
755 5053 865 5110 Setaea
872 5070 932 5107 mu·
972 5055 1094 5124 Origene
1109 5062 1138 5109 et
1144 5052 1260 5123 Evagrio
1271 5052 1394 5116 Pontico,
1406 5051 1436 5106 in
1444 5051 1553 5124 synodo
1564 5053 1723 5123 rgenerali,
1735 5057 1767 5107 ut

135 5131 261 5195 bonitas.
281 5127 316 5182 Et
328 5127 400 5181 alter
415 5131 493 5180 retus
504 5125 643 5197 interpres
661 5138 666 5173 :
683 5127 733 5181 Ubi
743 5141 814 5180 erar
828 5124 933 5180 Christi
972 5132 1100 5181 auctores
1114 5130 1181 5180 sunt
1195 5122 1620 5195 sanctusTharasiusepiscopus
1631 5123 1767 5178 Constan-

134 5200 340 5268 superducitur,
353 5199 571 5265 nonprarotcln't
584 5197 817 5251 matitiadtahott.
831 5195 931 5251 Hiero·
970 5193 1461 5266 tinopolitanusinconfessionehdei
1491 5194 1767 5264 nahabeturinsyn·
1830 5200 1833 5206 '

134 5267 931 5409 litteral-itiitdthtlttltttttttt‘
971 5210 1766 5393 ttlttttltltidrltlt‘t’lilithtituta

243 5426 309 5479 Crux
322 5426 390 5490 pellit
403 5439 473 5475 omne
486 5354 586 5486 crimeyr,
724 5439 727 5444 ·
970 5355 1114 5463 damnabit
1123 5422 1234 5479 quoque
1245 5411 1359 5460 sanctus
1372 5405 1511 5461 Martinus
1520 5421 1595 5476 papa
1602 5407 1634 5458 et
1644 5409 1763 5475 manyr.

244 5490 354 5550 Fugiunt
367 5501 462 5538 erucem
475 5486 587 5543 terebra,
970 5479 1001 5534 in
1010 5479 1126 5534 concilio
1139 5477 1332 5541 Lateranensi,
1342 5476 1494 5532 secretario
1509 5492 1535 5542 r,
1550 5489 1612 5529 can.
1630 5468 1672 5558 18,-
1690 5540 1697 5559 ι
1716 5536 1725 5559 ρ

244 5551 300 5602 Tali
314 5549 392 5600 dicata
404 5549 474 5612 signo
1004 5548 1063 5621 (ιῖ)
1081 5548 1191 5619 Ortua]
1210 5547 1315 5602 Carens
1329 5547 1426 5603 oculis.
1443 5547 1537 5602 Gracc
1552 5549 1603 5608 est,
1620 5543 1635 5596 b
1649 5562 1699 5598 axo
1712 5564 1762 5616 op·

242 5612 315 5665 um
327 5611 542 5675 cremantur,
972 5618 1058 5691 paor
1074 5619 1213 5701 adme.
1237 5617 1353 5676 Puram
1374 5633 1410 5674 es
1431 5614 1536 5699 araca
1554 5614 1669 5672 υοῑιαυ.
1690 5612 1762 5672 Vite
