3818 6120
127 295 185 356 ‘113
821 299 1027 356 PRAELUDIA.
1718 310 1770 366 714

168 427 259 482 Porro
267 427 390 484 llelanioe
404 427 462 482 tilio
478 428 668 497 hoctempore
682 431 833 497 praeturam
848 425 1047 486 urba-Aillius
1059 425 1163 495 conjux
1176 424 1228 495 fui,
1241 426 1342 481 ancilla
1356 443 1420 482 vero
1433 445 1508 484 nunc
1522 431 1625 488 Christi
1638 450 1718 502 suur;
1732 452 1769 492 ne

127 517 380 587 namiungentim)
387 514 518 587 junctum
528 514 614 570 baisse
628 516 776 571 constatin
790 517 933 571 matrimo·
973 530 1039 585 ergo
1054 530 1099 568 me
1112 513 1147 568 ob
1159 514 1294 568 vilitatem
1308 518 1453 586 praesentis
1469 518 1581 577 babitus
1590 529 1770 580 contemnen-

127 605 211 659 nium
229 605 371 671 Albinam,
386 605 508 659 Melania
519 621 584 658 vero
595 604 693 674 junior
709 605 770 675 ejus
785 606 878 677 neptis
889 605 933 660 Pi·
973 603 1038 657 dam
1063 602 1213 673 putaveris,
1230 604 1297 674 quia
1313 604 1393 660 tacile
1412 609 1553 677 extollere,
1572 611 1596 666 si
1614 613 1707 680 velim,
1724 631 1769 669 me

127 694 217 749 niano
234 695 263 748 in
286 694 496 749 matrimonium
518 694 623 748 tradita
644 694 697 748 tuit
720 696 849 762 (aaziae,
872 711 930 764 cup.
974 709 1101 763 possum,
1117 708 1168 748 nec
1181 698 1288 748 terrere
1305 693 1392 764 igitur
1407 713 1452 751 me
1466 699 1496 752 in
1511 700 1605 772 aliquo
1621 703 1705 770 vales,
1719 720 1770 758 ne·

127 782 194 852 33),
207 783 256 838 sed
271 784 306 838 de
321 783 364 837 his
378 783 504 838 inlerius.
974 799 1028 853 quo
1051 782 1205 852 quidquam
1226 782 1295 837 mibi
1311 784 1346 837 dc
1361 786 1431 840 meis
1444 787 1528 843 rebus
1541 790 1661 845 auferre.
1677 794 1770 863 Atque

167 872 277 928 Laudat
300 877 412 926 sanctus
439 872 627 944 Hieronymus
655 873 765 927 semime
793 889 931 927 summam
973 871 1035 924 ideo
1047 889 1081 924 ne
1092 871 1218 926 fortassis
1228 872 1361 942 ignorans
1371 875 1525 944 periculum
1534 879 1647 957 aliquod
1659 886 1709 935 aut
1718 883 1771 937 cri·

128 962 320 1016 constantiam
335 963 383 1030 (r),
400 962 474 1033 quod
489 962 573 1016 simul
590 963 669 1017 siccis
688 963 774 1016 oeulis
789 962 934 1032 sepelisset
975 977 1037 1013 men
1052 960 1188 1025 incurras,
1205 960 1307 1015 idcirco
1322 963 1374 1016 ista
1387 963 1439 1018 tibi
1454 967 1598 1035 mandari3
1611 971 1691 1040 quasi
1705 987 1769 1040 quse

128 1051 224 1104 virum
244 1068 325 1105 suurn
350 1068 382 1105 ac
408 1051 478 1105 duos
503 1052 575 1105 tilios
605 1053 737 1117 illiciam,
765 1054 844 1119 epist.
865 1050 930 1117 mm
974 1048 1334 1104 diceret21nterdumenim
1346 1055 1770 1130 necesseestadversusimpru-

128 1157 189 1195 uno
206 1156 272 1194 vcro
287 1139 437 1212 superstite
452 1140 598 1203 derelicto,
613 1140 791 1211 peregrinata
805 1140 933 1195 fueritin
974 1137 1072 1191 dentes
1085 1137 1144 1191 hac
1158 1138 1214 1208 agi,
1232 1145 1258 1193 et
1274 1140 1359 1194 veluti
1384 1141 1514 1213 accipitre
1534 1145 1576 1198 vel
1590 1163 1658 1200 cane
1672 1154 1770 1202 contra

129 1226 285 1300 AEgyptum
304 1230 408 1300 primo,
432 1229 497 1283 inde
523 1228 746 1298 lerosolymam
773 1228 867 1298 ibique
897 1228 932 1282 nd
974 1238 1021 1275 eos
1036 1223 1261 1291 arrogantiam,
1283 1242 1343 1295 quae
1358 1242 1481 1297 congruo
1495 1234 1620 1301 tempore
1635 1233 1769 1303 superbos

129 1318 257 1388 quinque
276 1318 365 1372 lustra
384 1333 443 1372 esse
459 1322 670 1375 commoratam,
695 1317 829 1371 Paulinus
844 1317 934 1371 tradit
973 1312 1211 1382 comprehensura
1222 1313 1357 1369 imitatur.
1383 1316 1497 1371 Talibus
1513 1335 1579 1389 ergo
1598 1320 1688 1375 verbis
1707 1337 1771 1376 mox

130 1405 270 1473 (panim,
286 1407 323 1460 aa
343 1407 444 1473 sever„
463 1409 576 1476 epistola
594 1403 650 1471 109,-
665 1406 785 1475 amplius
801 1423 864 1460 vero
881 1422 932 1459 an.
974 1398 1034 1468 ipse
1046 1399 1163 1454 territus
1174 1400 1270 1470 judex,
1287 1405 1429 1458 excusavit
1442 1405 1533 1459 eidem
1549 1405 1652 1461 sactum
1668 1424 1749 1462 suurn
1763 1427 1774 1477 ς

129 1511 185 1549 nos
197 1496 276 1560 duos,
290 1511 391 1565 nempe
405 1495 503 1565 viginti
519 1501 626 1566 septem
642 1494 689 1564 ly),
704 1494 843 1548 Palladius
855 1495 932 1548 assir·
974 1492 1002 1541 et
1015 1488 1140 1555 ineam,
1157 1494 1189 1543 ut
1197 1496 1348 1558 meruerat,
1366 1493 1529 1562 bonoravit;
1543 1502 1571 1550 et
1580 1497 1675 1567 iussit,
1691 1502 1723 1551 ut
1736 1497 1773 1552 ad

131 1584 362 1651 matil’allodius,
374 1587 405 1638 in
417 1585 551 1649 lausiac,
569 1599 628 1653 cop.
645 1582 699 1651 33).
973 1576 1036 1630 illos
1050 1577 1133 1643 viros,
1146 1578 1256 1648 quoties
1270 1579 1361 1645 vellet,
1382 1584 1535 1640 accederet,
1550 1602 1563 1637 r
1579 1584 1722 1641 Hactenus
1736 1586 1771 1640 de

168 1671 256 1727 Porro
280 1672 407 1728 Melaniae
423 1672 450 1725 in
465 1671 585 1744 AEgypto
601 1672 784 1726 commoratio
800 1689 932 1742 magnum
974 1666 1050 1720 illius
1069 1666 1224 1721 ministerio
1236 1669 1358 1723 exhibito
1369 1670 1583 1727 confessoribus.

128 1761 217 1833 plane
230 1778 294 1815 cum
309 1761 362 1832 ipsi
381 1766 441 1816 tum
463 1761 574 1816 Ruiflno
592 1761 688 1816 attulit
710 1761 910 1816 detrimentum
925 1745 965 1814 :B
1006 1758 1140 1822 Profectio
1148 1758 1383 1825 ierosolymitano
1393 1767 1416 1813 et
1431 1762 1531 1815 itidem
1545 1766 1734 1818 commoratio.

129 1850 272 1922 siquidem
284 1867 347 1904 cum
362 1850 482 1921 Didymo
495 1850 685 1904 Alexandrino
700 1852 795 1920 magni
811 1851 933 1905 nominis
1008 1844 1091 1899 Arene
1104 1845 1208 1920 Christi
1222 1844 1283 1901 372.
1294 1876 1327 1886 -
1338 1848 1377 1901 De
1392 1851 1611 1905 commoratione
1625 1853 1685 1922 ejus
1696 1852 1773 1908 Jero·

130 1939 203 2006 viro,
214 1944 243 1994 et
257 1939 292 1994 ob
302 1939 432 1993 eximiam
446 1939 626 2009 conjunctam
640 1956 703 1993 eum
719 1940 864 1994 oculorum
879 1957 934 1993 cm·
974 1932 1088 2002 solymis
1101 1933 1140 1986 sic
1151 1950 1214 1987 mor
1228 1934 1323 1989 subdit
1341 1954 1346 1989 :
1364 1955 1377 1990 o
1392 1937 1457 1992 llaec
1471 1945 1575 2006 autem,
1589 1941 1725 1996 revocatis
1737 1941 1772 1996 ab

131 2029 219 2083 citate
238 2028 368 2100 peritiam
387 2028 469 2099 plane
495 2029 603 2083 eunetis
618 2028 786 2091 admirabili,
804 2028 933 2081 intimam
974 2022 1070 2075 exsilio
1085 2023 1249 2077 memoratis
1264 2025 1339 2089 viris,
1357 2028 1558 2083 monasterium
1572 2031 1648 2101 apud
1664 2031 1774 2085 leroso-

131 2117 366 2173 eonsuetudinem
376 2117 519 2182 habentes,
530 2117 699 2188 propinante
709 2117 934 2186 illoipsissitien·
975 2111 1079 2180 lymam
1089 2111 1142 2165 sibi
1161 2111 1235 2174 fecit,
1251 2112 1280 2167 in
1291 2130 1346 2184 quo
1360 2115 1458 2185 viginti
1468 2122 1497 2170 et
1510 2124 1617 2189 septem
1632 2135 1773 2174 annorum

131 2206 220 2273 tibus,
237 2222 320 2277 quem
336 2206 453 2260 mirifice
474 2205 651 2277 predicabat,
669 2206 820 2274 Origenem
840 2222 932 2273 suurn,
976 2206 1087 2270 tempus
1102 2201 1236 2271 implevit,
1252 2203 1457 2274 quinquaginta
1477 2222 1571 2260 secum
1585 2212 1696 2263 sorores
1719 2208 1774 2263 vir-

133 2297 293 2376 hauserunt
305 2295 352 2349 isti
367 2312 424 2349 una
441 2312 504 2349 cum
527 2295 600 2348 dulci
619 2300 686 2365 potu
706 2311 852 2358 venenum,
874 2302 930 2351 etc,
975 2288 1055 2357 gines
1070 2288 1184 2343 habens.
1205 2290 1270 2344 Erat
1284 2291 1369 2346 etiam
1384 2309 1447 2347 cum
1463 2311 1496 2348 ea
1510 2295 1639 2350 Ruffiuus
1660 2297 1776 2369 quidam

134 2385 192 2449 Qui
206 2384 354 2440 siccorum
369 2385 472 2438 animis
486 2385 616 2438 Periarsl:
628 2402 651 2435 vr
676 2384 697 2414 rs
710 2384 803 2452 *Quoi-r
823 2383 934 2451 infudit,
977 2377 1098 2442 nornine,
1115 2379 1213 2445 Italus,
1229 2380 1297 2433 civis
1307 2398 1340 2434 er
1354 2382 1527 2452 Aquileiensi
1542 2385 1653 2456 oppido,
1667 2386 1710 2440 vir
1724 2402 1775 2441 no-

135 2479 169 2529 ut
181 2490 215 2528 eo
231 2479 366 2544 tanquam
382 2490 484 2543 magno
496 2473 628 2528 thesauro
641 2473 732 2539 ditali,
748 2479 883 2545 cuperent
895 2479 937 2526 to·
978 2465 1076 2520 billum
1085 2466 1149 2520 etin
1157 2469 1298 2539 proposito
1308 2469 1519 2540 singularisatis
1528 2472 1642 2528 fortium
1653 2490 1774 2542 morum,

135 2571 198 2619 tum
214 2563 381 2618 catholicum
397 2562 492 2616 orbem
508 2563 671 2634 locupletari
684 2583 692 2627 ;
704 2562 752 2616 sed
765 2564 846 2633 plane
866 2562 937 2634 aspi·
979 2555 1026 2625 qui
1041 2555 1075 2609 ad
1090 2555 1315 2627 presbyteratum
1324 2563 1422 2629 postea
1433 2561 1537 2615 meruit
1545 2578 1705 2632 pervemre;
1721 2579 1776 2634 quo

135 2653 180 2707 dis
193 2669 244 2707 ora
259 2651 515 2723 foverunt3quibus
527 2652 627 2723 ruptis,
643 2651 770 2722 prodiere
782 2656 936 2722 serpentes
979 2643 1072 2698 nulluss
1092 2646 1273 2712 mansueti&
1291 2646 1399 2714 f⁰rti⁰¹⁸2
1426 2653 1455 2703 02
1480 2650 1624 2720 Placidlffli
1640 2656 1777 2723 tanquam

136 2758 258 2813 quorum
269 2741 367 2796 lethali
375 2757 480 2795 veneno
491 2757 574 2811 quarn
582 2741 697 2812 plurimi
711 2741 936 2811 misereperiere.
979 2734 1075 2787 omnia
1088 2733 1186 2799 sciens,
1202 2734 1312 2789 insere
1328 2735 1401 2790 virili
1416 2739 1510 2809 potuit
1530 2739 1658 2798 inveniri.
1677 2759 1690 2794 r
1712 2741 1778 2796 Haec

136 2832 175 2885 At
188 2831 223 2885 de
239 2831 283 2884 his
298 2830 413 2884 inferius
423 2829 481 2883 suis
495 2831 562 2883 locis
573 2829 700 2901 pluribus
715 2830 935 2900 agendumerit:
980 2822 1091 2893 quidem
1100 2822 1141 2876 'de
1155 2823 1265 2878 Rufllno
1280 2825 1431 2893 Palladius
1448 2827 1483 2880 de
1495 2827 1625 2900 Origenis
1639 2833 1778 2885 sectatore

137 2920 200 2975 haec
212 2920 296 2974 modo
310 2919 378 2973 satis
393 2919 422 2973 in
437 2918 480 2972 his
499 2935 560 2989 quae
574 2924 702 2989 spectant
716 2918 751 2972 ad
767 2917 894 2972 Melania
909 2923 938 2972 et
980 2911 1148 2980 Origenista,
1160 2911 1327 2984 llieronymo
1337 2931 1398 2969 eam
1410 2915 1445 2969 ob
1455 2932 1569 2971 causam
1583 2918 1777 2989 perinlensus;

139 3009 247 3064 numni
261 3008 492 3063 consuetudinem
507 3024 570 3061 cum
585 3007 703 3079 Didymo
717 3007 745 3060 in
755 3008 875 3078 AEgypto
888 3007 939 3062 hoc
980 3006 1081 3054 utnon
1095 3000 1214 3067 mireris,
1231 3001 1315 3073 siqui
1330 3003 1473 3058 Bullinum
1492 3005 1636 3061 immensis
1647 3007 1778 3063 laudibus

138 3107 277 3169 ternpore,
292 3114 346 3169 quo
360 3097 427 3151 illuc
439 3102 506 3151 sunt
519 3096 699 3167 peregrinati.
980 3095 1071 3153 ornat,
1091 3089 1292 3161 llieronymum
1308 3092 1406 3146 eodem
1417 3093 1446 3147 in
1460 3096 1662 3150 commentario
1677 3103 1778 3151 contu·

354 3187 487 3253 Profectio
498 3188 529 3238 in
541 3187 726 3239 Palaemoni.
948 3178 1071 3278 Cmeliis
1085 3178 1197 3232 laceret.
1214 3179 1268 3233 Sed
1287 3180 1321 3234 de
1341 3180 1468 3236 Palladio
1488 3200 1538 3237 suo
1558 3184 1617 3238 loeo
1636 3184 1717 3255 plura
1733 3185 1777 3240 in·

178 3281 260 3332 Anno
275 3275 378 3330 Christi
393 3274 454 3331 atr.
472 3305 504 3314 -
528 3274 648 3328 lllelania
663 3275 715 3327 hoc
736 3275 834 3328 eodem
853 3291 937 3340 anno,
980 3267 1075 3332 fellus,
1094 3267 1141 3338 (1¹11
1156 3268 1190 3322 de
1204 3267 1333 3323 instituto
1351 3270 1478 3326 Melaniae
1498 3277 1583 3343 atque
1598 3272 1704 3327 Ruffini
1717 3279 1778 3328 toto

142 3379 199 3435 quo
215 3379 248 3416 ea
264 3361 338 3415 Petri
361 3359 540 3414 Alexandrini
561 3359 662 3413 littoris
681 3360 801 3413 vidimus
826 3359 940 3432 AEgypti
981 3356 1028 3410 illo
1043 3356 1178 3426 temporis
1193 3357 1292 3428 spatio,
1306 3375 1362 3429 quo
1376 3360 1503 3414 vixerunt
1517 3361 1707 3433 ierosolymis,
1724 3361 1780 3418 ista

142 3452 288 3523 episcopos
303 3454 332 3503 ct
348 3449 498 3502 monachos
513 3448 651 3517 relegatos
661 3465 721 3501 esse
738 3448 940 3503 Diocaesa1·eam
981 3444 1096 3498 subdit:

143 3540 277 3612 oppidum
289 3539 317 3593 in
333 3538 483 3592 Palaestina
493 3536 588 3601 situm,
602 3537 657 3591 illis
672 3537 874 3604 ministratura,
885 3556 942 3592 nia·
1020 3553 1033 3584 α
1048 3534 1097 3589 lsti
1107 3535 1232 3605 igiturin
1242 3536 1339 3608 viginti
1350 3543 1379 3594 et
1385 3544 1492 3610 septem
1502 3540 1583 3595 annis
1593 3557 1692 3596 omnes
1705 3537 1781 3612 apud

142 3646 200 3702 gno
223 3627 289 3682 tidei
308 3627 408 3681 ardore
428 3642 569 3691 succensa,
594 3627 798 3699 lerosolymam
820 3628 941 3697 prolecta
982 3622 1185 3695 lerosolymam
1194 3636 1314 3689 sanctos,
1326 3633 1410 3699 atque
1426 3629 1588 3700 peregrinos
1599 3629 1743 3702 episcopos
1752 3635 1781 3686 et

144 3724 197 3774 est.
222 3717 296 3781 Quid
318 3733 381 3770 vero
397 3716 458 3787 ipsa
477 3714 515 3768 ibi
530 3715 628 3785 egerit,
644 3715 787 3770 Palladius
803 3716 884 3771 docet
898 3717 942 3771 his
983 3714 1142 3779 monachos
1173 3716 1350 3788 virginesque
1373 3718 1434 3786 [hoc
1457 3719 1533 3772 enim
1555 3726 1688 3775 voveram
1712 3718 1782 3792 Deo)

143 3807 371 3875 serbistPollod,
383 3807 519 3870 taurica,
532 3821 590 3872 cop.
600 3802 641 3873 33)
654 3822 682 3858 2«
693 3806 826 3859 Posthac
836 3812 940 3873 autem,
983 3802 1123 3873 suscipere
1141 3805 1261 3876 propriis
1286 3806 1445 3877 sumptibus
1464 3824 1496 3862 ac
1524 3808 1616 3863 fovere
1631 3824 1782 3864 consueve-

144 3913 210 3950 cum
232 3893 406 3949 Alexandriae
429 3893 575 3965 praesectus
597 3894 759 3963 Augustalis
791 3895 940 3960 Isidorum,
984 3897 1059 3956 runt,
1074 3909 1226 3964 omnesque
1241 3894 1317 3949 adse
1332 3896 1474 3951 venientes
1488 3898 1618 3953 meliores
1635 3903 1781 3953 tantarum

144 3985 308 4056 Pitbymum
320 3981 528 4054 [Euthymium]
547 3985 593 4051 (a),
611 3983 790 4054 Adelpbium,
813 3984 942 4055 l‘aphnu-
984 3997 1016 4033 ac
1024 3980 1122 4035 talium
1134 3998 1228 4037 rerum
1240 3986 1475 4057 contemplatione
1485 3986 1620 4043 lecerunt.
1629 3987 1695 4043 Illos
1706 3987 1782 4042 enim

145 4075 229 4139 uum,
245 4071 426 4139 Pambonem,
443 4071 518 4125 inter
532 4087 602 4142 quos
614 4071 700 4126 etiam
716 4089 810 4127 senem
826 4074 942 4127 Ammo·
985 4069 1204 4140 quadringentos
1217 4088 1334 4127 numero
1349 4074 1509 4143 monachos,
1523 4077 1571 4147 qui
1585 4081 1700 4148 propter
1707 4076 1781 4131 Pau·

144 4163 223 4218 nium
245 4178 331 4216 unam
343 4160 492 4217 habentem
508 4160 673 4226 auriculam,
685 4167 714 4215 et
728 4161 874 4215 duodecim
887 4163 944 4233 epi·
983 4158 1073 4211 linum
1090 4160 1303 4227 (Antiochenam
1318 4163 1478 4235 episcopum
1493 4165 1606 4235 scilicet)
1627 4183 1658 4220 so
1674 4165 1710 4219 ab
1729 4165 1782 4221 ae-

144 4268 254 4322 seopos,
270 4250 513 4322 presbyterosque,
530 4255 558 4303 ot
571 4250 641 4303 alios
653 4250 788 4320 quosdam
804 4267 892 4321 usque
908 4251 943 4305 nd
985 4247 1068 4301 clesia
1081 4249 1258 4318 separabant,
1275 4258 1377 4305 sanctae
1396 4268 1494 4306 rursus
1512 4253 1639 4308 Ecclesia
1651 4253 1782 4309 reddide-

145 4349 259 4396 centum
274 4339 420 4394 duodecim
431 4355 548 4394 numero
562 4340 636 4392 circa
648 4338 795 4394 Palestinae
810 4340 944 4394 Diocaesa·
985 4341 1061 4389 runt.
1084 4336 1188 4390 Onrnes
1202 4339 1289 4392 etiam
1304 4344 1405 4410 prater
1417 4341 1468 4394 hos
1481 4358 1617 4412 perversa
1632 4347 1714 4397 sectae
1729 4342 1782 4397 ho·

144 4447 225 4485 ream
233 4430 395 4483 damnasset
405 4428 501 4482 exsilio
514 4446 519 4480 :
532 4429 600 4481 istos
610 4429 668 4482 haro
678 4419 1076 4486 beatissimaomnestines
1096 4432 1242 4481 utcontra
1264 4427 1401 4498 Spiritum
1424 4434 1552 4484 sanctum
1576 4430 1713 4500 sacrilego
1733 4446 1783 4485 ore
1881 4459 1885 4467 ·

145 4527 245 4575 secuta
260 4525 312 4586 est,
330 4524 358 4572 et
369 4517 490 4589 propriis
506 4516 684 4571 facultatibus
700 4518 740 4571 eis
755 4518 942 4572 ministerium
985 4520 1133 4580 certantes,
1156 4516 1191 4569 ad
1214 4516 1364 4571 Ecclesiam
1385 4523 1521 4585 nostram,
1539 4535 1605 4574 vera
1627 4519 1781 4587 suadendo,

144 4626 229 4664 suum
242 4608 370 4680 prebuit.
379 4608 506 4677 Cumque
517 4605 551 4659 ab
564 4606 617 4660 illis
631 4607 678 4677 qui
688 4606 717 4660 iu
725 4612 944 4661 memoratorum
986 4620 1018 4656 ac
1028 4603 1136 4674 jugiter
1149 4612 1262 4660 cunctos
1276 4606 1410 4674 docendo,
1423 4614 1633 4675 revocaverunt,
1645 4609 1783 4665 honoran-

139 4688 275 4753 ‘custedia
288 4702 368 4751 erant
391 4695 586 4767 prohiberetur
602 4697 659 4750 haec
674 4695 763 4749 lacere
776 4696 862 4767 (sicut
877 4695 945 4750 mihi
986 4698 1029 4746 tos
1037 4693 1149 4763 quidem
1161 4710 1193 4748 ac
1202 4713 1275 4767 saepe
1285 4703 1430 4767 pascentes
1444 4698 1570 4768 ejusdem
1586 4698 1638 4753 loci
1647 4697 1780 4752 clericos:

146 4794 177 4842 et
203 4786 257 4859 ipsi
283 4802 355 4856 saepe
383 4784 558 4850 referebant,
587 4801 652 4838 nam
680 4792 709 4838 et
737 4802 787 4856 ego
818 4791 945 4838 sanctum
987 4788 1016 4836 et
1033 4782 1091 4837 brec
1115 4784 1221 4854 pariter
1246 4785 1389 4853 facientes,
1412 4786 1496 4840 vitam
1516 4804 1597 4842 suam
1619 4786 1665 4859 pio
1690 4785 1783 4841 studio

146 4876 312 4948 Pitbymum
327 4880 355 4928 et
368 4874 507 4929 Isidorum
523 4881 550 4928 et
564 4874 754 4944 Paphnutium
768 4874 844 4938 vidi),
861 4873 947 4928 bene·
987 4871 1130 4937 finierunt,
1147 4873 1216 4927 nulli
1231 4874 1342 4945 quidem
1352 4892 1385 4929 ex
1396 4891 1426 4929 se
1439 4876 1480 4929 vel
1490 4876 1578 4930 levem
1593 4877 1692 4930 dantes
1703 4892 1785 4932 scan-

147 4965 300 5021 dictatunc
310 4964 367 5030 illa,
379 4969 491 5035 sumpta
501 4969 578 5017 veste
588 4963 679 5017 servili
690 4963 763 5017 circa
774 4964 946 5034 vespertinas
987 4960 1043 5014 dali
1058 4962 1255 5032 suspicionem,
1277 4969 1367 5018 totum
1384 4979 1448 5018 vero
1464 4964 1560 5019 orbern
1574 4970 1714 5020 terrarum
1729 4965 1787 5038 spi·

147 5056 243 5121 horas,
254 5053 350 5108 omnia
364 5053 404 5106 eis
420 5053 483 5107 ritae
497 5053 653 5106 necessaria
673 5052 815 5106 afferebat.
988 5049 1083 5103 rituali
1098 5051 1279 5107 edificatione
1289 5053 1483 5123 plenissimum
1492 5054 1786 5127 relinquentesnllac-

184 5149 304 5211 429«
319 5143 379 5206 Quo
394 5142 514 5212 cognito,
524 5142 679 5196 Palaestinae
695 5141 840 5213 provinciae
850 5159 947 5196 consu
987 5144 1070 5192 tenus
1080 5140 1231 5195 Palladius.

146 5233 226 5300 lans,
238 5231 354 5286 credens
369 5230 442 5302 quod
457 5231 536 5287 sinus
548 5249 614 5285 suos
628 5236 721 5302 posset
736 5230 811 5285 fumo
826 5231 947 5301 quodam
1025 5230 1300 5295 Boron.,udcnnum
1311 5231 1414 5286 Christi
1423 5230 1484 5289 385.
1499 5261 1521 5271 -
1532 5234 1787 5290 Caetcrumrutione

146 5327 235 5392 atque
248 5326 357 5396 terrore
381 5336 413 5373 ex
434 5337 552 5391 pecunia
566 5321 627 5391 eius
647 5319 773 5390 implere,
787 5318 873 5388 jussit
886 5335 948 5373 eam
992 5316 1126 5382 llclaniae,
1144 5319 1227 5388 quam
1243 5319 1333 5373 Paula
1346 5321 1548 5392 lerosolymam
1564 5331 1657 5382 secuta
1674 5328 1726 5391 est,
1743 5340 1786 5378 ca·

148 5411 258 5482 (ignota
281 5409 357 5464 enim
372 5409 425 5480 ipsi
439 5416 507 5476 erati
523 5409 625 5480 corripi
647 5415 675 5462 ot
689 5408 718 5461 in
733 5425 872 5462 carcerem
888 5416 949 5463 tru-
991 5407 1126 5460 lumniam
1136 5422 1234 5476 passus
1248 5413 1289 5461 est
1298 5409 1496 5483 Hieronymus,
1506 5429 1591 5484 quam
1601 5415 1715 5469 interea
1725 5428 1787 5483 qma

148 5500 189 5556 di.
207 5500 245 5555 Ex
267 5516 321 5570 quo
334 5499 394 5553 loco
414 5504 482 5552 tunc
500 5499 526 5553 ei
547 5515 598 5569 per
611 5497 799 5552 internuntios
813 5499 948 5568 quosdam
991 5497 1020 5550 in
1032 5495 1123 5567 ipsum
1134 5500 1196 5566 post
1203 5496 1788 5558 Damasiobitumacalumniantibusluere

150 5594 250 5645 sancta
263 5588 312 5642 illa
336 5587 499 5643 mandavit:
525 5588 592 5659 Ego,
610 5586 712 5658 inquit,
735 5586 810 5640 illius
832 5587 898 5654 siba,
923 5591 951 5641 et
992 5562 1110 5656 objecta,
1124 5602 1157 5640 ac
1171 5585 1335 5644 stimulante
1347 5588 1411 5649 odio
1425 5596 1509 5663 atque
1523 5590 1628 5649 invidia
1641 5594 1787 5664 perpetra-

277 5689 410 5750 Paraon
433 5686 571 5749 LXXlll.
1628 5686 1666 5750 23
