3818 6120
138 280 189 345 964
416 340 420 346 ,
794 277 920 332 VERBA.
934 276 1132 335 SENIORUM.
1723 290 1775 351 ng

137 411 199 479 Dei,
207 413 236 466 et
242 425 299 466 uon
310 408 434 481 seipsum
442 407 583 474 extollere,
592 411 621 461 et
630 405 742 461 mittere
753 410 816 477 post
825 403 1040 476 tergumADixi
1049 423 1116 478 ergo
1135 406 1229 462 abbati
1244 408 1331 464 Athre
1349 429 1355 462 :
1370 408 1423 466 Ubi
1439 411 1570 468 invenisti
1584 416 1774 477 obedientiam

137 518 221 559 suum
229 499 374 574 propriam
383 499 564 564 voluntatem,
576 495 747 552 ferramenta
759 500 825 551 sunt
835 493 936 567 quibus
977 496 1067 550 hanel
1082 497 1117 551 Et
1131 496 1178 552 ille
1188 498 1257 553 mihi
1276 501 1420 571 respondit
1435 520 1440 556 :
1457 503 1519 559 Non
1534 509 1659 574 estmea,
1676 509 1725 563 sed
1734 509 1773 564 is-

136 591 235 648 anima
247 594 394 663 operatur.
500 622 509 640 .
977 586 1033 641 tius
1045 587 1120 642 senis
1135 592 1186 644 est.
1198 588 1232 642 Et
1246 588 1312 643 tulit
1324 606 1379 656 me,
1394 590 1488 647 dicens
1506 611 1511 645 :
1527 594 1608 663 Veni,
1628 597 1690 653 vide
1705 599 1773 655 obe-

172 679 217 739 35.
228 682 300 737 Item
308 677 378 734 dixit
389 696 394 733 :
407 679 471 735 Non
485 677 612 733 metiaris
627 675 818 748 temetIpsum,
829 674 878 730 sed
888 672 936 728 ad·
977 676 1112 732 dientinm
1123 679 1193 749 eius.
1203 679 1283 733 Coxit
1292 697 1358 751 ergo
1369 681 1510 736 modicum
1520 683 1624 755 piscem
1637 687 1720 757 male,
1731 688 1773 745 ita

134 771 211 828 hare
225 770 252 826 ei
267 769 396 844 quibene
406 772 596 826 conversatur.
976 771 1009 822 ut
1023 768 1152 839 perderet
1162 785 1226 822 eum
1236 769 1401 837 voluntarie,
1414 776 1442 825 et
1453 775 1652 844 apposuitseni
1664 795 1670 846 ;
1684 782 1713 832 et
1725 777 1773 835 ille

172 858 425 919 36.Dixititerum:
437 857 510 924 Quia
516 857 698 928 interrogavit
708 857 795 911 frater
803 854 934 910 abbatem
976 857 1163 924 manducarit,
1175 857 1245 912 nihil
1254 859 1381 930 loquens.
1394 860 1428 915 Et
1443 861 1514 916 dixit
1528 863 1572 917 ei:
1590 865 1698 921 Bonum
1718 871 1771 938 444,

134 950 280 1019 hionium,
294 948 368 1015 Quid
382 951 425 1003 est
435 947 632 1019 contemptus?
647 947 682 1003 Et
696 945 767 1001 dixit
780 961 880 1001 senex:
898 945 936 1002 Ut
976 962 1062 1002 senex
1072 947 1084 1000 4
1095 948 1129 1002 Et
1137 947 1185 1002 ille
1199 948 1344 1020 respondit
1354 967 1361 1002 :
1373 950 1482 1004 Bonum
1493 952 1580 1007 valde.
1591 955 1718 1012 Posthac
1727 961 1772 1014 at·

135 1039 175 1096 sis
182 1038 257 1094 infra
265 1035 620 1103 animaliairrationabilia,
628 1039 656 1090 et
665 1033 736 1090 scies
746 1033 868 1107 quiailla
877 1045 935 1087 non
976 1036 1041 1091 tulit
1054 1035 1079 1090 ei
1090 1036 1159 1091 illud
1169 1036 1319 1105 modicum,
1331 1038 1417 1093 nimis
1427 1038 1497 1095 bene
1511 1047 1631 1112 coctum,
1643 1048 1672 1100 et
1683 1045 1771 1103 dixit:

135 1129 370 1186 condemnantur.
977 1126 1045 1181 Ecce
1060 1125 1136 1180 istud
1156 1125 1276 1197 perdidi,
1293 1142 1386 1194 senex,
1403 1129 1477 1183 male
1497 1128 1567 1186 illud
1589 1133 1658 1187 coxi.
1679 1133 1714 1190 Et
1725 1134 1774 1192 ille

172 1217 216 1277 37.
232 1218 309 1274 Dixit
322 1217 426 1273 iterum
435 1215 483 1289 qui
497 1231 599 1288 supra:
613 1214 685 1280 Quia
699 1213 843 1269 humilitas
857 1216 936 1267 terra
974 1215 1132 1288 respondit:
1145 1215 1237 1270 Etiam
1249 1215 1416 1272 modicetibi
1426 1219 1499 1273 male
1511 1218 1602 1277 exivit
1618 1222 1773 1281 Eteonver.

135 1313 189 1377 est,
200 1308 229 1364 in
239 1324 296 1381 qua
304 1307 440 1363 Dominus
450 1305 619 1361 sacrificium
632 1303 695 1359 sveri
704 1302 892 1359 demandavit.
975 1322 1022 1361 sus
1035 1304 1071 1360 ad
1086 1322 1131 1361 me
1145 1304 1231 1361 abbas
1245 1305 1332 1360 Athra
1347 1305 1436 1362 dixit:
1452 1307 1537 1362 Vides
1551 1309 1618 1380 quin
1632 1309 1691 1367 haec
1705 1312 1772 1368 obe-

144 1405 146 1408 ’
170 1395 215 1454 38.
229 1397 338 1454 Rursus
351 1396 423 1452 dixit
438 1412 444 1450 :
465 1395 537 1461 Quia
551 1395 575 1449 si
596 1395 680 1448 homo
706 1393 834 1448 ordinem
849 1408 933 1447 suurn
973 1395 1080 1450 dientia
1088 1395 1272 1461 istiusooeo
1278 1394 1353 1450 senis
1364 1400 1406 1450 est
1416 1395 1428 1449 l
1440 1396 1475 1451 Et
1484 1397 1537 1451 exii
1549 1398 1585 1453 ab
1595 1399 1645 1469 eis;
1656 1405 1685 1456 et
1694 1400 1775 1475 quid·
1799 1380 1803 1389 ⁴

134 1487 283 1554 custodiat,
303 1503 360 1543 non
376 1484 544 1543 turbabitur.
974 1485 1040 1557 quid
1054 1484 1120 1551 vidi,
1135 1483 1251 1539 hocfeci
1266 1485 1421 1540 secundum
1434 1485 1566 1542 virtutem
1581 1505 1683 1545 meam.
1706 1491 1772 1548 Haec

167 1573 213 1636 39.
224 1578 332 1634 Iterum
341 1575 426 1632 dixit:
441 1575 514 1641 Quia
524 1573 687 1630 sedentibus
699 1572 850 1646 aliquando
861 1569 933 1627 seni-
973 1573 1043 1628 dixit
1055 1573 1189 1628 fratribus
1202 1572 1288 1628 abbas
1299 1573 1370 1629 Sisoi
1383 1594 1389 1643 3
1400 1591 1473 1630 unus
1487 1580 1582 1631 autem
1596 1594 1630 1633 ex
1638 1578 1773 1636 nobisro-

132 1665 186 1723 444
195 1668 232 1723 ad
246 1665 484 1733 manducandum,
500 1663 594 1721 stabat
606 1664 724 1719 Alonius
739 1662 824 1718 abbas
834 1666 864 1716 et
877 1660 932 1716 mi·
972 1663 1049 1734 gavit
1059 1679 1124 1718 eum
1138 1663 1250 1717 dicens:
1267 1663 1390 1719 Ostende
1404 1664 1484 1720 nobis
1495 1664 1671 1738 charitatem,
1683 1667 1712 1724 et
1726 1669 1771 1727 dic

132 1756 271 1814 distrabat
282 1757 340 1825 eis;
365 1760 393 1812 et
406 1754 533 1811 videntes
547 1754 744 1810 laudaverunt.
764 1753 815 1809 Ille
835 1757 930 1808 autem
941 1751 1091 1827 gnobistu
1106 1769 1194 1807 unum
1207 1769 1374 1808 sermonem.
1384 1754 1418 1808 Et
1430 1754 1518 1809 dixit:
1534 1755 1587 1818 Qui
1601 1756 1687 1812 habet
1696 1758 1772 1830 quod

130 1846 327 1903 nihilomnino
341 1845 656 1919 responditDixitergo
671 1842 786 1916 quidam
798 1845 906 1898 secreto
923 1858 929 1894 :
972 1841 1177 1897 innumerabile
1185 1842 1261 1896 estin
1269 1843 1395 1911 scientia,
1405 1844 1634 1915 perficitomnem
1647 1846 1772 1920 Scriptu-

128 1936 222 2003 Quare
240 1953 297 1993 non
312 1933 480 2008 respondisti
499 1933 613 1990 senibus
637 1931 816 1989 laudantibus
834 1936 863 1986 te
874 1931 887 1985 4
897 1930 933 1986 Et
972 1948 1044 1989 ram.
1059 1932 1166 1987 Iterum
1178 1932 1250 1986 alter
1263 1948 1295 1986 ex
1305 1932 1385 1986 nobis
1400 1933 1469 1988 dixit
1485 1933 1526 1989 ei:
1544 1934 1618 2000 Quid
1632 1940 1675 1991 est
1689 1954 1772 2010 pere·

129 2025 199 2082 dixit
212 2023 298 2082 abbas
312 2024 429 2082 alonius
445 2043 451 2079 :
469 2023 540 2091 Quia
548 2024 572 2078 si
584 2022 783 2095 responderem
794 2021 844 2089 eis,
856 2020 931 2075 inve·
971 2021 1105 2093 grinati0,
1117 2021 1220 2075 Pater?
1230 2021 1319 2076 Etille
1333 2022 1497 2094 respondit:
1510 2024 1591 2093 Tace,
1608 2025 1679 2082 etin
1693 2027 1772 2084 omni

128 2113 229 2172 niebar
240 2115 394 2171 delectatus
403 2113 534 2170 laudibus
553 2112 634 2169 meis.
970 2109 1030 2165 loeo
1044 2127 1211 2183 quocunque
1224 2110 1344 2177 veneris,
1361 2111 1426 2169 dic:
1447 2113 1510 2168 Non
1529 2111 1619 2170 habeo
1642 2133 1767 2187 causam,

162 2204 209 2264 40.
220 2205 352 2263 Narravit
360 2202 447 2260 abbas
457 2205 471 2260 J
474 2204 560 2276 oseph
574 2220 580 2257 :
592 2202 665 2268 Quia
677 2200 839 2256 sedentibus
849 2198 930 2255 nobis
971 2204 1000 2254 et
1017 2200 1077 2256 haec
1091 2206 1134 2255 est
1151 2201 1350 2272 peregrinatio.

128 2293 350 2368 aliquandocum
359 2293 461 2349 abbate
467 2294 593 2361 Pastore,
604 2290 792 2347 nominaverit
800 2288 930 2345 abbatem
1007 2288 1051 2346 44.
1063 2290 1147 2345 Venit
1155 2290 1270 2362 quidam
1279 2290 1366 2345 frater
1376 2291 1412 2346 ad
1422 2290 1555 2348 abbatem
1566 2293 1639 2350 Sisoi
1649 2296 1679 2350 in
1692 2311 1770 2353 mon·

127 2383 314 2457 Agathonem,
327 2388 356 2439 44
369 2383 490 2439 diximus
500 2382 526 2438 ei
543 2401 550 2437 :
566 2383 580 2438 J
584 2380 680 2436 avenis
695 2384 747 2447 est,
762 2396 849 2453 quare
864 2394 930 2434 eum
971 2385 1029 2435 tem
1042 2378 1150 2434 abbatis
1164 2379 1295 2448 Antonii3
1307 2385 1336 2434 et
1346 2380 1526 2452 loquentibus
1540 2382 1590 2451 eis,
1599 2384 1710 2441 dicebat
1722 2384 1771 2441 ab·

128 2472 254 2546 appellas
265 2467 419 2528 abbatem‘l
434 2472 469 2528 Et
482 2470 554 2527 dixit
571 2469 657 2525 abbas
668 2471 769 2526 Pastor
787 2486 793 2522 :
811 2467 884 2534 Quia
898 2484 929 2523 os
971 2468 1030 2524 bati
1045 2469 1117 2525 Sisoi
1129 2487 1134 2522 :
1146 2469 1228 2525 Modo
1238 2467 1329 2525 adhuc
1339 2485 1395 2525 non
1409 2472 1561 2542 pervenisti
1576 2474 1612 2528 ad
1621 2491 1770 2532 mensuras

128 2577 213 2618 suum
228 2561 294 2617 iecit
307 2578 372 2617 eum
390 2560 525 2634 appellari
544 2559 684 2615 abbatem.
971 2558 1080 2613 abbatis
1091 2557 1217 2626 Antonii,
1232 2558 1334 2614 Pater?
1349 2559 1384 2614 Et
1396 2560 1541 2631 respondit
1550 2561 1576 2617 ei
1591 2578 1692 2619 senex:
1711 2564 1769 2638 Ego

166 2648 359 2709 ltDicebant
367 2650 402 2706 de
411 2649 514 2706 abbate
522 2650 648 2717 Pastore,
657 2647 876 2721 quianunquam
885 2662 930 2700 vo·
970 2648 994 2703 si
1009 2647 1237 2703 haberemunam
1246 2647 1445 2719 cogitationem
1455 2649 1565 2706 abbatis
1574 2651 1698 2721 Antonii,
1707 2653 1770 2709 elfi-

129 2736 232 2796 luisset
240 2755 398 2795 sermonem
407 2736 550 2794 dimittere
562 2754 647 2811 supra
657 2735 773 2791 alterius
783 2735 930 2791 senisver·
971 2754 1050 2793 cerer
1062 2742 1137 2793 totus
1149 2737 1225 2792 velut
1233 2737 1322 2808 ignis:
1348 2741 1543 2796 verumtamen
1554 2740 1611 2796 scio
1624 2741 1770 2801 hominem

129 2827 210 2897 bum,
221 2829 270 2885 sed
280 2828 371 2900 magis
383 2827 540 2884 laudaverit
549 2843 660 2899 semper
671 2843 732 2899 quae
742 2826 790 2881 ille
801 2824 928 2880 dixisset.
972 2827 1021 2899 qui
1034 2844 1099 2882 cum
1112 2825 1207 2881 labore
1221 2831 1314 2898 potest
1328 2826 1401 2882 ferre
1416 2828 1600 2900 cogitationes
1615 2847 1690 2887 suas.
1757 2826 1760 2831 ’
1781 2844 1784 2849 ’

167 2916 214 2975 44.
226 2918 311 2974 Venit
321 2917 472 2991 aliquando
486 2922 589 2973 sancte
603 2915 746 2972 memoria
759 2913 931 2986 Theophilus
1006 2915 1051 2974 45.
1062 2917 1169 2971 Iterum
1183 2920 1279 2970 autem
1294 2915 1478 2987 interrogavit
1487 2934 1552 2974 eum
1562 2918 1650 2975 frater
1664 2920 1770 2990 ille,di-
1798 2964 1800 2969 .

130 3006 278 3082 episcopus
288 3007 493 3063 Alexandrinus
500 3007 531 3063 in
540 3005 650 3080 Scythi:
665 3003 826 3076 congregati
834 3008 930 3059 autem
972 3023 1038 3063 cens
1050 3025 1056 3061 ε
1067 3007 1153 3069 Putas
1162 3005 1202 3061 sic
1215 3005 1437 3079 persequebatur
1446 3006 1565 3062 Satanas
1575 3008 1727 3082 antiquos?
1735 3009 1769 3066 Et

131 3094 233 3153 tratres
245 3097 378 3153 4444444444
386 3096 422 3153 44
431 3095 564 3153 abbatem
579 3094 701 3152 Pambo:
715 3094 766 3149 Dic
775 3109 864 3149 unum
873 3110 931 3148 ser·
942 3084 1040 3152 Cdicit
1053 3096 1079 3151 44
1098 3094 1184 3152 abbas
1199 3094 1271 3150 Sisoi
1291 3113 1296 3148 :
1313 3094 1394 3150 Modo
1413 3096 1486 3167 plus,
1503 3097 1570 3167 quia
1583 3103 1695 3171 tempus
1709 3099 1770 3170 eius

131 3201 340 3263 mouempapae,
348 3191 381 3242 ut
391 3187 544 3242 aedificetur
554 3185 665 3240 animus
676 3185 737 3256 eius
752 3183 782 3238 in
796 3183 931 3238 hocloco.
974 3184 1218 3259 appropinquavit,
1232 3191 1261 3240 et
1273 3183 1404 3240 turbatur
1415 3187 1512 3256 (Buff-2
1525 3191 1544 3241 t.
1556 3201 1599 3255 111,
1612 3204 1691 3243 nunt.
1701 3187 1768 3258 474;

131 3264 320 3349 Etrespondit
331 3292 415 3332 senex
426 3293 433 3329 :
444 3277 473 3332 Si
482 3275 512 3332 in
521 3274 715 3331 taciturnitate
725 3290 789 3330 mea
799 3289 855 3328 non
868 3271 934 3327 aedi·
973 3276 1079 3342 Pascit,
1093 3292 1116 3329 c.
1132 3272 1177 3341 25,
1193 3290 1221 3328 n.
1238 3272 1277 3338 21.

131 3365 242 3433 fleatur,
256 3383 347 3439 neque
360 3365 390 3423 in
402 3382 532 3422 sermone
541 3381 603 3420 meo
618 3362 812 3420 adtrahitur.
1007 3363 1052 3419 44.
1062 3363 1207 3419 Venerunt
1221 3361 1268 3418 alii
1283 3361 1398 3434 quidam
1407 3362 1443 3418 ad
1454 3379 1529 3432 curn,
1544 3369 1578 3419 ut
1591 3365 1723 3421 audirent
1734 3364 1770 3422 ab

167 3452 213 3513 43.
229 3455 362 3513 Narravit
376 3454 464 3511 irater
477 3457 590 3528 Pystus,
601 3453 716 3509 dicens:
733 3453 805 3519 Quia
820 3449 931 3507 ibamus
972 3470 1005 3509 eo
1020 3470 1193 3521 sermonem;
1210 3458 1239 3506 44
1251 3451 1321 3506 44444
1336 3452 1376 3507 444
1395 3451 1571 3524 loquebatur,
1595 3454 1644 3509 sed
1658 3471 1770 3528 semper

130 3548 241 3618 septem
250 3544 477 3602 iratressolitarii
489 3545 525 3600 ad
536 3543 667 3600 abbatem
674 3542 747 3599 Sisoi
756 3541 931 3597 habitantem
972 3542 1082 3600 dicebat
1094 3562 1101 3596 ι
1115 3541 1254 3614 Ignoscite
1267 3541 1347 3595 mihi.
1363 3540 1497 3597 Videutes
1511 3549 1607 3598 autem
1621 3545 1770 3616 sportellas

130 3633 163 3690 in
172 3633 266 3690 insula
274 3634 446 3708 clysmatus:
460 3639 488 3690 et
496 3650 561 3690 cum
574 3650 738 3706 rogaremus
748 3648 814 3687 eum
822 3630 933 3687 utdice·
973 3633 1181 3704 ejus,dixerunt
1193 3631 1328 3703 discipulo
1344 3631 1406 3701 ejus
1421 3630 1582 3688 Abraham:
1597 3634 1670 3698 Quid
1680 3633 1770 3690 facitis

131 3727 178 3779 ret
186 3720 266 3779 nobis
274 3723 390 3795 aliquid,
402 3723 448 3779 ille
457 3723 603 3802 respondit
613 3721 765 3794 :Ignoscite
776 3719 933 3792 mihi,quia
973 3723 1008 3778 de
1027 3722 1166 3795 sportellis
1185 3721 1246 3776 istis
1261 3721 1273 3774 l
1289 3721 1325 3775 Et
1342 3721 1488 3793 respondit
1502 3723 1543 3777 eis
1560 3740 1566 3776 :
1584 3723 1645 3779 Huc
1661 3727 1690 3779 et
1704 3723 1770 3780 illuc

68 3796 73 3805 ¹
132 3809 933 3884 idiotasnmhomo:sedvenialiquandoadabbatemtlor
973 3811 1156 3884 expendimus
1170 3827 1228 3867 eas.
1247 3810 1306 3865 Hoc
1320 3818 1416 3867 autem
1430 3810 1546 3866 audiens
1562 3828 1656 3880 senex,
1673 3812 1743 3870 dixit
1761 3831 1769 3869 :

132 3905 163 3958 et
175 3900 305 3958 abbatem
319 3903 420 3970 Athre3
437 3907 466 3957 et
480 3901 584 3957 eratin
598 3894 763 3955 i'ntlrmitate
774 3898 860 3955 abbas
873 3899 932 3956 Hor
974 3903 1008 3957 Et
1022 3901 1108 3957 Sisois
1117 3901 1183 3955 hinc
1196 3905 1225 3955 et
1236 3899 1302 3955 inde
1317 3901 1477 3957 manducat.
1491 3901 1534 3957 Illi
1546 3919 1612 3957 vero
1623 3901 1771 3960 audientes

133 3979 232 4047 decem
245 3997 274 4047 44
284 3996 347 4048 octo
356 3991 446 4060 annis,
458 3995 487 4047 et
500 3989 572 4062 coepi
582 3990 739 4062 supplicare
752 3988 803 4056 eis,
815 3993 848 4044 ut
860 3987 933 4044 dice·
972 3990 1100 4047 redifioati
1115 3996 1180 4045 sunt
1193 3990 1273 4045 valde
1287 3989 1317 4044 in
1338 3990 1497 4046 humilitate
1511 3992 1581 4063 ejus,
1598 3996 1683 4064 atque
1706 4008 1771 4049 cum

131 4087 199 4137 rent
210 4081 279 4137 mihi
286 4081 400 4154 aliquod
409 4079 524 4136 verbum
537 4099 543 4149 ;
555 4085 584 4134 et
593 4079 663 4134 dixit
673 4078 758 4134 abbas
772 4079 848 4134 Hor:
860 4078 932 4143 Quid
973 4079 1076 4150 gaudio
1091 4083 1277 4133 recesserunt.

103 4225 106 4229 ,
131 4168 186 4226 tibi
201 4170 289 4226 habeo
303 4169 416 4226 dicere?
429 4168 569 4242 Quidquid
585 4169 673 4234 vides,
687 4167 744 4235 fam
764 4167 839 4222 Deus
856 4166 933 4222 enim
1008 4167 1053 4226 47.
1066 4169 1163 4223 Frater
1171 4167 1355 4238 interrogavit
1363 4167 1494 4222 abbatem
1510 4168 1591 4235 sisoi,
1602 4169 1712 4225 dicens:
1725 4166 1771 4225 Vi·

133 4259 211 4316 illius
226 4265 278 4328 est,
293 4259 340 4332 qui
355 4258 408 4314 sibi
430 4259 507 4314 ultra
522 4275 606 4331 quam
621 4261 714 4330 potest
729 4261 888 4329 extorquet,
904 4260 934 4310 et
975 4259 1027 4315 deo
1037 4257 1187 4330 meipsum,
1205 4257 1272 4328 quia
1287 4256 1423 4311 memoria
1435 4273 1498 4312 mea
1512 4257 1546 4311 ad
1561 4258 1651 4313 Deum
1662 4258 1772 4316 intenta

132 4348 295 4405 violentiam
304 4348 371 4404 lacit
380 4348 415 4403 ad
426 4347 534 4403 omnia:
544 4347 573 4402 hi
585 4352 681 4402 autam
691 4345 773 4401 ambo
783 4362 840 4401 non
852 4350 934 4401 erant
974 4349 1020 4404 sit.
1030 4349 1065 4403 Et
1077 4347 1146 4402 dicit
1156 4346 1181 4401 ei
1191 4363 1289 4401 senex:
1303 4347 1365 4400 Non
1376 4351 1418 4401 est
1429 4362 1562 4417 magnum
1573 4348 1635 4415 hoe,
1649 4352 1681 4403 ut
1691 4364 1771 4404 mens

132 4437 168 4494 de
181 4455 239 4494 una
251 4438 403 4509 provincia,
412 4439 515 4494 hocest
524 4436 611 4493 abbas
625 4437 684 4491 Hor
692 4441 721 4491 at
734 4435 1019 4500 abbashthre.1)tun
1032 4455 1096 4494 cum
1110 4436 1171 4491 Deo
1186 4436 1223 4490 sit
1235 4454 1242 4502 ;
1258 4452 1391 4506 magnum
1402 4425 1444 4490 est
1454 4436 1586 4504 autem,si
1597 4437 1720 4508 teipsum
1729 4437 1772 4493 in·

134 4525 201 4584 Fuit
214 4536 308 4582 autem
319 4527 394 4583 inter
417 4544 465 4583 eos
479 4543 582 4598 magna
599 4524 701 4597 grafia,
723 4525 811 4579 donec
825 4524 933 4580 exirent
973 4534 1017 4589 444
1030 4544 1143 4585 omnem
1157 4525 1251 4580 videas
1275 4529 1450 4593 creaturam,
1467 4526 1520 4580 hoc
1540 4531 1636 4580 autem
1649 4532 1677 4581 et
1692 4525 1772 4582 labor

135 4616 219 4673 ambo
232 4617 267 4672 de
279 4632 404 4689 corpore.
416 4616 509 4672 Abbas
524 4621 619 4672 autem
635 4615 722 4670 Athre
736 4631 853 4670 summae
868 4613 932 4670 obe-
975 4618 1128 4693 corporalis
1142 4615 1266 4687 corrigit,
1280 4620 1309 4670 et
1321 4615 1397 4670 ducit
1406 4615 1441 4670 ad
1450 4615 1618 4670 humilitatis
1632 4616 1716 4671 viam.

135 4705 248 4763 (4444444
257 4706 417 4773 4444444444
427 4722 492 4761 vero
503 4706 562 4761 Hor
571 4704 666 4760 multae
680 4704 857 4759 humilitatis.
867 4704 931 4760 Feci
1008 4708 1053 4768 48.
1065 4706 1234 4764 Dixitbeatae
1242 4705 1384 4760 memoriae
1392 4705 1567 4777 syncletica:
1583 4705 1661 4761 Sicut
1670 4706 1773 4778 impos·

135 4811 203 4869 ergo
215 4812 318 4869 paucos
331 4796 392 4851 dies
406 4795 481 4869 apud
495 4812 555 4863 eos,
569 4793 740 4864 investigans
754 4794 872 4849 virtutes
884 4811 932 4850 eo·
973 4800 1054 4856 sibile
1069 4804 1111 4854 est
1129 4796 1223 4851 navim
1241 4794 1372 4850 fabricari
1387 4794 1448 4849 sinc
1470 4795 1568 4863 acutis,
1585 4795 1625 4850 ita
1640 4795 1772 4869 impossi-

133 4885 320 4953 remandi
334 4884 462 4940 mirabile
476 4884 543 4956 quid
564 4883 639 4955 quod
653 4883 720 4938 feeit
734 4882 819 4938 abbas
833 4885 931 4940 Atnre.
974 4890 1029 4946 bile
1043 4895 1086 4945 est
1101 4888 1245 4944 hominem
1257 4885 1317 4940 sine
1331 4884 1491 4938 hnmilitate
1506 4885 1616 4940 salvari.
1632 4900 1635 4906 ·

133 4969 277 5031 Attulerat
289 4974 366 5030 enim
376 4975 416 5030 eis
431 4974 546 5047 quidam
559 4989 647 5028 unum
659 4972 765 5045 piscem
780 4973 931 5042 modicum,
1008 4979 1054 5035 49.
1069 4978 1144 5033 Dixit
1158 4975 1243 5030 abbas
1259 4972 1444 5046 Hyperichius
1462 4992 1468 5026 ι
1483 4973 1575 5028 Arbor
1589 4974 1652 5030 vitre
1674 4979 1721 5031 est
1742 4974 1773 5033 in

134 5063 262 5120 etvoluit
269 5064 349 5120 illum
357 5063 448 5119 lacere
457 5062 641 5118 abbasAthre
648 5061 752 5117 seniori
762 5061 856 5117 abbati
863 5064 932 5133 Hor;
975 5068 1127 5132 excelsum,
1144 5070 1173 5121 et
1186 5063 1313 5119 ascendit
1326 5062 1362 5117 ad
1384 5079 1447 5117 eam
1464 5063 1610 5119 humilitas
1629 5064 1771 5122 monachi.

134 5157 270 5226 posuerat
287 5170 355 5226 ergo
369 5152 455 5209 abbas
469 5152 557 5207 Athre
571 5152 727 5219 cultellum,
748 5156 777 5206 et
791 5151 934 5207 incidebat
1010 5155 1054 5215 50.
1071 5156 1147 5212 Dixit
1160 5155 1263 5209 iterum
1278 5153 1326 5224 qui
1341 5169 1427 5224 supra
1442 5171 1448 5205 :
1462 5153 1577 5209 Imitare
1590 5154 1774 5211 Publicanum

134 5242 241 5315 piscem
254 5243 344 5311 illum,
367 5246 396 5298 et
408 5242 516 5297 vocavit
537 5257 602 5296 eum
621 5239 707 5295 abbas
728 5241 796 5308 Hor,
813 5241 932 5298 dicens:
976 5247 1065 5312 illum,
1075 5262 1111 5300 ne
1121 5261 1184 5299 cum
1195 5241 1336 5298 Pharisaeo
1348 5243 1509 5310 damneris,
1525 5248 1553 5297 et
1565 5261 1682 5316 sequere
1695 5260 1774 5299 man·

133 5333 233 5400 Athre,
248 5333 346 5388 444444.
359 5333 409 5389 4444
425 5348 490 5387 vero
510 5330 605 5386 statim
620 5329 728 5384 dimisit
746 5330 890 5387 cultellum
905 5333 934 5389 in
975 5335 1154 5392 suetudinem
1172 5333 1279 5404 Moysis,
1295 5337 1328 5387 ut
1338 5332 1518 5388 summitates
1534 5333 1626 5389 cordis
1639 5332 1680 5389 tui
1695 5348 1772 5388 rese·

134 5421 229 5477 medio
238 5422 313 5495 pisce
326 5421 424 5489 inciso,
433 5426 462 5477 et
469 5437 526 5477 non
540 5419 689 5493 perincidit
702 5435 777 5486 eum,
795 5425 824 5474 et
839 5438 936 5478 cucur·
976 5442 1053 5492 cans,
1068 5428 1213 5480 convertas
1227 5422 1257 5477 in
1272 5422 1363 5477 sontes
1376 5438 1524 5494 aquarum.

135 5503 175 5568 rit
184 5511 343 5582 adeum3et
349 5513 468 5568 miratus
475 5514 652 5566 sumtantam
662 5508 852 5565 obedientiam
862 5513 932 5584 ejus,
1011 5516 1056 5572 51.
1067 5513 1143 5569 Dixit
1153 5511 1238 5568 abbas
1247 5512 1384 5568 Orsisius:
1396 5512 1425 5568 Si
1435 5512 1663 5583 tragmencruda
1671 5507 1774 5581 tegulae

137 5598 276 5678 quianon
289 5601 381 5660 dixit:
405 5602 540 5675 Exspecta
567 5600 656 5656 donec
678 5597 800 5655 incidam
817 5602 932 5674 piscem.
974 5604 1007 5661 in
1020 5603 1203 5661 fundamento
1218 5601 1357 5672 mittatur,
1373 5602 1424 5658 ubi
1444 5603 1525 5675 juxta
1540 5603 1577 5658 sit
1589 5599 1699 5669 fluvius,
1716 5615 1774 5660 nou
