3818 6120
135 249 189 306 ara
338 286 345 293 -
575 257 720 312 rvirm
738 258 867 314 senon
887 257 1075 323 nivernen,
1095 255 1273 310 senuna.
1551 300 1556 311 .
1664 223 1773 330 [ais

135 376 201 432 iicet
210 377 379 444 ἰιιιιιιειὶίιιιι,
395 393 479 433 vocor
493 359 665 451 Oilbphirus.
681 381 716 436 Et
730 398 794 437 ecce
812 400 869 439 non
884 384 1043 444 ml-Atium
1054 386 1164 436 constat
1173 392 1220 434 eos
1232 379 1334 434 trabere
1344 379 1470 434 divinum
1487 381 1535 450 (91.
1547 379 1582 435 Et
1593 380 1616 435 si
1631 380 1770 436 esuriunb

134 483 189 522 nus
220 473 288 522 sunt
320 484 404 538 quarn
436 470 616 539 septuaginta
647 471 714 525 anni
743 474 789 540 (il,
817 475 890 544 quod
905 475 934 529 in
976 470 1087 544 quistis
1101 468 1530 540 paneindabit'iSisitiunt‚quis
1544 470 1585 523 eis
1601 471 1770 541 aquamtri-

134 556 188 610 hos
201 557 315 610 deserta
337 556 477 611 laboriose
492 558 556 613 rixi.
583 560 654 613 Cum
674 559 741 614 feris
755 570 934 617 conversatus
975 559 1045 626 buit,
1061 559 1107 629 ubi
1122 559 1203 629 panis
1217 565 1247 612 et
1261 574 1335 627 aqua
1345 575 1402 612 non
1417 559 1481 612 est?
1496 559 1635 613 alannus
1646 559 1726 614 labor
1742 560 1772 615 in

135 659 199 698 sum
215 643 351 712 crebrius,
380 661 431 716 pro
445 654 519 716 pane
545 648 654 701 comedi
665 648 771 718 jugiter
783 650 934 704 herbarum
975 648 1093 703 desertis
1102 647 1168 701 locis
1183 662 1243 701 esse
1258 663 1314 700 non
1328 646 1482 713 dubitatur,
1498 647 1546 701 ubi
1557 648 1628 702 nihii
1642 665 1773 704 necessa-

134 732 253 798 hurtus‚
269 734 299 788 in
323 733 466 789 montibus
479 732 509 790 et
521 735 552 790 in
565 737 705 808 speluncis
724 739 795 792 etin
816 740 935 794 vaDibus
976 738 1048 792 num
1059 737 1206 808 reperitur.
1224 736 1350 790 Primum
1365 753 1441 806 ergo,
1457 738 1569 807 quando
1581 737 1609 791 in
1621 738 1773 794 solitudine

133 837 232 877 meum
246 822 378 877 reclinavi
390 823 550 879 miserabile
571 832 682 897 eorpus.
706 827 760 881 Tot
784 828 865 882 annis
885 845 935 882 ne·
963 822 1115 881 'definiunt
1133 825 1270 888 habitare,
1285 825 1314 878 in
1329 825 1382 880 Dei
1395 825 1497 879 timore
1523 832 1633 882 cerunt
1651 827 1772 883 firmiter

134 911 243 966 minem
257 912 356 966 uisite
370 911 461 967 solum
489 914 613 984 adspexi,
641 915 807 970 alimentum
823 933 841 971 a
859 919 936 972 nullo
977 909 1061 970 stare.
1078 916 1111 969 In
1125 915 1241 970 ierneet
1255 914 1312 979 siti,
1328 914 1358 968 in
1371 913 1505 969 laborect
1520 916 1773 988 passionecorpora
1865 958 1872 969 .

135 1001 284 1055 hominurn
294 1001 413 1072 sumpsi,
425 1002 455 1056 in
468 1004 640 1057 monasterio
655 1004 846 1076 Hermopolim
862 1006 936 1061 dicta
977 1021 1029 1058 sua
1043 1005 1183 1070 cruciant,
1201 1007 1298 1058 contra
1315 1002 1466 1058 diabolicas
1476 1004 1772 1061 insidiasviriliterdi-

135 1091 269 1156 nutritus,
300 1091 330 1144 in
345 1090 487 1162 provincia
508 1091 652 1146 Thebaida
666 1091 703 1159 (8)
718 1094 872 1162 nominata,
889 1095 936 1149 ubi
977 1094 1104 1159 micant,
1124 1099 1153 1147 et
1167 1092 1332 1156 ntvincnnt,
1346 1097 1444 1146 contm
1455 1093 1774 1165 telanequissimiignea

136 1179 220 1233 simul
233 1183 427 1250 penecentum
443 1181 573 1235 monachi
596 1181 746 1251 degebant.
775 1183 862 1238 Porro
878 1185 936 1238 vita
975 1182 1078 1253 gladiis
1095 1181 1287 1253 spiritualibus
1302 1186 1439 1252 pugnam.
1455 1182 1596 1251 Antiquus
1609 1183 1714 1240 etenim
1725 1184 1776 1239 ille

136 1268 250 1322 illorum
277 1269 344 1323 talis
367 1269 482 1336 exstitit,
497 1275 530 1324 ut
544 1279 624 1324 more
638 1272 789 1326 electione
813 1274 936 1343 aequani-
976 1271 1163 1337 hostis,totius
1177 1271 1305 1325 inventor
1314 1271 1481 1341 iniquitatis,
1495 1271 1590 1325 studet
1599 1287 1647 1326 eos
1658 1272 1774 1327 subver-

135 1356 220 1411 miter
235 1374 333 1412 omnes
350 1358 485 1423 virerent,
501 1364 531 1413 et
544 1370 600 1412 uno
615 1360 699 1414 eorde
716 1366 808 1415 etune
822 1362 933 1432 spiritu,
976 1367 1046 1425 tere,
1061 1365 1090 1414 et
1104 1360 1313 1414 inconsontiam
1329 1360 1444 1414 malitiae
1454 1376 1511 1414 suae
1525 1359 1680 1431 implicare,
1689 1365 1775 1432 atque

132 1448 201 1517 jugo
216 1446 412 1517 acdisciplinae
422 1448 634 1518 sanctaeregnlae
644 1449 717 1503 colla
725 1449 932 1517 submitterent,
976 1449 1010 1503 de
1021 1449 1094 1503 bona
1107 1450 1260 1513 voluntate,
1274 1464 1358 1520 quarn
1372 1448 1551 1513 inchoabant,
1564 1449 1730 1516 retraher03
1747 1454 1776 1504 et

135 1542 221 1606 atque
234 1537 337 1590 iluctns
346 1536 432 1606 huJ'us
441 1537 534 1591 saeculi
544 1537 659 1592 omnino
669 1554 725 1593 non
739 1538 932 1595 lormidarent.
975 1545 1084 1592 mentes
1094 1554 1192 1592 eorum
1199 1537 1348 1592 mundanis
1360 1536 1549 1608 voluptatibus
1556 1537 1780 1611 iterumirretire·

136 1624 280 1695 Quidquid
308 1625 359 1678 uni
382 1625 518 1696 placebat,
544 1626 653 1680 cunctis
676 1627 811 1697 placebat.
840 1629 936 1683 Mente
976 1632 1008 1680 ut
1021 1626 1050 1680 in
1059 1632 1239 1697 operam}
1259 1632 1349 1696 coepto
1363 1625 1494 1679 fatiscant
1504 1626 1663 1696 persistere.
1676 1625 1774 1681 Omni·

135 1718 240 1779 sancta,
270 1714 328 1768 ilde
355 1716 434 1787 pura.
452 1715 589 1769 charitate
604 1715 727 1786 perlecta
756 1721 821 1771 ante
846 1719 1076 1799 Deumeotens
1090 1730 1156 1785 ergo
1170 1716 1255 1780 Deus,
1272 1714 1387 1786 quinon
1402 1714 1572 1784 derelinquit
1583 1720 1729 1785 sperantes
1744 1715 1775 1769 iu

135 1802 313 1871 incedebant,
329 1804 374 1857 cui
402 1802 449 1858 die
472 1809 612 1874 noctuque
626 1806 704 1858 omni
719 1808 935 1862 mansuetudine
976 1823 1016 1871 se,
1033 1805 1188 1859 circumdat
1200 1822 1247 1859 eos
1261 1805 1414 1858 arruissuee
1429 1804 1605 1874 potentiae,ut
1617 1804 1669 1858 hos
1683 1804 1776 1858 incur·

135 1898 160 1944 et
173 1890 314 1961 patientia
329 1891 491 1947 ministrare
511 1909 569 1947 non
592 1892 747 1948 cessabant.
777 1896 867 1950 Tanta
891 1897 936 1951 his
976 1895 1018 1949 sio
1045 1897 1156 1949 Satanae
1170 1910 1227 1948 non
1240 1895 1332 1947 valeat
1355 1898 1542 1963 prosternere,
1563 1908 1633 1962 quos
1652 1892 1775 1963 protegit

135 1986 193 2034 erat
215 1981 395 2035 taciturnitas
403 1997 468 2035 cum
482 1981 662 2047 abstinentia,
674 1987 707 2037 ut
715 1984 809 2038 nullus
819 1986 936 2040 auderet
975 1984 1111 2038 celsitudo
1133 1984 1235 2049 divinae
1255 1981 1464 2039 misericordia.
1486 1981 1664 2052 Quapropter
1678 1982 1714 2034 ad
1727 1997 1776 2035 eos

134 2069 184 2123 uisi
199 2085 267 2123 cum
279 2071 357 2139 lustu
370 2071 599 2140 interrogatione,
625 2072 668 2124 vel
691 2078 768 2126 recto
787 2090 933 2144 responso,
975 2073 1068 2142 augeli
1081 2072 1131 2126 Dei
1143 2072 1251 2143 jugiter
1260 2071 1423 2135 mittuntur,
1435 2087 1468 2125 ac
1480 2086 1532 2141 per
1545 2083 1648 2124 manus
1660 2070 1775 2125 illorum

135 2158 252 2212 mddere
265 2158 392 2213 verbum.
401 2159 442 2215 lbi
450 2175 561 2231 quoque
571 2160 707 2231 pabulum
716 2167 818 2216 sanctae
831 2162 934 2216 doctri·
976 2177 1148 2232 quecunque
1160 2160 1318 2214 necessaria
1329 2158 1454 2213 erebrius
1469 2159 1510 2213 eis
1528 2158 1773 2214 administrantur.

134 2259 172 2301 ne
187 2247 226 2300 ab
236 2247 427 2301 adolescentie
442 2249 566 2319 suscepi:
589 2248 627 2301 ibi
641 2249 781 2319 regorlaris
791 2251 854 2305 vitae
867 2268 935 2306 nor·
975 2251 1085 2320 Aquam
1100 2249 1134 2303 de
1150 2254 1230 2320 petru
1243 2247 1473 2318 hauriuntquod
1486 2247 1775 2317 interpretaturGhri-

133 2350 206 2390 nam
221 2352 240 2388 a
253 2336 388 2391 iratribus
401 2335 496 2401 didici,
512 2353 530 2390 a
543 2336 643 2408 quibus
655 2338 816 2392 amabiliter
834 2340 935 2410 dilige·
975 2333 1045 2395 stus.
1059 2339 1200 2409 Scriptum
1212 2342 1255 2392 est.
1273 2337 1364 2391 enim:
1383 2336 1477 2391 Sancti
1486 2336 1534 2407 qni
1548 2336 1702 2406 sperantia
1716 2336 1774 2391 Do·

133 2424 189 2491 bar,
198 2422 237 2479 ab
248 2426 301 2491 his,
318 2426 438 2496 qualiter
456 2425 585 2480 instituta
598 2427 796 2481 mandatorum
809 2429 860 2482 Dei
874 2446 934 2483 ser·
976 2427 1063 2493 mino',
1086 2427 1230 2481 habebunt
1242 2426 1447 2490 tortitudinem,
1463 2431 1608 2480 assument
1619 2439 1726 2497 pennas
1740 2412 1775 2480 ut

133 2515 242 2569 sareda
259 2514 366 2581 beram,
384 2514 534 2585 diligenter
548 2514 719 2571 instruebar.
792 2526 796 2533 '
975 2517 1085 2587 aquilea
1098 2517 1242 2581 volabunt,
1253 2523 1282 2571 et
1295 2532 1352 2569 non
1365 2515 1505 2581 deficient;
1517 2521 1640 2579 current,
1655 2519 1772 2585 etgres-

69 2660 73 2669 ,
162 2604 232 2657 Cer.
252 2604 300 2658 iv.
316 2630 349 2644 -·
364 2604 491 2658 Profecto
515 2604 602 2659 vitam
630 2604 705 2658 beati
732 2606 824 2660 Patris
843 2606 932 2662 nostri
973 2622 1021 2660 sus
1051 2614 1148 2660 eorum
1174 2618 1230 2660 non
1258 2605 1388 2658 labentur
1412 2604 1493 2671 (iso.
1508 2606 1574 2669 xa).
1610 2604 1645 2656 Et
1671 2590 1738 2657 alibi
1764 2622 1771 2657 z

133 2691 196 2747 Elias
211 2691 495 2747 uenerabilestrstres
507 2708 584 2748 meos
594 2688 688 2748 audivi
700 2693 933 2765 trequenterlau-
964 2694 1028 2761 ‚Qui
1042 2695 1151 2760 sitiunt,
1176 2696 1211 2749 de
1225 2710 1347 2764 superno
1366 2693 1443 2746 sonte
1469 2691 1639 2745 condiuntur
1655 2689 1722 2759 (10),
1743 2696 1773 2746 et

132 2781 206 2845 dare,
220 2781 311 2852 quise
322 2782 351 2836 in
364 2797 458 2836 eremo
473 2782 503 2834 in
516 2782 596 2836 tanta
606 2782 777 2837 abstinentia
789 2789 818 2837 et
831 2786 934 2840 oratio-
974 2783 1126 2837 herbarum
1140 2783 1207 2838 iblia
1217 2784 1247 2836 in
1261 2791 1309 2836 ore
1324 2798 1421 2836 eorum
1434 2785 1569 2852 tanquam
1588 2779 1667 2833 favus
1681 2779 1772 2834 mellis

132 2880 162 2925 na
178 2864 635 2942 studuitaiiiigere,utnrarimam
645 2873 801 2927 virtutema
811 2873 930 2928 Domino
973 2872 1147 2927 dulcescunt.
1161 2872 1192 2927 Sl
1217 2878 1311 2926 autern
1326 2870 1477 2941 aliquando
1496 2868 1625 2923 diabolus
1637 2867 1771 2923 adversus

131 2960 281 3014 meruisset
295 2958 420 3030 accipere
437 2977 444 3013 :
459 2959 930 3033 etigneocurrutransvectus,spi·
970 2961 1205 3026 eoscolluctatnr,
1233 2959 1360 3031 pretinm
1373 2964 1514 3029 surgunt:
1540 2972 1640 3012 manus
1654 2973 1720 3011 suas
1733 2957 1771 3011 ad

130 3049 199 3104 ritus
222 3049 316 3103 sancti
330 3049 404 3103 dona
430 3064 492 3119 quoe
509 3048 655 3115 habuerat,
672 3049 807 3121 discipulo
826 3049 1120 3121 impar-GDominum
1131 3050 1301 3120 expandunt,
1317 3065 1413 3119 preces
1423 3053 1489 3101 ente
1503 3046 1624 3100 divinam
1638 3047 1770 3116 majesta-

129 3136 182 3200 uri,
200 3154 235 3192 aa
264 3138 356 3192 adhuc
370 3138 510 3208 longevus
537 3138 623 3205 senio,
639 3139 929 3209 mortispoenamnon
969 3142 1027 3192 tem
1036 3137 1157 3192 fideliter
1169 3138 1300 3203 fundunt3
1317 3152 1383 3192 mox
1393 3137 1498 3192 auxilio
1508 3134 1613 3190 coelesti
1622 3133 1770 3188 sublevan-

128 3226 231 3281 videre.
244 3226 411 3297 Insuperad
431 3225 601 3297 exemplum,
633 3227 746 3282 beatum
771 3227 928 3298 Baptistutn
968 3224 1769 3297 tur,etdolosajaculainimicipenitusdestruuntur.Non

128 3314 267 3370 loannem
282 3316 470 3386 protulerunt,
485 3315 533 3386 qui
548 3317 577 3370 in
590 3316 654 3370 novi
669 3317 841 3371 Testamenti
856 3317 928 3371 serie
967 3315 1114 3386 intelligis,
1129 3316 1178 3382 iili,
1187 3316 1309 3387 qualiter
1319 3315 1349 3369 in
1359 3315 1471 3369 Psalmo
1485 3313 1589 3384 legitur
1605 3330 1610 3364 :
1627 3312 1768 3376 Quoniam

128 3396 303 3458 durissimus
313 3404 426 3470 effulsit,
442 3412 548 3475 perque
561 3405 827 3475 plurimaannordm
837 3407 928 3476 spatia
968 3413 1024 3459 non
1039 3405 1068 3459 ln
1082 3407 1167 3460 tinem
1179 3405 1279 3459 oblivio
1288 3404 1342 3459 erit
1357 3403 1497 3474 pauperis,
1509 3400 1648 3473 patientia
1660 3416 1766 3472 paupe·

128 3492 220 3547 divino
235 3488 412 3563 mancipatus
427 3492 527 3557 officio,
544 3509 645 3564 corpus
659 3510 742 3548 suurn
762 3497 924 3561 maceravit,
967 3510 1031 3548 rum
1041 3511 1098 3549 non
1109 3494 1211 3565 peribit
1224 3494 1253 3547 in
1267 3499 1403 3546 aeternum
1414 3491 1500 3560 (Prot.
1525 3490 1588 3560 exli
1602 3489 1763 3544 etiterum:

128 3580 403 3636 donecinlordanis
417 3579 494 3635 unda
508 3582 723 3653 Redemptorem
749 3585 845 3638 mundi
860 3584 927 3656 hap·
968 3583 1117 3637 Exabdivit
1131 3599 1178 3637 eos
1201 3583 1337 3637 Dominus
1362 3581 1392 3634 in
1406 3580 1451 3634 die
1469 3578 1671 3643 tribulationis,
1687 3578 1766 3632 etde

127 3669 212 3723 timre
226 3664 333 3739 digrm
360 3669 501 3736 existeret,
527 3669 612 3741 atque
630 3672 723 3741 ipsum
738 3672 788 3725 Dei
813 3675 924 3743 Agnum
966 3673 1043 3726 omni
1058 3672 1190 3742 angustia
1211 3671 1342 3726 liberavit
1368 3686 1416 3723 eos
1429 3671 1515 3737 (Prot.
1531 3676 1594 3733 ovi).
1617 3668 1764 3722 Enimvero

127 3772 185 3811 ease
198 3758 290 3828 digito
300 3771 352 3811 suo
366 3758 582 3813 demonstraret.
662 3779 665 3784 ·
965 3761 1158 3831 unusquisque
1172 3759 1313 3831 propriam
1341 3758 1499 3812 mercedem
1513 3757 1641 3828 accipiet,
1663 3771 1763 3811 secun-

159 3844 225 3901 ῧιι.
243 3843 321 3899 u.-
339 3846 548 3917 Egovetocum'
559 3848 629 3902 talia
643 3864 690 3902 eos
705 3849 856 3903 recitantes
874 3865 925 3902 au·
966 3850 1034 3903 dum
1054 3862 1136 3903 suum
1164 3848 1288 3903 laborem
1301 3849 1326 3913 (l
1344 3848 1405 3903 Cor.
1420 3849 1470 3917 inl.
1501 3847 1605 3900 Beatus
1628 3851 1672 3900 est
1686 3845 1763 3900 enim

128 3928 225 3999 ditem,
242 3935 372 3989 dicebam
387 3935 460 3989 illis:
478 3936 708 4001 Quare,senlores
719 3938 785 4003 mei,
798 3938 882 3991 vitam
898 3942 926 3990 et
965 3937 1008 3990 vir
1037 3938 1084 4008 qui
1104 3955 1216 4009 semper
1236 3943 1279 3992 est
1296 3937 1434 4008 pavidus,
1461 3942 1490 3991 et
1510 3922 1684 3990 volumtatem
1712 3934 1764 3989 Dei

128 4018 374 4079 miraculaeorum
388 4021 604 4096 obstupescitis?
618 4026 925 4080 autcurillornmfacta
965 4026 995 4080 in
1021 4028 1073 4081 hac
1101 4027 1231 4098 praesenti
1264 4025 1321 4080 vita
1344 4032 1372 4080 et
1395 4025 1488 4096 fragili
1524 4025 1665 4080 studiosus
1702 4022 1764 4094 agit

127 4113 307 4167 umassidue
320 4114 617 4168 commemoratlsthn
627 4114 774 4169 suntvobis
784 4116 923 4181 fortiores,
967 4118 1056 4182 (Pron.
1074 4120 1177 4183 ravin).
1194 4115 1356 4170 Certissima
1370 4114 1453 4180 scias,
1469 4132 1485 4168 o
1500 4114 1548 4179 fili,
1565 4113 1699 4184 quoniam
1714 4127 1763 4167 an-

96 4212 101 4225 ’
128 4192 173 4272 qui
185 4202 333 4256 desertum
347 4200 486 4269 habitant,
503 4212 539 4257 an
555 4203 686 4257 leviores?
700 4205 737 4257 ht
751 4203 792 4257 illi
807 4207 923 4275 respon·
964 4205 1019 4275 geli
1030 4205 1079 4260 Dei
1092 4205 1195 4258 sanctis
1210 4221 1241 4258 ac
1252 4203 1338 4273 justis
1350 4203 1416 4257 viris
1437 4202 1561 4272 quotidie
1576 4202 1760 4269 famulantur,

127 4289 233 4351 dantes¹
249 4290 382 4345 diremnt
398 4310 403 4344 :
416 4290 478 4358 Fili,
490 4291 619 4346 tortiores
632 4291 714 4345 nobis
723 4293 799 4358 surlt,
811 4293 877 4366 quia
887 4293 923 4347 si·
964 4299 1049 4364 atque
1060 4295 1162 4348 virtute
1177 4308 1300 4363 superna
1313 4306 1430 4363 corpora
1441 4296 1469 4344 et
1484 4291 1584 4345 anima
1596 4291 1645 4345 illo
1661 4293 1762 4360 jurum

127 4392 161 4433 ne
172 4380 316 4450 adjutorio
329 4380 454 4434 humano
479 4378 584 4435 vivunt.
611 4381 670 4435 Nos
692 4381 789 4452 itaque
803 4376 1035 4453 alter'abllgiter
1049 4383 1254 4436 illuminantur.

127 4462 214 4522 altero
239 4466 437 4539 conspicimur,
454 4470 616 4540 pariterque
629 4470 922 4525 divinnmoillcluma
999 4472 1065 4527 Gar.
1080 4472 1128 4526 VI.
1145 4500 1179 4514 -
1197 4469 1558 4540 Talideniqnerationeego
1572 4467 1761 4540 pauperOuu·

127 4555 204 4610 uobis
219 4555 390 4611 celebratur.
405 4558 434 4612 Si
450 4558 562 4628 quando
576 4558 667 4613 cibum
684 4560 821 4631 cupimus,
839 4575 922 4632 para·
963 4562 1062 4633 pbrius
1076 4578 1093 4614 a
1107 4560 1290 4614 sanctissimis
1306 4559 1436 4614 Patribus
1460 4559 1489 4613 in
1512 4562 1576 4612 m'eo
1591 4557 1761 4612 monasterio

127 4645 374 4716 tumreperinrus;
389 4646 532 4716 siquando
543 4647 692 4703 infirmitas
702 4648 923 4720 autaliquacor·
963 4651 1105 4705 subtiliter
1128 4651 1292 4713 instructus,
1320 4649 1393 4719 crrpi
1418 4649 1506 4702 tacita
1522 4652 1617 4701 mente
1639 4651 1763 4701 tractare

127 4732 722 4806 pon‘aimbeclllitasirrepserit,statimcura
730 4737 922 4792 hatrumcum
964 4744 1049 4810 quarn
1071 4738 1194 4809 gloriosa
1219 4738 1351 4792 felicitate
1375 4735 1557 4808 perfruuntur
1570 4735 1600 4789 in
1615 4735 1692 4789 coelis
1714 4735 1763 4807 qui

128 4822 201 4876 omni
226 4823 416 4878 sollieitudine
431 4840 482 4879 nos
496 4820 619 4895 adjurat.
641 4827 673 4881 In
687 4827 811 4882 edificiis
832 4828 922 4882 lucide
964 4829 1120 4883 certamina
1134 4827 1272 4882 laboriosa
1285 4831 1531 4898 propteramorem
1541 4824 1654 4879 Domini
1663 4825 1765 4880 tolera-

128 4912 293 4966 onnstruatis
307 4911 477 4979 habitamus,
492 4914 522 4967 in
536 4914 636 4984 quibua
656 4922 685 4970 et
712 4914 747 4970 ab
772 4921 841 4971 aestu
857 4917 923 4971 solis
964 4920 1031 4973 rurlt
1041 4918 1069 4972 in
1083 4917 1167 4972 terris
1183 4937 1188 4970 :
1206 4933 1254 4971 cor
1263 4931 1358 4969 meum
1367 4913 1494 4979 ardebat,
1511 4926 1591 4969 mens
1611 4915 1762 4970 meadesi-

127 5001 250 5072 woperti
261 5014 370 5068 sumus,
383 5008 412 5056 et
425 5001 460 5056 ab
472 5003 657 5058 inundatione
671 5005 782 5075 pluvia,
799 5011 827 5058 et
840 5011 924 5059 atur·
965 5006 1128 5061 derabiliter
1138 5004 1368 5059 fervebatmundi
1381 5004 1604 5076 gaudiapenitus
1618 5021 1761 5076 spernere,

128 5087 188 5145 bibe
201 5091 325 5147 vennae
339 5092 779 5163 tempestatamanemusdelensi.
797 5095 925 5150 Monachi
966 5097 1063 5170 patriae
1091 5094 1196 5150 coelesti
1223 5094 1289 5149 totis
1310 5093 1414 5148 viribus
1437 5095 1674 5166 appropinquare,
1691 5094 1764 5150 sicut

128 5194 199 5248 iero,
212 5180 262 5251 qui
276 5181 306 5235 in
324 5181 436 5236 deserto
451 5188 527 5248 sunt,
546 5183 617 5236 nihil
628 5183 826 5238 consolationis
843 5185 926 5239 nisia
967 5186 1116 5241 Psalmista
1139 5185 1245 5247 edocet,
1263 5183 1377 5237 dicens:
1408 5183 1477 5237 Mihi
1502 5189 1597 5239 autem
1620 5185 1765 5239 adherere

128 5266 182 5323 Deo
190 5269 375 5341 recinunt&
384 5271 496 5342 quando
511 5272 655 5341 angustias
667 5278 717 5325 aut
728 5272 925 5328 tribulationes
966 5277 1024 5331 Deo
1039 5275 1142 5329 bonurn
1158 5277 1210 5341 eat,
1227 5289 1331 5343 ponere
1344 5273 1374 5327 in
1387 5272 1570 5328 DominoDeo
1579 5291 1659 5346 spem
1672 5288 1765 5329 meam

128 5359 250 5430 p‘e'tpessl
265 5359 381 5427 inerint,
393 5358 437 5413 rei
454 5374 517 5414 cum
534 5360 644 5414 diabolo
671 5361 787 5433 antiquo
807 5363 924 5418 humani
968 5366 1160 5432 (Prot-axau).

127 5448 236 5517 meris
261 5448 377 5503 inimico
391 5460 518 5519 pugnare
531 5449 674 5519 ooeperint,
689 5451 752 5519 quis
766 5451 807 5506 eis
822 5458 897 5506 astat
912 5453 924 5504 t
1000 5455 1066 5508 Car.
1082 5454 1143 5509 llll.
1204 5453 1334 5524 Dumque
1348 5453 1406 5507 haec
1416 5453 1550 5507 sollicitus
1560 5452 1764 5522 excogitarem,

117 5534 398 5609 'qaaadtutantart
413 5537 579 5609 Sedquibus
593 5539 838 5595 bumnnomdeest
852 5543 924 5597 sola·
964 5549 1046 5598 nocte
1076 5544 1170 5598 silenti
1202 5543 1327 5598 concitus
1360 5542 1478 5609 surrexi,
1511 5550 1629 5613 parrum
1661 5554 1765 5611 panem
