3818 6120
130 270 203 335 ttlt
780 275 903 334 VERBA
920 274 1119 335 santonum.
1706 265 1777 335 ΜΒ

130 400 288 475 Despondit
296 400 337 456 eis
350 415 436 456 senex
451 418 458 455 r
474 399 601 458 Audistis
614 400 765 459 Dominum
772 402 912 460 dicentem
924 402 1096 475 :Agladium
1110 403 1200 476 (luce
1209 406 1290 475 xxrr).
1299 402 1361 461 lioc
1371 402 1540 476 intelligitur
1554 421 1560 459 :
1576 402 1631 468 Qui
1640 401 1777 460 habetre-

132 491 163 548 si
176 489 459 564 quistepercusserit
472 490 501 545 in
522 492 636 546 maxilla
650 492 775 560 sinistra,
791 492 883 566 prebe
907 493 933 548 ei
975 494 1080 566 quiem.
1095 493 1221 549 dimittat
1234 510 1306 561 eam,
1328 499 1357 549 et
1374 499 1471 549 teneat
1488 509 1611 566 pugnam
1629 512 1636 563 3
1652 509 1777 566 pugnam

130 585 162 636 et
173 580 292 635 alteram
306 580 414 648 (Mottlr.
438 582 476 648 v).
493 580 597 635 Dicunt
610 581 636 637 ei
652 599 658 635 τ
676 582 734 637 lloc
747 583 865 655 implere
876 599 933 638 non
974 600 1039 639 vero
1055 583 1166 638 dicebat
1180 583 1314 639 adversus
1325 583 1478 639 diabolum.

130 674 231 737 050
242 685 401 742 possumus.
418 669 492 724 Dicit
501 669 542 724 eis
553 688 559 723 ι
572 670 602 726 Si
611 688 677 744 ergo
687 672 812 744 praebere
821 671 847 728 ei
858 678 889 727 et
895 673 934 727 al·
1015 673 1055 731 15.
1067 671 1183 728 Dicebat
1198 673 1246 744 qui
1258 688 1361 744 supra:
1379 673 1450 738 Quia
1458 671 1670 744 seniorquidam
1678 671 1777 743 inpar·

130 763 223 814 teram
233 775 290 814 non
309 758 438 831 potestis,
461 759 562 814 saltem
576 759 611 814 de
626 775 684 816 una
696 759 768 816 ferte
782 761 932 833 patienter.
973 762 1137 835 tosAEgypti
1148 761 1264 818 sedebat
1275 762 1304 817 in
1315 761 1449 829 cella,cui
1458 761 1776 834 frateraliquisetrirgo

131 847 348 921 Responderunt
368 846 394 902 ei
410 867 418 902 .·
433 848 492 902 Nec
503 848 556 904 hoc
568 866 727 921 possumus.
743 850 816 906 Dicit
828 850 868 906 eis
885 850 934 906 :Si
974 852 1102 924 quadam
1126 851 1334 907 ministrabant.
1350 851 1459 906 Accidit
1489 856 1654 906 autemuna
1669 850 1725 917 die,
1743 854 1777 905 ut

130 954 224 1010 neque
237 938 291 993 hoc
300 936 428 1010 potestis,
439 953 474 993 ne
482 937 575 993 velitis
581 944 728 1009 percutere
742 939 833 1011 magis
847 955 933 1012 quam
973 945 1094 1014 uterque
1107 939 1160 995 sibi
1178 941 1214 995 ad
1228 957 1325 996 serrem
1338 940 1481 995 venientes
1497 944 1686 995 occurrerent.
1703 940 1775 994 Cum

130 1027 248 1100 percuti.
263 1026 368 1082 Dicunt
378 1026 405 1081 ei
420 1045 427 1082 r
443 1026 502 1082 Nec
516 1027 568 1082 hoc
578 1044 736 1099 possumus.
745 1028 824 1084 Tunc
839 1027 934 1084 senior
974 1046 1041 1100 ergo
1053 1029 1127 1085 facto
1136 1031 1196 1102 jam
1209 1045 1273 1085 sero
1280 1031 1316 1085 nd
1329 1046 1382 1085 sua
1391 1046 1517 1085 remeare
1524 1046 1581 1084 non
1590 1035 1714 1102 possent,
1726 1045 1775 1102 po·

130 1116 172 1172 ait
180 1116 316 1188 discipulo
331 1132 401 1172 suo:
426 1117 528 1172 Succos
549 1133 678 1189 praepara
698 1117 834 1174 lintribus
859 1117 931 1185 istis,
974 1117 1692 1190 suitmattamseniorinterutrosqueutdormirent.
1705 1118 1776 1173 Fra-

131 1206 199 1278 quia
212 1205 297 1261 nimis
311 1206 447 1261 infirmati
461 1211 537 1262 sunt.
552 1206 659 1261 Deinde
672 1206 743 1261 dixit
760 1207 822 1264 eis:
839 1207 868 1263 Si
880 1223 933 1262 nec
972 1213 1093 1264 tenuero
1107 1207 1156 1264 ille
1165 1208 1257 1264 carnis
1266 1225 1323 1264 suae
1333 1224 1520 1280 pugnamnon
1531 1207 1677 1274 sufferens,
1693 1208 1776 1263 mise·

130 1294 184 1350 hoc
195 1310 248 1350 nec
260 1293 330 1350 illud
344 1295 470 1367 potestis,
487 1296 554 1368 quid
568 1295 670 1352 faciam
681 1296 759 1352 robis
768 1295 781 1351 't
791 1313 857 1369 ergo
872 1297 933 1353 sola
972 1297 1090 1353 randam
1100 1297 1236 1369 virginem
1245 1296 1385 1369 stupravit
1394 1295 1778 1368 etperdidit,consummato·

130 1383 387 1439 arationecessaria
401 1391 445 1440 est
458 1401 508 1457 pro
522 1384 610 1441 vobis.
972 1400 1027 1460 qne
1054 1394 1168 1459 peccalo
1192 1402 1275 1442 mane
1306 1386 1444 1441 discessit.
1476 1386 1567 1440 Senex
1589 1390 1684 1440 autern
1710 1399 1776 1439 cum

167 1472 211 1529 lu.
227 1473 343 1529 Dicebat
352 1473 439 1530 abbas
453 1476 575 1531 loannes
590 1476 757 1548 quibusdam
772 1476 906 1532 tratribus
921 1497 928 1534 ε
971 1477 1156 1548 cognovisset,
1178 1477 1275 1532 tutura
1287 1474 1469 1548 prospiciens,
1487 1474 1577 1531 tacuit
1589 1474 1619 1529 in
1632 1473 1773 1546 praesenti.

130 1563 389 1629 Quiat'uerunttres
399 1564 659 1638 philosophiamici‚
669 1583 933 1639 quorumunusmo·
972 1567 1132 1622 Redeuntes
1148 1565 1243 1637 itaque
1258 1568 1445 1637 prosequente
1459 1580 1507 1619 eos
1521 1580 1598 1631 sene,
1614 1579 1706 1635 neque
1721 1562 1774 1618 ali·

127 1652 929 1728 riensulterireliquitriliumsuumcommendatumffluffi,
972 1672 1057 1728 quam
1071 1654 1282 1711 tribulationem
1298 1654 1519 1721 demonstrante,
1535 1651 1583 1709 ubi
1610 1653 1726 1708 recessit
1739 1651 1775 1707 ab
1833 1642 1836 1647 ’

129 1743 179 1798 tit.
195 1756 238 1807 111,
256 1759 286 1797 n.
300 1741 348 1813 84)
358 1761 365 1810 ;
377 1742 427 1814 qui
440 1743 470 1798 in
486 1749 568 1800 atate
579 1746 698 1816 juvenili
708 1757 864 1818 provectus,
880 1765 931 1805 nn·
940 1759 963 1820 Β
972 1745 1022 1812 eis,
1038 1745 1079 1799 ita
1092 1743 1258 1801 adinvicem
1273 1743 1461 1815 loquebantur
1476 1762 1482 1798 :
1498 1744 1621 1798 Putasne
1636 1741 1776 1798 intellexit

130 1830 240 1886 tritonis
249 1831 294 1886 sui
303 1831 472 1887 adulteravit
483 1849 608 1889 uxorem.
625 1834 686 1900 Quo
700 1836 806 1892 scelere
820 1838 931 1909 cognito
971 1835 1018 1890 hic
1032 1850 1119 1890 senex
1136 1833 1244 1889 facinus
1259 1838 1397 1900 nostrum,
1419 1849 1456 1888 an
1468 1831 1544 1887 noni
1554 1830 1724 1902 Reversique
1737 1831 1774 1887 ad

128 1919 232 1976 missus
242 1925 286 1976 est
298 1920 382 1976 toras.
402 1921 509 1978 Deinde
525 1940 588 1978 curn
603 1925 756 1995 plurimum
772 1927 930 1998 peniteret,
972 1941 1037 1980 eum
1051 1922 1218 1996 poenitentia
1227 1922 1304 1978 ducti
1313 1922 1444 1977 dixerunt
1454 1940 1460 1975 :
1470 1922 1571 1977 Sancte
1585 1921 1679 1987 Pater,
1688 1920 1773 1975 intel·

127 2024 186 2065 non
198 2010 225 2064 ei
247 2009 385 2065 concessit
403 2027 574 2082 regressum,
590 2014 638 2070 sed
659 2014 700 2069 ait
713 2014 755 2070 illi
772 2034 778 2070 :
795 2016 881 2084 Vade,
904 2022 933 2072 et
972 2013 1065 2069 lexisti
1084 2012 1323 2085 quemadmodum
1341 2028 1392 2067 nos
1414 2011 1526 2067 seduxit
1536 2008 1666 2065 inimicus
1689 2014 1775 2081 atque

128 2104 190 2153 esto
203 2098 294 2155 tribus
303 2101 385 2155 annis
395 2099 471 2156 inter
479 2102 628 2158 damnatos
643 2104 692 2176 qui
707 2105 823 2160 metalla
835 2105 865 2161 in
878 2107 935 2161 iln-
975 2103 1136 2174 prostravit,
1151 2118 1188 2156 an
1213 2101 1295 2157 non‘?
1310 2101 1363 2166 Qui
1377 2101 1543 2174 respondit:
1559 2098 1695 2165 Intellexi,
1721 2098 1772 2153 lili.

128 2187 206 2243 mine
220 2188 374 2260 deponunt,
391 2195 420 2245 et
443 2190 483 2246 sic
502 2190 633 2264 indulgeo
647 2192 699 2248 tibi
713 2195 824 2267 culpam
838 2199 928 2250 tuam.
973 2193 1077 2248 Dicunt
1090 2191 1116 2247 ci
1132 2208 1138 2244 z
1155 2191 1190 2246 Et
1203 2190 1252 2245 ubi
1265 2189 1320 2246 suit
1329 2191 1359 2246 in
1368 2191 1416 2245 illa
1428 2190 1499 2244 hora
1510 2189 1609 2243 mortis
1619 2192 1773 2243 nostraeco·

129 2275 190 2341 Quo
201 2282 265 2348 post
275 2274 429 2333 triennium
440 2280 585 2346 redeunte,
597 2297 696 2337 rursus
704 2282 760 2337 ait:
773 2283 851 2338 Vade
860 2283 931 2339 alios
970 2281 1072 2354 gitatio
1084 2286 1134 2337 tua
1148 2280 1301 2351 lDixitque
1309 2278 1350 2335 eis
1362 2279 1438 2334 :Mea
1444 2278 1576 2350 cogitatio
1585 2277 1711 2333 illiceret
1724 2277 1773 2332 illa

129 2368 188 2420 tres
198 2381 296 2431 annos,
309 2366 493 2423 damercedes
501 2374 533 2423 ut
541 2368 660 2440 injurias
670 2371 796 2442 patiaris.
809 2373 929 2428 lllevero
971 2370 1051 2439 lrora,
1065 2370 1115 2425 ubi
1125 2370 1272 2426 crucifixus
1286 2374 1330 2425 ost
1344 2369 1486 2436 Christum
1501 2366 1611 2423 stabam
1626 2372 1655 2421 et
1670 2366 1774 2421 flebam

127 2453 194 2509 iecit
206 2455 246 2510 sic
260 2455 329 2511 alios
350 2461 408 2511 tres
432 2473 531 2512 annos.
555 2459 609 2523 Qui
627 2459 699 2515 dixit
712 2460 738 2515 ei
753 2477 766 2516 :·
776 2461 848 2516 Veni
862 2478 930 2534 ergo
970 2465 1031 2515 tam
1042 2476 1093 2532 pro
1107 2476 1162 2526 me,
1178 2475 1320 2531 quampro
1329 2457 1416 2513 vobis.
1429 2458 1483 2513 Sed
1499 2457 1566 2529 quia
1576 2455 1772 2529 paenitentiam

128 2559 205 2599 nunc
232 2545 269 2599 ad
283 2545 425 2601 civitatem
439 2547 656 2603 Atheniensium
673 2546 739 2616 (ldl,
758 2556 789 2605 ut
803 2551 927 2622 philoso-
969 2553 1090 2604 vestmm
1101 2548 1239 2604 Dominus
1250 2546 1419 2619 repromisit,
1435 2546 1629 2608 admoneant,
1647 2543 1772 2599 curando

128 2633 225 2706 plriam
236 2633 337 2690 discus.
357 2636 425 2691 Erat
439 2641 534 2691 autem
549 2636 584 2692 ad
595 2643 705 2709 portam
730 2639 849 2696 civitatis
871 2641 931 2712 qui·
971 2638 1080 2693 vulneri
1092 2637 1167 2709 quod
1181 2652 1232 2708 per·
1251 2635 1413 2708 superbiam
1427 2635 1592 2707 pertulistis,
1608 2633 1772 2706 diligentius

127 2722 194 2779 dam
208 2737 293 2778 senex
304 2724 487 2797 philosophus
502 2726 704 2799 sedens,atque
717 2729 855 2784 intrantes
866 2745 931 2785 con·
970 2727 1117 2783 insistatis.
1144 2727 1267 2798 Accepta
1279 2724 1367 2796 igitur
1380 2725 1479 2796 regula
1495 2723 1666 2796 poenitentiae
1676 2722 1712 2777 ab
1726 2737 1770 2791 co,

127 2812 416 2883 tumeliisaiiiciebat3
429 2815 574 2886 injuriavit
588 2818 929 2888 ergoetjuvenemillum.
971 2820 1151 2872 recesserunt
1175 2816 1236 2886 jarn
1262 2813 1374 2869 fortiter
1403 2812 1597 2887 unusquisque
1620 2817 1770 2880 certantes,

127 2901 166 2957 At
179 2901 384 2973 illeinjuriatus
398 2903 469 2959 risit.
481 2904 533 2960 Cui
544 2905 639 2960 senior
654 2905 694 2960 ait
709 2925 715 2961 :
733 2907 805 2971 Quid
817 2912 861 2962 est
867 2908 929 2971 hoc,
971 2905 1060 2962 donec
1074 2921 1139 2960 vasa
1149 2905 1237 2959 electa
1248 2904 1308 2959 fieri
1318 2902 1486 2976 potuissent.

129 2991 205 3062 quod
215 2989 266 3046 tibi
275 2992 452 3064 egoinJurias
460 2992 541 3063 facio,
553 3000 582 3049 et
593 2995 806 3052 tutidestDicit
815 2997 842 3052 ei
853 2998 931 3068 juve·
1010 2993 1052 3052 ld.
1061 2993 1249 3065 Philosophus
1258 2992 1373 3064 quidam
1383 2991 1565 3063 interrogavit
1577 2995 1707 3047 sanctum
1717 2992 1773 3047 An-
1871 3036 1873 3041 .

128 3079 188 3136 nis:
204 3079 267 3135 Non
281 3081 322 3136 vis
334 3087 367 3137 ut
380 3081 496 3148 rideam,
510 3083 556 3155 qui
565 3083 656 3140 tribus
663 3085 754 3153 annis,
770 3078 962 3158 utinJuriasG
972 3083 1081 3139 tunium
1097 3101 1103 3136 :
1120 3083 1276 3149 Quomodo,
1290 3082 1391 3154 inquit,
1407 3086 1557 3137 contentus
1564 3098 1604 3143 es,
1613 3082 1707 3148 Pater,
1722 3079 1772 3152 qui

128 3174 251 3241 paterer,
266 3169 331 3225 dedi
343 3173 496 3239 mercedes,
512 3178 541 3228 et
557 3173 641 3228 hodie
650 3174 740 3246 gratis
754 3192 801 3230 cas
812 3175 931 3248 patior?
972 3173 1106 3228 Codicum
1134 3169 1324 3227 consolatione
1349 3170 1509 3226 fraudaris?
1530 3170 1580 3225 Ille
1602 3169 1771 3242 respondit:

128 3257 249 3313 Prorsus
258 3258 294 3313 ob
305 3260 358 3315 hoc
372 3277 424 3331 ego
433 3260 634 3335 risiDixitque
648 3263 675 3319 ei
693 3265 933 3320 senexzrtscende
971 3263 1051 3318 Meus
1063 3262 1157 3317 Codex
1181 3259 1248 3330 (ll),
1279 3260 1455 3331 philosophe,
1482 3264 1585 3314 natura
1605 3275 1701 3314 rerum
1729 3262 1774 3314 est

130 3347 478 3419 etingredereciritetem.
491 3352 931 3423 Cumquchocretuliesetabbas
972 3356 1140 3418 creatarum,
1166 3366 1228 3423 qua
1248 3349 1327 3418 milri,
1353 3349 1462 3421 quoties
1487 3348 1572 3404 verba
1599 3348 1652 3405 Dei
1678 3347 1772 3420 legere

129 3437 263 3506 loannes,
278 3438 349 3494 dixit
364 3457 369 3493 :
383 3439 448 3495 Hac
462 3444 544 3512 porta
554 3442 677 3508 Domini,
689 3447 718 3497 et
729 3443 829 3498 Patres
841 3443 931 3498 nostri
972 3441 1064 3514 cupio,
1075 3441 1174 3496 adesse
1188 3439 1342 3495 consuevit.

129 3543 181 3599 per
194 3526 299 3582 multas
311 3527 430 3599 injurias
441 3529 472 3584 in
486 3546 520 3584 ea
530 3530 706 3601 gratulantes
719 3531 840 3604 ingressi
854 3537 931 3588 sunt.
1009 3528 1051 3586 17.
1072 3531 1143 3585 Cum
1154 3529 1270 3603 quidam
1279 3522 1401 3584 emisset
1414 3528 1449 3582 ad
1464 3525 1595 3582 abbatem
1605 3526 1770 3595 linearium,

159 3614 205 3671 ⁴3.
226 3615 342 3672 Dicebat
359 3616 445 3672 abbas
460 3619 624 3675 Joannesde
635 3621 739 3686 anima,
753 3638 814 3694 qua
825 3622 934 3679 deside·
973 3620 1129 3675 meridiano
1143 3625 1213 3674 aestu
1228 3619 1317 3673 nimia
1325 3617 1373 3673 siti
1383 3633 1526 3682 accensus,
1538 3621 1568 3671 et
1580 3632 1684 3688 aquam
1699 3633 1774 3690 quae·

129 3708 176 3760 rat
188 3705 341 3777 poenitere:
354 3707 487 3772 Quadam
498 3710 688 3779 pulcherrima
697 3712 831 3766 meretrix
839 3711 894 3767 fuit
902 3712 932 3769 in
973 3714 1049 3766 reret
1062 3708 1270 3777 adhibendum,
1284 3707 1402 3773 Sufficit,
1418 3705 1521 3778 inquit,
1533 3705 1649 3762 tibilraec
1659 3705 1770 3772 umbra,

129 3794 253 3866 quadam
263 3795 452 3867 unitateque
463 3796 859 3869 habuitplurimosamatores.
870 3801 934 3867 Qui·
975 3816 1032 3872 qua
1045 3799 1126 3855 multi
1150 3798 1271 3854 viatores
1297 3802 1348 3853 aut
1362 3795 1526 3868 navigantes
1540 3811 1614 3852 nunc
1633 3794 1771 3868 indigent,

128 3883 196 3938 dam
214 3889 309 3940 autem
330 3885 372 3940 vir
391 3885 427 3940 de
441 3886 559 3942 ducibus
573 3888 689 3943 veniens
702 3888 738 3944 ad
753 3905 815 3944 eam
837 3890 931 3947 dixit:
974 3906 1026 3946 nec
1039 3888 1181 3945 fruuntur.

128 3971 267 4028 Promitte
277 3972 346 4028 milri
356 3976 609 4043 castitatemtuam,
621 3982 746 4049 etagota
756 3979 891 4051 accipiam
901 3980 931 4034 in
1011 3976 1053 4036 18.
1067 3977 1149 4050 Apud
1163 3978 1294 4032 eumdem
1306 3992 1403 4032 senem
1412 3992 1476 4032 cum
1487 3975 1573 4032 verba
1585 3975 1620 4032 de
1630 3974 1774 4032 continen-

128 4075 256 4117 uxorem.
267 4061 319 4117 llla
328 4063 417 4135 igitur
432 4064 624 4136 promittente,
633 4066 933 4139 accipierrseamintro·
972 4067 1019 4123 tice
1031 4066 1162 4122 exercitio
1177 4065 1320 4130 haberem,
1335 4066 1405 4135 Age,
1416 4064 1517 4136 inquit,
1526 4070 1626 4133 mo
1638 4064 1774 4120 fiduciali-

128 4150 248 4206 duxitin
258 4151 373 4207 domurn
388 4169 478 4209 suam.
496 4155 623 4227 Cumque
644 4172 661 4210 a
679 4156 738 4210 suis
759 4157 933 4213 amatoribus
973 4162 1027 4223 ter,
1043 4172 1059 4210 ο
1085 4155 1143 4223 tili;
1160 4171 1226 4208 nam
1241 4159 1269 4208 et
1283 4170 1335 4227 ego
1345 4170 1396 4225 per
1409 4153 1508 4224 viginti
1521 4169 1611 4208 annos
1625 4152 1774 4208 continuos

128 4245 312 4312 quareretur,
324 4242 621 4315 agnitoquodilletam
632 4262 751 4316 magnus
762 4246 805 4301 vir
816 4247 933 4303 sortitus
973 4261 1031 4301 non
1045 4260 1127 4317 pane,
1143 4259 1200 4298 non
1214 4258 1298 4314 aqua,
1313 4240 1372 4301 iren
1387 4258 1486 4297 somno
1500 4242 1619 4297 eafiatus
1628 4257 1701 4298 sum.
1717 4242 1772 4297 Pa-

128 4344 194 4384 earn
208 4329 309 4384 luisset
327 4347 452 4399 uxorem,
468 4331 619 4388 dixerunt:
637 4334 667 4389 Si
677 4335 879 4391 accesserimus
895 4337 932 4392 ad
973 4350 1037 4389 nem
1052 4332 1167 4405 quidem
1179 4336 1329 4404 pensatum
1348 4330 1498 4403 accipiens,
1523 4345 1626 4402 aquam
1644 4345 1710 4385 vero
1737 4329 1773 4386 ad

126 4418 248 4490 januam
258 4418 380 4475 homiuis
389 4425 447 4475 tam
457 4422 590 4493 potentia,
602 4424 817 4496 cognoveritque
825 4425 1145 4500 deside-nmensuram
1161 4438 1292 4477 somnum
1306 4426 1402 4476 autem
1411 4418 1565 4494 parietibus
1577 4435 1622 4475 me
1636 4419 1773 4475 duntaxat

128 4506 175 4563 ria
186 4507 400 4579 requirentium,
410 4510 597 4582 proculdubio
608 4512 758 4583 puniemur
771 4514 932 4582 ,sedverite
973 4512 1113 4568 inclinans
1126 4510 1272 4585 subripere
1288 4511 1434 4583 paululum
1454 4508 1630 4566 festinabam.

129 4596 321 4669 poetdorsum
334 4599 445 4667 domus,
460 4606 577 4655 utamur
597 4602 680 4657 solito
694 4602 796 4672 sibilo;
813 4620 933 4676 cumque
1010 4598 1054 4660 19.
1075 4600 1196 4666 Quidam
1221 4600 1311 4656 irater
1329 4599 1513 4672 interrogavit
1538 4614 1646 4663 senem,
1676 4604 1774 4655 utrum

129 4685 181 4741 illa
192 4684 472 4743 sibilantiumsonum
487 4689 776 4757 audierit,descendet
783 4694 817 4749 ad
826 4711 887 4761 nos,
903 4698 933 4749 et
973 4708 1037 4748 cum
1044 4691 1218 4748 fratribusad
1228 4689 1635 4763 eosproficiscensmanducare
1646 4687 1771 4745 deberet.

129 4773 306 4830 inveniemur
318 4775 435 4832 innoxii.
452 4777 520 4843 Qua
532 4794 596 4834 cum
604 4780 738 4849 audisset,
755 4782 874 4855 signavit
883 4799 932 4840 au·
972 4781 1025 4839 Cui
1051 4797 1136 4838 senex
1160 4779 1322 4853 respondit:
1341 4780 1412 4835 curn
1434 4777 1561 4847 muliere,
1590 4777 1693 4851 inquit,
1716 4793 1773 4834 non

128 4878 177 4919 res
187 4865 436 4931 snas‚etexsiliens
450 4866 479 4921 in
489 4866 868 4944 interioradomusingressa
876 4878 928 4941 est,
971 4869 1162 4928 manducabis.

128 4957 216 5025 atque
228 4954 337 5010 clausit.
354 4955 419 5011 llaec
432 4955 592 5013 italocutus
603 4959 706 5027 senior,
723 4961 933 5018 dicebatmere·
1007 4960 1053 5020 2⁰.
1073 4958 1383 5034 Interrogevitquidam
1396 4957 1484 5014 frater
1494 4956 1775 5017 abbatemlsidorum

128 5040 228 5097 tricem
243 5043 453 5113 semanimem,
469 5051 609 5103 amatores
627 5047 653 5103 ei
667 5065 728 5106 esse
742 5051 817 5119 vitia,
832 5052 932 5108 ducem
973 5051 1150 5124 scythinsem
1163 5050 1198 5107 de
1214 5051 1339 5123 cogitatu
1359 5046 1562 5108 fornicationis.
1578 5048 1735 5121 Respondit
1748 5049 1775 5106 ei

129 5145 196 5186 vero
205 5132 248 5186 vel
258 5132 415 5205 principem
434 5134 544 5191 dicebat
557 5152 618 5193 esse
631 5138 785 5207 christum,
800 5141 932 5197 domum·
973 5157 1075 5197 senex:
1091 5140 1171 5206 Quod
1186 5140 1300 5213 quidem
1314 5138 1407 5195 veniat
1420 5137 1553 5210 cogitatio
1571 5137 1773 5208 fornicationis,

131 5235 187 5292 que
213 5221 275 5293 eJ’us
290 5224 424 5280 coelorum
448 5230 614 5299 perpetuam
638 5229 823 5297 mansionem,
839 5230 932 5288 sibila·
972 5229 1098 5287 animrnn
1111 5229 1283 5285 conturbans
1298 5227 1775 5302 etoccupans,sedactumimplere

129 5314 209 5365 tores
222 5315 318 5366 autem
338 5312 478 5371 demones
498 5321 566 5372 sunt
589 5316 716 5389 maligni.
730 5318 796 5373 Haec
814 5333 881 5392 ergo
907 5321 933 5377 si
972 5335 1030 5376 non
1051 5318 1215 5392 prevalens,
1231 5334 1323 5393 neque
1336 5315 1493 5389 proficiens,
1512 5316 1563 5373 sed
1585 5322 1695 5374 tentum
1720 5317 1775 5372 im·

132 5398 308 5455 camaluerit
321 5407 351 5456 et
360 5402 460 5468 tidelis,
477 5421 588 5478 semper
601 5405 690 5460 currit
701 5405 737 5461 ad
752 5407 852 5462 Deum.
974 5408 1052 5482 pedit
1065 5409 1102 5463 ad
1115 5407 1248 5464 virtutem
1261 5426 1267 5476 3
1278 5406 1386 5463 sobrius
1396 5411 1492 5463 autem
1511 5406 1555 5462 vir
1569 5422 1586 5461 a
1600 5422 1630 5461 se
1645 5421 1708 5461 eam
1718 5404 1775 5460 dis·

168 5487 216 5543 lt.
226 5487 302 5545 Dixit
315 5489 402 5548 abbae
416 5493 517 5550 Pastor
530 5506 536 5541 t
548 5494 689 5567 Scriptum
703 5500 747 5551 est
759 5496 790 5552 in
805 5497 933 5571 Evange-
974 5497 1094 5566 cutiens,
1111 5497 1147 5554 ad
1162 5496 1319 5554 credonem
1328 5495 1425 5554 mutim
1437 5494 1619 5553 convertitur.

130 5575 170 5633 lio
186 5594 193 5630 :
209 5576 264 5644 Qui
285 5578 516 5654 lrabetturricurn,
536 5584 639 5643 vendat
652 5601 726 5654 earu,
742 5589 771 5644 et
788 5591 865 5645 emat
878 5587 932 5646 sibi
1008 5585 1054 5646 tl.
1069 5587 1148 5648 ldem
1161 5588 1197 5646 de
1208 5584 1307 5645 eadem
1320 5585 1445 5662 cogitata
1457 5583 1606 5661 respondit
1623 5598 1709 5645 muer
1724 5599 1731 5639 :
1747 5580 1778 5643 si
