<?xml version="1.0" encoding="UTF-8"?>
<!DOCTYPE html PUBLIC "-//W3C//DTD XHTML 1.0 Transitional//EN"
    "http://www.w3.org/TR/xhtml1/DTD/xhtml1-transitional.dtd">
<html xmlns="http://www.w3.org/1999/xhtml" xml:lang="en" lang="en">
 <head>
  <title>
</title>
<meta http-equiv="Content-Type" content="text/html;charset=utf-8" />
  <meta name='ocr-system' content='tesseract 3.04.00' />
  <meta name='ocr-capabilities' content='ocr_page ocr_carea ocr_par ocr_line ocrx_word'/>
</head>
<body>
  <div class='ocr_page' id='page_1' title='image "./patrologiaecurs38unkngoog_0585.png"; bbox 0 0 3818 6120; ppageno 0'>
   <div class='ocr_carea' id='block_1_1' title="bbox 153 256 1793 332">
    <p class='ocr_par' dir='ltr' id='par_1_1' title="bbox 153 256 1793 332">
     <span class='ocr_line' id='line_1_1' title="bbox 153 256 1793 332; baseline -0.001 -11"><span class='ocrx_word' id='word_1_1' title='bbox 153 271 218 332; x_wconf 78' lang='grc'><strong>1159</strong></span> <span class='ocrx_word' id='word_1_2' title='bbox 686 263 733 320; x_wconf 87' lang='lat' dir='ltr'>DE</span> <span class='ocrx_word' id='word_1_3' title='bbox 752 263 848 321; x_wconf 77' lang='lat' dir='ltr'>vtrls</span> <span class='ocrx_word' id='word_1_4' title='bbox 867 256 1016 317; x_wconf 79' lang='lat' dir='ltr'>Parnhll</span> <span class='ocrx_word' id='word_1_5' title='bbox 1035 258 1144 317; x_wconf 83' lang='lat' dir='ltr'>LIBER</span> <span class='ocrx_word' id='word_1_6' title='bbox 1160 260 1236 319; x_wconf 84' lang='lat' dir='ltr'><strong>VIII.</strong></span> <span class='ocrx_word' id='word_1_7' title='bbox 1726 269 1793 332; x_wconf 77' lang='lat'>1160</span> 
     </span>
    </p>
   </div>
   <div class='ocr_carea' id='block_1_2' title="bbox 152 386 1792 826">
    <p class='ocr_par' dir='ltr' id='par_1_2' title="bbox 152 386 1792 558">
     <span class='ocr_line' id='line_1_2' title="bbox 152 386 1792 463; baseline -0.003 -8"><span class='ocrx_word' id='word_1_8' title='bbox 152 400 182 454; x_wconf 85' lang='lat' dir='ltr'>ln</span> <span class='ocrx_word' id='word_1_9' title='bbox 195 398 365 463; x_wconf 65' lang='lat' dir='ltr'>Dominum</span> <span class='ocrx_word' id='word_1_10' title='bbox 380 394 450 449; x_wconf 88' lang='lat' dir='ltr'>adeo</span> <span class='ocrx_word' id='word_1_11' title='bbox 464 398 498 448; x_wconf 86' lang='lat' dir='ltr'>ut</span> <span class='ocrx_word' id='word_1_12' title='bbox 507 391 599 447; x_wconf 88' lang='lat' dir='ltr'>nullus</span> <span class='ocrx_word' id='word_1_13' title='bbox 609 389 730 463; x_wconf 90' lang='lat' dir='ltr'>amplius</span> <span class='ocrx_word' id='word_1_14' title='bbox 737 389 850 462; x_wconf 90' lang='lat' dir='ltr'>gentilis</span> <span class='ocrx_word' id='word_1_15' title='bbox 860 387 982 448; x_wconf 76' lang='lat' dir='ltr'>nomi-A</span> <span class='ocrx_word' id='word_1_16' title='bbox 991 386 1169 456; x_wconf 78' lang='lat' dir='ltr'>miraculum,</span> <span class='ocrx_word' id='word_1_17' title='bbox 1186 393 1215 443; x_wconf 90' lang='lat' dir='ltr'>et</span> <span class='ocrx_word' id='word_1_18' title='bbox 1229 393 1360 445; x_wconf 89' lang='lat' dir='ltr'>eventum</span> <span class='ocrx_word' id='word_1_19' title='bbox 1375 392 1436 462; x_wconf 88' lang='lat' dir='ltr'>ejus</span> <span class='ocrx_word' id='word_1_20' title='bbox 1450 393 1524 463; x_wconf 90' lang='lat' dir='ltr'>quod</span> <span class='ocrx_word' id='word_1_21' title='bbox 1547 393 1670 461; x_wconf 73' lang='lat' dir='ltr'>dherat,</span> <span class='ocrx_word' id='word_1_22' title='bbox 1695 411 1792 454; x_wconf 88' lang='lat' dir='ltr'>omnes</span> 
     </span>
     <span class='ocr_line' id='line_1_3' title="bbox 154 476 1774 558; baseline -0.001 -14"><span class='ocrx_word' id='word_1_23' title='bbox 154 494 237 544; x_wconf 90' lang='lat' dir='ltr'>netur</span> <span class='ocrx_word' id='word_1_24' title='bbox 251 488 280 543; x_wconf 83' lang='lat' dir='ltr'>In</span> <span class='ocrx_word' id='word_1_25' title='bbox 295 487 356 558; x_wconf 89' lang='lat' dir='ltr'>ejus</span> <span class='ocrx_word' id='word_1_26' title='bbox 370 482 481 538; x_wconf 83' lang='lat' dir='ltr'>srnibus.</span> <span class='ocrx_word' id='word_1_27' title='bbox 992 476 1134 532; x_wconf 84' lang='lat' dir='ltr'>Servatori</span> <span class='ocrx_word' id='word_1_28' title='bbox 1148 477 1293 534; x_wconf 88' lang='lat' dir='ltr'>eredentes</span> <span class='ocrx_word' id='word_1_29' title='bbox 1307 496 1372 535; x_wconf 91' lang='lat' dir='ltr'>eum</span> <span class='ocrx_word' id='word_1_30' title='bbox 1385 480 1578 552; x_wconf 76' lang='lat' dir='ltr'>praedirabant</span> <span class='ocrx_word' id='word_1_31' title='bbox 1592 485 1774 557; x_wconf 87' lang='lat' dir='ltr'>prophetam.</span> 
     </span>
    </p>

    <p class='ocr_par' dir='ltr' id='par_1_3' title="bbox 152 567 1792 826">
     <span class='ocr_line' id='line_1_4' title="bbox 188 567 1792 645; baseline -0.001 -13"><span class='ocrx_word' id='word_1_32' title='bbox 188 577 250 632; x_wconf 84' lang='lat' dir='ltr'>Non</span> <span class='ocrx_word' id='word_1_33' title='bbox 260 575 349 630; x_wconf 88' lang='lat' dir='ltr'>multo</span> <span class='ocrx_word' id='word_1_34' title='bbox 364 578 427 645; x_wconf 90' lang='lat' dir='ltr'>post</span> <span class='ocrx_word' id='word_1_35' title='bbox 437 577 530 626; x_wconf 89' lang='lat' dir='ltr'>autem</span> <span class='ocrx_word' id='word_1_36' title='bbox 542 574 678 641; x_wconf 89' lang='lat' dir='ltr'>tempore,</span> <span class='ocrx_word' id='word_1_37' title='bbox 690 569 745 625; x_wconf 90' lang='lat' dir='ltr'>duo</span> <span class='ocrx_word' id='word_1_38' title='bbox 755 568 900 641; x_wconf 89' lang='lat' dir='ltr'>pagiiuter</span> <span class='ocrx_word' id='word_1_39' title='bbox 918 583 948 622; x_wconf 87' lang='lat' dir='ltr'>se</span> <span class='ocrx_word' id='word_1_40' title='bbox 1026 567 1093 621; x_wconf 88' lang='lat' dir='ltr'>Erat</span> <span class='ocrx_word' id='word_1_41' title='bbox 1104 572 1199 622; x_wconf 84' lang='lat' dir='ltr'>autem</span> <span class='ocrx_word' id='word_1_42' title='bbox 1213 568 1305 624; x_wconf 87' lang='lat' dir='ltr'>adhuc</span> <span class='ocrx_word' id='word_1_43' title='bbox 1319 575 1403 625; x_wconf 86' lang='lat' dir='ltr'>antea</span> <span class='ocrx_word' id='word_1_44' title='bbox 1414 569 1443 626; x_wconf 88' lang='lat' dir='ltr'>In</span> <span class='ocrx_word' id='word_1_45' title='bbox 1459 572 1562 627; x_wconf 91' lang='lat' dir='ltr'>montis</span> <span class='ocrx_word' id='word_1_46' title='bbox 1574 574 1714 645; x_wconf 88' lang='lat' dir='ltr'>spelunca</span> <span class='ocrx_word' id='word_1_47' title='bbox 1727 593 1792 632; x_wconf 88' lang='lat' dir='ltr'>sau-</span> 
     </span>
     <span class='ocr_line' id='line_1_5' title="bbox 153 656 1792 737; baseline -0.002 -16"><span class='ocrx_word' id='word_1_48' title='bbox 153 667 256 721; x_wconf 89' lang='lat' dir='ltr'>bellum</span> <span class='ocrx_word' id='word_1_49' title='bbox 268 663 406 735; x_wconf 81' lang='lat' dir='ltr'><strong>Incipiunt</strong></span> <span class='ocrx_word' id='word_1_50' title='bbox 415 661 600 726; x_wconf 89' lang='lat' dir='ltr'>committere,</span> <span class='ocrx_word' id='word_1_51' title='bbox 611 677 662 732; x_wconf 92' lang='lat' dir='ltr'>pro</span> <span class='ocrx_word' id='word_1_52' title='bbox 676 659 752 730; x_wconf 89' lang='lat' dir='ltr'>agris</span> <span class='ocrx_word' id='word_1_53' title='bbox 761 659 947 714; x_wconf 76' lang='lat' dir='ltr'><strong>decertantes.</strong></span> <span class='ocrx_word' id='word_1_54' title='bbox 988 659 1051 710; x_wconf 87' lang='lat' dir='ltr'>ctus</span> <span class='ocrx_word' id='word_1_55' title='bbox 1062 656 1172 728; x_wconf 81' lang='lat' dir='ltr'>Apollo,</span> <span class='ocrx_word' id='word_1_56' title='bbox 1183 675 1247 713; x_wconf 89' lang='lat' dir='ltr'>curn</span> <span class='ocrx_word' id='word_1_57' title='bbox 1257 658 1380 731; x_wconf 88' lang='lat' dir='ltr'>qulnque</span> <span class='ocrx_word' id='word_1_58' title='bbox 1394 660 1456 716; x_wconf 84' lang='lat' dir='ltr'>aIIIs</span> <span class='ocrx_word' id='word_1_59' title='bbox 1468 661 1614 730; x_wconf 80' lang='lat' dir='ltr'>iratribus,</span> <span class='ocrx_word' id='word_1_60' title='bbox 1631 664 1685 736; x_wconf 89' lang='lat' dir='ltr'>qui</span> <span class='ocrx_word' id='word_1_61' title='bbox 1710 665 1792 737; x_wconf 88' lang='lat' dir='ltr'>primi</span> 
     </span>
     <span class='ocr_line' id='line_1_6' title="bbox 152 742 1792 826; baseline -0.001 -15"><span class='ocrx_word' id='word_1_62' title='bbox 152 757 304 826; x_wconf 87' lang='lat' dir='ltr'>Postquam</span> <span class='ocrx_word' id='word_1_63' title='bbox 315 756 409 807; x_wconf 87' lang='lat' dir='ltr'>autem</span> <span class='ocrx_word' id='word_1_64' title='bbox 419 756 463 806; x_wconf 91' lang='lat' dir='ltr'>est</span> <span class='ocrx_word' id='word_1_65' title='bbox 472 750 570 822; x_wconf 86' lang='lat' dir='ltr'>hpollo</span> <span class='ocrx_word' id='word_1_66' title='bbox 584 748 788 814; x_wconf 89' lang='lat' dir='ltr'>renuntiatum,</span> <span class='ocrx_word' id='word_1_67' title='bbox 803 746 900 802; x_wconf 88' lang='lat' dir='ltr'>statim</span> <span class='ocrx_word' id='word_1_68' title='bbox 912 745 948 800; x_wconf 89' lang='lat' dir='ltr'>ad</span> <span class='ocrx_word' id='word_1_69' title='bbox 988 742 1102 800; x_wconf 81' lang='lat' dir='ltr'>fuerunt</span> <span class='ocrx_word' id='word_1_70' title='bbox 1112 746 1174 816; x_wconf 86' lang='lat' dir='ltr'>ejus</span> <span class='ocrx_word' id='word_1_71' title='bbox 1189 746 1326 819; x_wconf 92' lang='lat' dir='ltr'>discipuli,</span> <span class='ocrx_word' id='word_1_72' title='bbox 1337 766 1400 804; x_wconf 90' lang='lat' dir='ltr'>cum</span> <span class='ocrx_word' id='word_1_73' title='bbox 1415 757 1542 806; x_wconf 76' lang='lat' dir='ltr'>recenter</span> <span class='ocrx_word' id='word_1_74' title='bbox 1551 753 1678 809; x_wconf 79' lang='lat' dir='ltr'>uenisset</span> <span class='ocrx_word' id='word_1_75' title='bbox 1694 770 1711 809; x_wconf 93' lang='lat' dir='ltr'>e</span> <span class='ocrx_word' id='word_1_76' title='bbox 1726 756 1792 811; x_wconf 92' lang='lat' dir='ltr'>soli-</span> 
     </span>
    </p>
   </div>
   <div class='ocr_carea' id='block_1_3' title="bbox 67 834 1790 910">
    <p class='ocr_par' dir='ltr' id='par_1_4' title="bbox 67 834 1790 910">
     <span class='ocr_line' id='line_1_7' title="bbox 67 834 1790 910; baseline 0.001 -10"><span class='ocrx_word' id='word_1_77' title='bbox 67 857 72 865; x_wconf 88' lang='lat'>·</span> <span class='ocrx_word' id='word_1_78' title='bbox 152 842 366 908; x_wconf 90' lang='lat' dir='ltr'>eosdescendit,</span> <span class='ocrx_word' id='word_1_79' title='bbox 389 841 463 896; x_wconf 90' lang='lat' dir='ltr'>inter</span> <span class='ocrx_word' id='word_1_80' title='bbox 483 856 530 894; x_wconf 88' lang='lat' dir='ltr'>eos</span> <span class='ocrx_word' id='word_1_81' title='bbox 550 854 648 910; x_wconf 82' lang='lat' dir='ltr'>pacem</span> <span class='ocrx_word' id='word_1_82' title='bbox 664 837 872 892; x_wconf 88' lang='lat' dir='ltr'>conciliaturus.</span> <span class='ocrx_word' id='word_1_83' title='bbox 894 834 947 900; x_wconf 87' lang='lat' dir='ltr'>Qui</span> <span class='ocrx_word' id='word_1_84' title='bbox 989 835 1098 889; x_wconf 86' lang='lat' dir='ltr'>tudine.</span> <span class='ocrx_word' id='word_1_85' title='bbox 1117 837 1188 891; x_wconf 88' lang='lat' dir='ltr'>Cum</span> <span class='ocrx_word' id='word_1_86' title='bbox 1202 838 1651 899; x_wconf 82' lang='lat' dir='ltr'>autemadventassetdiesfestus</span> <span class='ocrx_word' id='word_1_87' title='bbox 1665 845 1790 910; x_wconf 78' lang='lat' dir='ltr'>Paschae,</span> 
     </span>
    </p>
   </div>
   <div class='ocr_carea' id='block_1_4' title="bbox 78 923 1794 5650">
    <p class='ocr_par' dir='ltr' id='par_1_5' title="bbox 78 923 1794 5650">
     <span class='ocr_line' id='line_1_8' title="bbox 152 923 1791 1005; baseline 0.001 -16"><span class='ocrx_word' id='word_1_88' title='bbox 152 938 233 988; x_wconf 88' lang='lat' dir='ltr'>crant</span> <span class='ocrx_word' id='word_1_89' title='bbox 245 938 340 987; x_wconf 89' lang='lat' dir='ltr'>autern</span> <span class='ocrx_word' id='word_1_90' title='bbox 351 934 472 1001; x_wconf 83' lang='lat' dir='ltr'>exparte</span> <span class='ocrx_word' id='word_1_91' title='bbox 483 929 664 983; x_wconf 84' lang='lat' dir='ltr'>adversanon</span> <span class='ocrx_word' id='word_1_92' title='bbox 673 925 874 998; x_wconf 87' lang='lat' dir='ltr'>parebant,sed</span> <span class='ocrx_word' id='word_1_93' title='bbox 884 941 949 979; x_wconf 88' lang='lat' dir='ltr'>con·</span> <span class='ocrx_word' id='word_1_94' title='bbox 990 928 1019 977; x_wconf 88' lang='lat' dir='ltr'>et</span> <span class='ocrx_word' id='word_1_95' title='bbox 1034 923 1086 979; x_wconf 89' lang='lat' dir='ltr'>Dei</span> <span class='ocrx_word' id='word_1_96' title='bbox 1097 925 1205 979; x_wconf 90' lang='lat' dir='ltr'>cultum</span> <span class='ocrx_word' id='word_1_97' title='bbox 1216 925 1393 999; x_wconf 82' lang='lat' dir='ltr'>¹implessent,</span> <span class='ocrx_word' id='word_1_98' title='bbox 1416 935 1498 984; x_wconf 88' lang='lat' dir='ltr'>erant</span> <span class='ocrx_word' id='word_1_99' title='bbox 1511 932 1587 987; x_wconf 82' lang='lat' dir='ltr'>esuri</span> <span class='ocrx_word' id='word_1_100' title='bbox 1595 949 1629 986; x_wconf 91' lang='lat' dir='ltr'>ea</span> <span class='ocrx_word' id='word_1_101' title='bbox 1637 949 1703 1005; x_wconf 77' lang='lat' dir='ltr'>quae</span> <span class='ocrx_word' id='word_1_102' title='bbox 1716 933 1791 991; x_wconf 81' lang='lat' dir='ltr'>inve-</span> 
     </span>
     <span class='ocr_line' id='line_1_9' title="bbox 150 1011 1792 1096; baseline -0.002 -19"><span class='ocrx_word' id='word_1_103' title='bbox 150 1021 336 1092; x_wconf 84' lang='lat' dir='ltr'>tradicebant,</span> <span class='ocrx_word' id='word_1_104' title='bbox 352 1019 416 1074; x_wconf 81' lang='lat' dir='ltr'>freti</span> <span class='ocrx_word' id='word_1_105' title='bbox 430 1035 486 1073; x_wconf 89' lang='lat' dir='ltr'>uno</span> <span class='ocrx_word' id='word_1_106' title='bbox 497 1018 638 1072; x_wconf 91' lang='lat' dir='ltr'>latronum</span> <span class='ocrx_word' id='word_1_107' title='bbox 649 1015 784 1087; x_wconf 84' lang='lat' dir='ltr'>principe,</span> <span class='ocrx_word' id='word_1_108' title='bbox 801 1021 833 1070; x_wconf 92' lang='lat' dir='ltr'>at</span> <span class='ocrx_word' id='word_1_109' title='bbox 842 1014 901 1068; x_wconf 77' lang='lat' dir='ltr'>niro</span> <span class='ocrx_word' id='word_1_110' title='bbox 912 1012 948 1067; x_wconf 91' lang='lat' dir='ltr'>ad</span> <span class='ocrx_word' id='word_1_111' title='bbox 989 1011 1159 1068; x_wconf 90' lang='lat' dir='ltr'>niebantur:</span> <span class='ocrx_word' id='word_1_112' title='bbox 1173 1020 1254 1071; x_wconf 85' lang='lat' dir='ltr'>erant</span> <span class='ocrx_word' id='word_1_113' title='bbox 1263 1021 1356 1071; x_wconf 90' lang='lat' dir='ltr'>autern</span> <span class='ocrx_word' id='word_1_114' title='bbox 1365 1017 1473 1090; x_wconf 83' lang='lat' dir='ltr'>aliquot</span> <span class='ocrx_word' id='word_1_115' title='bbox 1489 1020 1555 1076; x_wconf 91' lang='lat' dir='ltr'>sicci</span> <span class='ocrx_word' id='word_1_116' title='bbox 1570 1037 1672 1093; x_wconf 89' lang='lat' dir='ltr'>panes,</span> <span class='ocrx_word' id='word_1_117' title='bbox 1685 1029 1792 1096; x_wconf 77' lang='lat' dir='ltr'>etquae-</span> 
     </span>
     <span class='ocr_line' id='line_1_10' title="bbox 151 1101 1792 1184; baseline 0.001 -17"><span class='ocrx_word' id='word_1_118' title='bbox 151 1103 948 1182; x_wconf 79' lang='lat' dir='ltr'>bellurnpraesmntissimo.Cumeumergohpollouidisset</span> <span class='ocrx_word' id='word_1_119' title='bbox 989 1101 1055 1156; x_wconf 85' lang='lat' dir='ltr'>dam</span> <span class='ocrx_word' id='word_1_120' title='bbox 1070 1103 1147 1158; x_wconf 87' lang='lat' dir='ltr'>olera</span> <span class='ocrx_word' id='word_1_121' title='bbox 1161 1105 1294 1177; x_wconf 81' lang='lat' dir='ltr'>reposita.</span> <span class='ocrx_word' id='word_1_122' title='bbox 1311 1106 1358 1161; x_wconf 86' lang='lat' dir='ltr'>Eis</span> <span class='ocrx_word' id='word_1_123' title='bbox 1375 1111 1471 1162; x_wconf 81' lang='lat' dir='ltr'>autem</span> <span class='ocrx_word' id='word_1_124' title='bbox 1486 1107 1558 1164; x_wconf 83' lang='lat' dir='ltr'>dirit</span> <span class='ocrx_word' id='word_1_125' title='bbox 1570 1111 1690 1184; x_wconf 84' lang='lat' dir='ltr'>Apollo:</span> <span class='ocrx_word' id='word_1_126' title='bbox 1708 1113 1792 1170; x_wconf 87' lang='lat' dir='ltr'>Sisa-</span> 
     </span>
     <span class='ocr_line' id='line_1_11' title="bbox 149 1192 1794 1275; baseline -0.001 -20"><span class='ocrx_word' id='word_1_127' title='bbox 149 1195 476 1263; x_wconf 81' lang='lat' dir='ltr'>contradIcentem,dirit</span> <span class='ocrx_word' id='word_1_128' title='bbox 491 1194 516 1249; x_wconf 90' lang='lat' dir='ltr'>ei</span> <span class='ocrx_word' id='word_1_129' title='bbox 531 1212 537 1248; x_wconf 90' lang='lat'>:</span> <span class='ocrx_word' id='word_1_130' title='bbox 556 1193 585 1249; x_wconf 90' lang='lat' dir='ltr'>Si</span> <span class='ocrx_word' id='word_1_131' title='bbox 599 1192 736 1265; x_wconf 88' lang='lat' dir='ltr'>parueris,</span> <span class='ocrx_word' id='word_1_132' title='bbox 757 1208 774 1246; x_wconf 91' lang='lat' dir='ltr'>o</span> <span class='ocrx_word' id='word_1_133' title='bbox 789 1192 887 1257; x_wconf 81' lang='lat' dir='ltr'>amice,</span> <span class='ocrx_word' id='word_1_134' title='bbox 900 1207 946 1245; x_wconf 85' lang='lat' dir='ltr'>ro·</span> <span class='ocrx_word' id='word_1_135' title='bbox 988 1205 1051 1246; x_wconf 89' lang='lat' dir='ltr'>mus</span> <span class='ocrx_word' id='word_1_136' title='bbox 1065 1192 1170 1260; x_wconf 85' lang='lat' dir='ltr'>fideles,</span> <span class='ocrx_word' id='word_1_137' title='bbox 1185 1210 1201 1249; x_wconf 93' lang='grc' dir='ltr'><strong>ο</strong></span> <span class='ocrx_word' id='word_1_138' title='bbox 1214 1194 1275 1261; x_wconf 87' lang='grc'><strong>11111,</strong></span> <span class='ocrx_word' id='word_1_139' title='bbox 1287 1199 1316 1250; x_wconf 90' lang='lat' dir='ltr'>et</span> <span class='ocrx_word' id='word_1_140' title='bbox 1335 1197 1462 1267; x_wconf 81' lang='lat' dir='ltr'>germani</span> <span class='ocrx_word' id='word_1_141' title='bbox 1488 1198 1593 1254; x_wconf 83' lang='lat' dir='ltr'>Christi</span> <span class='ocrx_word' id='word_1_142' title='bbox 1621 1201 1688 1268; x_wconf 84' lang='lat' dir='ltr'>nlii,</span> <span class='ocrx_word' id='word_1_143' title='bbox 1715 1208 1794 1275; x_wconf 78' lang='lat' dir='ltr'>petat</span> 
     </span>
     <span class='ocr_line' id='line_1_12' title="bbox 148 1280 1791 1364; baseline 0.001 -21"><span class='ocrx_word' id='word_1_144' title='bbox 148 1288 221 1360; x_wconf 86' lang='lat' dir='ltr'>gabo</span> <span class='ocrx_word' id='word_1_145' title='bbox 233 1287 385 1342; x_wconf 88' lang='lat' dir='ltr'>Dominum</span> <span class='ocrx_word' id='word_1_146' title='bbox 400 1301 505 1350; x_wconf 88' lang='lat' dir='ltr'>meum,</span> <span class='ocrx_word' id='word_1_147' title='bbox 521 1288 553 1338; x_wconf 89' lang='lat' dir='ltr'>ut</span> <span class='ocrx_word' id='word_1_148' title='bbox 567 1288 739 1353; x_wconf 83' lang='lat' dir='ltr'>tuapeccata</span> <span class='ocrx_word' id='word_1_149' title='bbox 754 1280 945 1335; x_wconf 88' lang='lat' dir='ltr'>remittantur.</span> <span class='ocrx_word' id='word_1_150' title='bbox 988 1281 1312 1354; x_wconf 85' lang='lat' dir='ltr'>unusquisquevestrnm</span> <span class='ocrx_word' id='word_1_151' title='bbox 1324 1301 1341 1339; x_wconf 92' lang='lat' dir='ltr'>a</span> <span class='ocrx_word' id='word_1_152' title='bbox 1354 1286 1412 1341; x_wconf 90' lang='lat' dir='ltr'>Deo</span> <span class='ocrx_word' id='word_1_153' title='bbox 1427 1285 1455 1341; x_wconf 93' lang='lat' dir='ltr'>id</span> <span class='ocrx_word' id='word_1_154' title='bbox 1468 1288 1542 1359; x_wconf 92' lang='lat' dir='ltr'>quod</span> <span class='ocrx_word' id='word_1_155' title='bbox 1553 1289 1791 1364; x_wconf 84' lang='lat' dir='ltr'>ejusanimogra-</span> 
     </span>
     <span class='ocr_line' id='line_1_13' title="bbox 150 1369 1790 1453; baseline 0 -20"><span class='ocrx_word' id='word_1_156' title='bbox 150 1379 178 1433; x_wconf 91' lang='lat' dir='ltr'>ls</span> <span class='ocrx_word' id='word_1_157' title='bbox 191 1382 285 1432; x_wconf 89' lang='lat' dir='ltr'>autem</span> <span class='ocrx_word' id='word_1_158' title='bbox 296 1375 343 1431; x_wconf 90' lang='lat' dir='ltr'>ubi</span> <span class='ocrx_word' id='word_1_159' title='bbox 356 1376 408 1429; x_wconf 92' lang='lat' dir='ltr'>hoc</span> <span class='ocrx_word' id='word_1_160' title='bbox 418 1372 535 1439; x_wconf 85' lang='lat' dir='ltr'>audivit,</span> <span class='ocrx_word' id='word_1_161' title='bbox 544 1388 600 1426; x_wconf 92' lang='lat' dir='ltr'>non</span> <span class='ocrx_word' id='word_1_162' title='bbox 608 1376 765 1436; x_wconf 89' lang='lat' dir='ltr'>cunctatus,</span> <span class='ocrx_word' id='word_1_163' title='bbox 778 1369 895 1440; x_wconf 84' lang='lat' dir='ltr'>abjectis</span> <span class='ocrx_word' id='word_1_164' title='bbox 903 1385 947 1423; x_wconf 91' lang='lat' dir='ltr'>ar·</span> <span class='ocrx_word' id='word_1_165' title='bbox 986 1372 1049 1423; x_wconf 89' lang='lat' dir='ltr'>tum</span> <span class='ocrx_word' id='word_1_166' title='bbox 1064 1376 1107 1425; x_wconf 92' lang='lat' dir='ltr'>est</span> <span class='ocrx_word' id='word_1_167' title='bbox 1121 1370 1157 1425; x_wconf 92' lang='lat' dir='ltr'>ad</span> <span class='ocrx_word' id='word_1_168' title='bbox 1167 1372 1345 1429; x_wconf 83' lang='lat' dir='ltr'>vescendum.</span> <span class='ocrx_word' id='word_1_169' title='bbox 1359 1374 1403 1430; x_wconf 95' lang='lat' dir='ltr'>Illi</span> <span class='ocrx_word' id='word_1_170' title='bbox 1416 1392 1482 1431; x_wconf 81' lang='lat' dir='ltr'>rero</span> <span class='ocrx_word' id='word_1_171' title='bbox 1498 1382 1527 1432; x_wconf 91' lang='lat' dir='ltr'>et</span> <span class='ocrx_word' id='word_1_172' title='bbox 1538 1377 1707 1435; x_wconf 80' lang='lat' dir='ltr'>universum</span> <span class='ocrx_word' id='word_1_173' title='bbox 1720 1398 1790 1453; x_wconf 87' lang='lat' dir='ltr'>per-</span> 
     </span>
     <span class='ocr_line' id='line_1_14' title="bbox 149 1457 1788 1541; baseline -0.001 -19"><span class='ocrx_word' id='word_1_174' title='bbox 149 1467 214 1533; x_wconf 88' lang='lat' dir='ltr'>mis,</span> <span class='ocrx_word' id='word_1_175' title='bbox 230 1467 291 1538; x_wconf 86' lang='lat' dir='ltr'>ejus</span> <span class='ocrx_word' id='word_1_176' title='bbox 314 1462 432 1536; x_wconf 82' lang='lat' dir='ltr'>genibus</span> <span class='ocrx_word' id='word_1_177' title='bbox 455 1461 603 1518; x_wconf 85' lang='lat' dir='ltr'>advolutus</span> <span class='ocrx_word' id='word_1_178' title='bbox 625 1460 810 1532; x_wconf 84' lang='lat' dir='ltr'>supplicavit:</span> <span class='ocrx_word' id='word_1_179' title='bbox 831 1464 860 1513; x_wconf 93' lang='lat' dir='ltr'>et</span> <span class='ocrx_word' id='word_1_180' title='bbox 878 1475 946 1530; x_wconf 90' lang='lat' dir='ltr'>pace</span> <span class='ocrx_word' id='word_1_181' title='bbox 986 1457 1134 1527; x_wconf 88' lang='lat' dir='ltr'>miserunt,</span> <span class='ocrx_word' id='word_1_182' title='bbox 1146 1461 1339 1518; x_wconf 81' lang='lat' dir='ltr'>existImantes</span> <span class='ocrx_word' id='word_1_183' title='bbox 1353 1480 1383 1518; x_wconf 93' lang='lat' dir='ltr'>se</span> <span class='ocrx_word' id='word_1_184' title='bbox 1397 1480 1458 1519; x_wconf 90' lang='lat' dir='ltr'>esse</span> <span class='ocrx_word' id='word_1_185' title='bbox 1472 1465 1604 1538; x_wconf 87' lang='lat' dir='ltr'>indignos</span> <span class='ocrx_word' id='word_1_186' title='bbox 1617 1468 1672 1523; x_wconf 90' lang='lat' dir='ltr'>tali</span> <span class='ocrx_word' id='word_1_187' title='bbox 1685 1470 1788 1541; x_wconf 83' lang='lat' dir='ltr'>gratia.</span> 
     </span>
     <span class='ocr_line' id='line_1_15' title="bbox 148 1547 1790 1627; baseline 0.003 -16"><span class='ocrx_word' id='word_1_188' title='bbox 148 1556 222 1611; x_wconf 88' lang='lat' dir='ltr'>saeta</span> <span class='ocrx_word' id='word_1_189' title='bbox 236 1556 297 1627; x_wconf 91' lang='lat' dir='ltr'>ejus</span> <span class='ocrx_word' id='word_1_190' title='bbox 307 1552 515 1617; x_wconf 88' lang='lat' dir='ltr'>intercessione,</span> <span class='ocrx_word' id='word_1_191' title='bbox 531 1567 596 1606; x_wconf 90' lang='lat' dir='ltr'>suos</span> <span class='ocrx_word' id='word_1_192' title='bbox 624 1549 732 1605; x_wconf 82' lang='lat' dir='ltr'>remisit</span> <span class='ocrx_word' id='word_1_193' title='bbox 757 1549 791 1603; x_wconf 92' lang='lat' dir='ltr'>ad</span> <span class='ocrx_word' id='word_1_194' title='bbox 821 1547 943 1620; x_wconf 87' lang='lat' dir='ltr'>propria.</span> <span class='ocrx_word' id='word_1_195' title='bbox 987 1547 1057 1601; x_wconf 84' lang='lat' dir='ltr'>Cum</span> <span class='ocrx_word' id='word_1_196' title='bbox 1071 1548 1135 1603; x_wconf 81' lang='lat' dir='ltr'>laeto</span> <span class='ocrx_word' id='word_1_197' title='bbox 1149 1556 1245 1605; x_wconf 89' lang='lat' dir='ltr'>autern</span> <span class='ocrx_word' id='word_1_198' title='bbox 1259 1550 1337 1607; x_wconf 77' lang='lat' dir='ltr'>vultu</span> <span class='ocrx_word' id='word_1_199' title='bbox 1356 1559 1474 1618; x_wconf 78' lang='lat' dir='ltr'>orasset,</span> <span class='ocrx_word' id='word_1_200' title='bbox 1488 1560 1517 1610; x_wconf 88' lang='lat' dir='ltr'>et</span> <span class='ocrx_word' id='word_1_201' title='bbox 1526 1571 1627 1612; x_wconf 89' lang='lat' dir='ltr'>omnes</span> <span class='ocrx_word' id='word_1_202' title='bbox 1653 1557 1790 1616; x_wconf 81' lang='lat' dir='ltr'>dixissent</span> 
     </span>
     <span class='ocr_line' id='line_1_16' title="bbox 148 1636 1788 1719; baseline 0.001 -19"><span class='ocrx_word' id='word_1_203' title='bbox 148 1646 219 1700; x_wconf 88' lang='lat' dir='ltr'>Cum</span> <span class='ocrx_word' id='word_1_204' title='bbox 232 1643 251 1698; x_wconf 94' lang='lat' dir='ltr'>ii</span> <span class='ocrx_word' id='word_1_205' title='bbox 264 1648 358 1699; x_wconf 86' lang='lat' dir='ltr'>autern</span> <span class='ocrx_word' id='word_1_206' title='bbox 372 1658 469 1714; x_wconf 87' lang='lat' dir='ltr'>pacem</span> <span class='ocrx_word' id='word_1_207' title='bbox 483 1640 615 1712; x_wconf 81' lang='lat' dir='ltr'>egissent,</span> <span class='ocrx_word' id='word_1_208' title='bbox 630 1645 658 1693; x_wconf 89' lang='lat' dir='ltr'>et</span> <span class='ocrx_word' id='word_1_209' title='bbox 667 1636 811 1703; x_wconf 88' lang='lat' dir='ltr'>abiissent,</span> <span class='ocrx_word' id='word_1_210' title='bbox 828 1636 945 1707; x_wconf 89' lang='lat' dir='ltr'>insignis</span> <span class='ocrx_word' id='word_1_211' title='bbox 985 1637 1084 1703; x_wconf 83' lang='lat' dir='ltr'>haren,</span> <span class='ocrx_word' id='word_1_212' title='bbox 1094 1639 1221 1709; x_wconf 87' lang='lat' dir='ltr'>protinus</span> <span class='ocrx_word' id='word_1_213' title='bbox 1229 1647 1313 1696; x_wconf 88' lang='lat' dir='ltr'>noctu</span> <span class='ocrx_word' id='word_1_214' title='bbox 1319 1643 1664 1717; x_wconf 88' lang='lat' dir='ltr'>veneruntinspeluncam</span> <span class='ocrx_word' id='word_1_215' title='bbox 1673 1648 1788 1719; x_wconf 90' lang='lat' dir='ltr'>quidam</span> 
     </span>
     <span class='ocr_line' id='line_1_17' title="bbox 148 1710 1787 1805; baseline 0.003 -16"><span class='ocrx_word' id='word_1_216' title='bbox 148 1751 245 1790; x_wconf 90' lang='lat' dir='ltr'>eorum</span> <span class='ocrx_word' id='word_1_217' title='bbox 259 1738 459 1805; x_wconf 90' lang='lat' dir='ltr'>propugnator,</span> <span class='ocrx_word' id='word_1_218' title='bbox 477 1730 575 1802; x_wconf 86' lang='lat' dir='ltr'>hpollo</span> <span class='ocrx_word' id='word_1_219' title='bbox 590 1729 625 1783; x_wconf 91' lang='lat' dir='ltr'>de</span> <span class='ocrx_word' id='word_1_220' title='bbox 637 1733 736 1783; x_wconf 87' lang='lat' dir='ltr'>caetero</span> <span class='ocrx_word' id='word_1_221' title='bbox 763 1725 943 1797; x_wconf 82' lang='lat' dir='ltr'>sequebatur,</span> <span class='ocrx_word' id='word_1_222' title='bbox 954 1710 1037 1779; x_wconf 79' lang='lat' dir='ltr'>Bviri</span> <span class='ocrx_word' id='word_1_223' title='bbox 1051 1727 1163 1798; x_wconf 88' lang='lat' dir='ltr'>penitus</span> <span class='ocrx_word' id='word_1_224' title='bbox 1175 1728 1320 1801; x_wconf 80' lang='lat' dir='ltr'>incogniti,</span> <span class='ocrx_word' id='word_1_225' title='bbox 1340 1731 1388 1803; x_wconf 92' lang='lat' dir='ltr'>qui</span> <span class='ocrx_word' id='word_1_226' title='bbox 1401 1731 1531 1789; x_wconf 90' lang='lat' dir='ltr'>dicebaut</span> <span class='ocrx_word' id='word_1_227' title='bbox 1543 1751 1574 1789; x_wconf 92' lang='lat' dir='ltr'>se</span> <span class='ocrx_word' id='word_1_228' title='bbox 1588 1736 1689 1792; x_wconf 74' lang='lat' dir='ltr'>venire</span> <span class='ocrx_word' id='word_1_229' title='bbox 1701 1738 1787 1796; x_wconf 88' lang='lat' dir='ltr'>alon·</span> 
     </span>
     <span class='ocr_line' id='line_1_18' title="bbox 146 1814 1787 1900; baseline 0.002 -22"><span class='ocrx_word' id='word_1_230' title='bbox 146 1822 315 1895; x_wconf 84' lang='lat' dir='ltr'>promissum</span> <span class='ocrx_word' id='word_1_231' title='bbox 330 1826 426 1893; x_wconf 89' lang='lat' dir='ltr'>aperte</span> <span class='ocrx_word' id='word_1_232' title='bbox 440 1819 562 1890; x_wconf 80' lang='lat' dir='ltr'>erigens.</span> <span class='ocrx_word' id='word_1_233' title='bbox 579 1819 669 1883; x_wconf 84' lang='lat' dir='ltr'>Quem</span> <span class='ocrx_word' id='word_1_234' title='bbox 677 1834 741 1872; x_wconf 79' lang='lat' dir='ltr'>eum</span> <span class='ocrx_word' id='word_1_235' title='bbox 747 1816 945 1887; x_wconf 87' lang='lat' dir='ltr'>assumpsisset</span> <span class='ocrx_word' id='word_1_236' title='bbox 983 1814 1091 1886; x_wconf 85' lang='lat' dir='ltr'>giuqua</span> <span class='ocrx_word' id='word_1_237' title='bbox 1105 1817 1239 1888; x_wconf 86' lang='lat' dir='ltr'>regione;</span> <span class='ocrx_word' id='word_1_238' title='bbox 1256 1824 1285 1874; x_wconf 92' lang='lat' dir='ltr'>et</span> <span class='ocrx_word' id='word_1_239' title='bbox 1293 1821 1388 1875; x_wconf 89' lang='lat' dir='ltr'>omnia</span> <span class='ocrx_word' id='word_1_240' title='bbox 1395 1821 1532 1890; x_wconf 86' lang='lat' dir='ltr'>serebant,</span> <span class='ocrx_word' id='word_1_241' title='bbox 1541 1840 1576 1879; x_wconf 88' lang='lat' dir='ltr'>ea</span> <span class='ocrx_word' id='word_1_242' title='bbox 1585 1825 1675 1881; x_wconf 87' lang='lat' dir='ltr'>etiam</span> <span class='ocrx_word' id='word_1_243' title='bbox 1682 1827 1718 1884; x_wconf 87' lang='lat' dir='ltr'>de</span> <span class='ocrx_word' id='word_1_244' title='bbox 1725 1829 1787 1900; x_wconf 88' lang='lat' dir='ltr'>qui·</span> 
     </span>
     <span class='ocr_line' id='line_1_19' title="bbox 148 1903 1787 1986; baseline 0.004 -20"><span class='ocrx_word' id='word_1_245' title='bbox 148 1911 353 1983; x_wconf 85' lang='lat' dir='ltr'>heatusllpollo</span> <span class='ocrx_word' id='word_1_246' title='bbox 368 1910 397 1965; x_wconf 91' lang='lat' dir='ltr'>iu</span> <span class='ocrx_word' id='word_1_247' title='bbox 408 1909 566 1982; x_wconf 88' lang='lat' dir='ltr'>propinqua</span> <span class='ocrx_word' id='word_1_248' title='bbox 579 1907 738 1969; x_wconf 89' lang='lat' dir='ltr'>solitudine,</span> <span class='ocrx_word' id='word_1_249' title='bbox 755 1904 902 1960; x_wconf 89' lang='lat' dir='ltr'>admonuit</span> <span class='ocrx_word' id='word_1_250' title='bbox 915 1909 945 1958; x_wconf 91' lang='lat' dir='ltr'>et</span> <span class='ocrx_word' id='word_1_251' title='bbox 984 1903 1036 1958; x_wconf 91' lang='lat' dir='ltr'>bus</span> <span class='ocrx_word' id='word_1_252' title='bbox 1047 1921 1081 1959; x_wconf 90' lang='lat' dir='ltr'>ne</span> <span class='ocrx_word' id='word_1_253' title='bbox 1092 1906 1236 1962; x_wconf 88' lang='lat' dir='ltr'>auditione</span> <span class='ocrx_word' id='word_1_254' title='bbox 1252 1909 1366 1980; x_wconf 90' lang='lat' dir='ltr'>quidem</span> <span class='ocrx_word' id='word_1_255' title='bbox 1379 1919 1546 1983; x_wconf 82' lang='lat' dir='ltr'>acceperant</span> <span class='ocrx_word' id='word_1_256' title='bbox 1555 1919 1585 1968; x_wconf 90' lang='lat' dir='ltr'>et</span> <span class='ocrx_word' id='word_1_257' title='bbox 1593 1931 1660 1986; x_wconf 83' lang='lat' dir='ltr'>quae</span> <span class='ocrx_word' id='word_1_258' title='bbox 1674 1933 1787 1973; x_wconf 90' lang='lat' dir='ltr'>nonna-</span> 
     </span>
     <span class='ocr_line' id='line_1_20' title="bbox 146 1994 1787 2078; baseline 0.004 -21"><span class='ocrx_word' id='word_1_259' title='bbox 146 2001 275 2056; x_wconf 87' lang='lat' dir='ltr'>hortatus</span> <span class='ocrx_word' id='word_1_260' title='bbox 289 2005 332 2055; x_wconf 90' lang='lat' dir='ltr'>est</span> <span class='ocrx_word' id='word_1_261' title='bbox 345 2005 377 2054; x_wconf 94' lang='lat' dir='ltr'>ut</span> <span class='ocrx_word' id='word_1_262' title='bbox 391 1998 509 2071; x_wconf 90' lang='lat' dir='ltr'>patienti</span> <span class='ocrx_word' id='word_1_263' title='bbox 525 2002 554 2052; x_wconf 88' lang='lat' dir='ltr'>et</span> <span class='ocrx_word' id='word_1_264' title='bbox 575 1996 714 2051; x_wconf 86' lang='lat' dir='ltr'>constanti</span> <span class='ocrx_word' id='word_1_265' title='bbox 737 2000 811 2050; x_wconf 90' lang='lat' dir='ltr'>esset</span> <span class='ocrx_word' id='word_1_266' title='bbox 837 1994 942 2059; x_wconf 88' lang='lat' dir='ltr'>animo,</span> <span class='ocrx_word' id='word_1_267' title='bbox 984 1999 1103 2049; x_wconf 84' lang='lat' dir='ltr'>scantur</span> <span class='ocrx_word' id='word_1_268' title='bbox 1116 1995 1147 2051; x_wconf 96' lang='lat' dir='ltr'>in</span> <span class='ocrx_word' id='word_1_269' title='bbox 1170 1997 1301 2070; x_wconf 77' lang='lat' dir='ltr'>Aigypto,</span> <span class='ocrx_word' id='word_1_270' title='bbox 1323 1998 1399 2054; x_wconf 87' lang='lat' dir='ltr'>horti</span> <span class='ocrx_word' id='word_1_271' title='bbox 1419 2000 1526 2056; x_wconf 80' lang='lat' dir='ltr'>fruetus</span> <span class='ocrx_word' id='word_1_272' title='bbox 1546 2004 1643 2059; x_wconf 92' lang='lat' dir='ltr'>omnis</span> <span class='ocrx_word' id='word_1_273' title='bbox 1665 2007 1787 2078; x_wconf 87' lang='lat' dir='ltr'>generis,</span> 
     </span>
     <span class='ocr_line' id='line_1_21' title="bbox 147 2081 1789 2163; baseline -0.004 -17"><span class='ocrx_word' id='word_1_274' title='bbox 147 2098 228 2163; x_wconf 88' lang='lat' dir='ltr'>posse</span> <span class='ocrx_word' id='word_1_275' title='bbox 240 2090 314 2146; x_wconf 82' lang='lat' dir='ltr'>enlm</span> <span class='ocrx_word' id='word_1_276' title='bbox 320 2091 410 2146; x_wconf 90' lang='lat' dir='ltr'>Deum</span> <span class='ocrx_word' id='word_1_277' title='bbox 424 2087 448 2142; x_wconf 86' lang='lat' dir='ltr'>ai</span> <span class='ocrx_word' id='word_1_278' title='bbox 460 2088 627 2142; x_wconf 86' lang='lat' dir='ltr'>condonare.</span> <span class='ocrx_word' id='word_1_279' title='bbox 643 2084 696 2139; x_wconf 88' lang='lat' dir='ltr'>Ubi</span> <span class='ocrx_word' id='word_1_280' title='bbox 711 2089 806 2139; x_wconf 89' lang='lat' dir='ltr'>autem</span> <span class='ocrx_word' id='word_1_281' title='bbox 825 2099 880 2137; x_wconf 83' lang='lat' dir='ltr'>nox</span> <span class='ocrx_word' id='word_1_282' title='bbox 892 2081 943 2136; x_wconf 90' lang='lat' dir='ltr'>ad·</span> <span class='ocrx_word' id='word_1_283' title='bbox 984 2099 1051 2140; x_wconf 79' lang='lat' dir='ltr'>uvas</span> <span class='ocrx_word' id='word_1_284' title='bbox 1062 2090 1090 2139; x_wconf 88' lang='lat' dir='ltr'>et</span> <span class='ocrx_word' id='word_1_285' title='bbox 1103 2086 1178 2141; x_wconf 88' lang='lat' dir='ltr'>mala</span> <span class='ocrx_word' id='word_1_286' title='bbox 1187 2087 1298 2158; x_wconf 90' lang='lat' dir='ltr'>punica,</span> <span class='ocrx_word' id='word_1_287' title='bbox 1313 2089 1416 2144; x_wconf 84' lang='lat' dir='ltr'>atticus</span> <span class='ocrx_word' id='word_1_288' title='bbox 1426 2094 1456 2145; x_wconf 90' lang='lat' dir='ltr'>et</span> <span class='ocrx_word' id='word_1_289' title='bbox 1468 2107 1565 2160; x_wconf 64' lang='lat' dir='ltr'>nucea</span> <span class='ocrx_word' id='word_1_290' title='bbox 1581 2095 1789 2153; x_wconf 69' lang='lat' dir='ltr'>omnininaem.</span> 
     </span>
     <span class='ocr_line' id='line_1_22' title="bbox 146 2170 1785 2253; baseline 0.005 -21"><span class='ocrx_word' id='word_1_291' title='bbox 146 2181 232 2246; x_wconf 82' lang='lat' dir='ltr'>venit,</span> <span class='ocrx_word' id='word_1_292' title='bbox 248 2179 330 2234; x_wconf 88' lang='lat' dir='ltr'>aruba</span> <span class='ocrx_word' id='word_1_293' title='bbox 345 2176 510 2233; x_wconf 85' lang='lat' dir='ltr'>videruntin</span> <span class='ocrx_word' id='word_1_294' title='bbox 520 2176 627 2231; x_wconf 90' lang='lat' dir='ltr'>somnis</span> <span class='ocrx_word' id='word_1_295' title='bbox 638 2191 668 2229; x_wconf 88' lang='lat' dir='ltr'>se</span> <span class='ocrx_word' id='word_1_296' title='bbox 678 2177 845 2228; x_wconf 88' lang='lat' dir='ltr'>astareante</span> <span class='ocrx_word' id='word_1_297' title='bbox 856 2170 943 2226; x_wconf 89' lang='lat' dir='ltr'>tribu·</span> <span class='ocrx_word' id='word_1_298' title='bbox 983 2173 1089 2244; x_wconf 86' lang='lat' dir='ltr'>pestive</span> <span class='ocrx_word' id='word_1_299' title='bbox 1104 2192 1109 2228; x_wconf 96' lang='lat'><strong>:</strong></span> <span class='ocrx_word' id='word_1_300' title='bbox 1127 2175 1195 2246; x_wconf 86' lang='lat' dir='ltr'>quin</span> <span class='ocrx_word' id='word_1_301' title='bbox 1210 2176 1294 2231; x_wconf 86' lang='lat' dir='ltr'>etiam</span> <span class='ocrx_word' id='word_1_302' title='bbox 1311 2178 1447 2249; x_wconf 88' lang='lat' dir='ltr'>quosdam</span> <span class='ocrx_word' id='word_1_303' title='bbox 1457 2180 1586 2238; x_wconf 85' lang='lat' dir='ltr'>inventos</span> <span class='ocrx_word' id='word_1_304' title='bbox 1594 2184 1691 2240; x_wconf 90' lang='lat' dir='ltr'>mellis</span> <span class='ocrx_word' id='word_1_305' title='bbox 1700 2184 1785 2253; x_wconf 77' lang='lat' dir='ltr'>taras,</span> 
     </span>
     <span class='ocr_line' id='line_1_23' title="bbox 147 2261 1788 2341; baseline 0.004 -16"><span class='ocrx_word' id='word_1_306' title='bbox 147 2269 320 2325; x_wconf 86' lang='lat' dir='ltr'>nalChristi:</span> <span class='ocrx_word' id='word_1_307' title='bbox 334 2261 943 2339; x_wconf 84' lang='lat' dir='ltr'>utriqueautemcontemplabanturangelos</span> <span class='ocrx_word' id='word_1_308' title='bbox 984 2268 1013 2317; x_wconf 89' lang='lat' dir='ltr'>et</span> <span class='ocrx_word' id='word_1_309' title='bbox 1026 2279 1127 2319; x_wconf 89' lang='lat' dir='ltr'>urnam</span> <span class='ocrx_word' id='word_1_310' title='bbox 1139 2265 1261 2320; x_wconf 88' lang='lat' dir='ltr'>recentis</span> <span class='ocrx_word' id='word_1_311' title='bbox 1276 2267 1364 2334; x_wconf 89' lang='lat' dir='ltr'>lactis,</span> <span class='ocrx_word' id='word_1_312' title='bbox 1388 2272 1417 2322; x_wconf 90' lang='lat' dir='ltr'>et</span> <span class='ocrx_word' id='word_1_313' title='bbox 1440 2269 1564 2326; x_wconf 89' lang='lat' dir='ltr'>nicolaos</span> <span class='ocrx_word' id='word_1_314' title='bbox 1587 2273 1741 2341; x_wconf 87' lang='lat' dir='ltr'>maximos,</span> <span class='ocrx_word' id='word_1_315' title='bbox 1761 2282 1788 2331; x_wconf 88' lang='lat' dir='ltr'>et</span> 
     </span>
     <span class='ocr_line' id='line_1_24' title="bbox 144 2350 1787 2430; baseline -0.003 -15"><span class='ocrx_word' id='word_1_316' title='bbox 144 2358 298 2416; x_wconf 88' lang='lat' dir='ltr'>Deumuna</span> <span class='ocrx_word' id='word_1_317' title='bbox 313 2374 378 2413; x_wconf 87' lang='lat' dir='ltr'>cum</span> <span class='ocrx_word' id='word_1_318' title='bbox 389 2356 475 2428; x_wconf 87' lang='lat' dir='ltr'>justis</span> <span class='ocrx_word' id='word_1_319' title='bbox 495 2355 655 2410; x_wconf 87' lang='lat' dir='ltr'>adorantes.</span> <span class='ocrx_word' id='word_1_320' title='bbox 673 2353 801 2424; x_wconf 86' lang='lat' dir='ltr'>Curaque</span> <span class='ocrx_word' id='word_1_321' title='bbox 816 2350 869 2424; x_wconf 92' lang='lat' dir='ltr'>ipsi</span> <span class='ocrx_word' id='word_1_322' title='bbox 885 2366 942 2405; x_wconf 90' lang='lat' dir='ltr'>una</span> <span class='ocrx_word' id='word_1_323' title='bbox 983 2367 1070 2423; x_wconf 88' lang='lat' dir='ltr'>panes</span> <span class='ocrx_word' id='word_1_324' title='bbox 1079 2354 1199 2409; x_wconf 88' lang='lat' dir='ltr'>mundos</span> <span class='ocrx_word' id='word_1_325' title='bbox 1214 2360 1243 2409; x_wconf 92' lang='lat' dir='ltr'>et</span> <span class='ocrx_word' id='word_1_326' title='bbox 1253 2355 1357 2412; x_wconf 87' lang='lat' dir='ltr'>calidas</span> <span class='ocrx_word' id='word_1_327' title='bbox 1374 2355 1474 2430; x_wconf 74' lang='lat' dir='ltr'>(lhlre</span> <span class='ocrx_word' id='word_1_328' title='bbox 1487 2359 1605 2430; x_wconf 83' lang='lat' dir='ltr'>regione</span> <span class='ocrx_word' id='word_1_329' title='bbox 1621 2369 1748 2419; x_wconf 73' lang='lat' dir='ltr'>externa.</span> <span class='ocrx_word' id='word_1_330' title='bbox 1765 2365 1787 2421; x_wconf 74' lang='lat'>11</span> 
     </span>
     <span class='ocr_line' id='line_1_25' title="bbox 145 2442 1787 2519; baseline 0.002 -14"><span class='ocrx_word' id='word_1_331' title='bbox 145 2466 209 2505; x_wconf 89' lang='lat' dir='ltr'>cum</span> <span class='ocrx_word' id='word_1_332' title='bbox 228 2448 268 2504; x_wconf 89' lang='lat' dir='ltr'>eis</span> <span class='ocrx_word' id='word_1_333' title='bbox 284 2446 506 2519; x_wconf 88' lang='lat' dir='ltr'>procubuissent,</span> <span class='ocrx_word' id='word_1_334' title='bbox 514 2444 626 2498; x_wconf 88' lang='lat' dir='ltr'>Patrem</span> <span class='ocrx_word' id='word_1_335' title='bbox 634 2443 837 2498; x_wconf 85' lang='lat' dir='ltr'>adoraverunt:</span> <span class='ocrx_word' id='word_1_336' title='bbox 850 2445 879 2495; x_wconf 92' lang='lat' dir='ltr'>et</span> <span class='ocrx_word' id='word_1_337' title='bbox 892 2456 944 2494; x_wconf 82' lang='lat' dir='ltr'>vox</span> <span class='ocrx_word' id='word_1_338' title='bbox 983 2447 1079 2497; x_wconf 88' lang='lat' dir='ltr'>autem</span> <span class='ocrx_word' id='word_1_339' title='bbox 1092 2442 1140 2515; x_wconf 90' lang='lat' dir='ltr'>qui</span> <span class='ocrx_word' id='word_1_340' title='bbox 1153 2460 1187 2499; x_wconf 88' lang='lat' dir='ltr'>aa</span> <span class='ocrx_word' id='word_1_341' title='bbox 1201 2445 1365 2513; x_wconf 87' lang='lat' dir='ltr'>attulerant,</span> <span class='ocrx_word' id='word_1_342' title='bbox 1381 2463 1444 2502; x_wconf 88' lang='lat' dir='ltr'>curn</span> <span class='ocrx_word' id='word_1_343' title='bbox 1459 2448 1640 2506; x_wconf 91' lang='lat' dir='ltr'>solummodo</span> <span class='ocrx_word' id='word_1_344' title='bbox 1654 2454 1787 2509; x_wconf 86' lang='lat' dir='ltr'>tradidis-</span> 
     </span>
     <span class='ocr_line' id='line_1_26' title="bbox 145 2528 1787 2614; baseline 0.002 -20"><span class='ocrx_word' id='word_1_345' title='bbox 145 2540 180 2594; x_wconf 89' lang='lat' dir='ltr'>ad</span> <span class='ocrx_word' id='word_1_346' title='bbox 192 2555 239 2593; x_wconf 90' lang='lat' dir='ltr'>eos</span> <span class='ocrx_word' id='word_1_347' title='bbox 252 2534 434 2592; x_wconf 84' lang='lat' dir='ltr'>sactaestDei</span> <span class='ocrx_word' id='word_1_348' title='bbox 442 2533 559 2588; x_wconf 88' lang='lat' dir='ltr'>dicentis</span> <span class='ocrx_word' id='word_1_349' title='bbox 572 2550 577 2586; x_wconf 92' lang='lat'><strong>:</strong></span> <span class='ocrx_word' id='word_1_350' title='bbox 598 2532 665 2597; x_wconf 87' lang='lat' dir='ltr'>Quae</span> <span class='ocrx_word' id='word_1_351' title='bbox 686 2537 729 2586; x_wconf 89' lang='lat' dir='ltr'>est</span> <span class='ocrx_word' id='word_1_352' title='bbox 746 2530 865 2585; x_wconf 87' lang='lat' dir='ltr'>societas</span> <span class='ocrx_word' id='word_1_353' title='bbox 886 2528 941 2584; x_wconf 88' lang='lat' dir='ltr'>luci</span> <span class='ocrx_word' id='word_1_354' title='bbox 983 2538 1055 2599; x_wconf 89' lang='lat' dir='ltr'>sent,</span> <span class='ocrx_word' id='word_1_355' title='bbox 1069 2536 1204 2604; x_wconf 87' lang='lat' dir='ltr'>tanquam</span> <span class='ocrx_word' id='word_1_356' title='bbox 1211 2533 1492 2608; x_wconf 78' lang='lat' dir='ltr'>missiariromugno</span> <span class='ocrx_word' id='word_1_357' title='bbox 1505 2543 1536 2593; x_wconf 91' lang='lat' dir='ltr'>et</span> <span class='ocrx_word' id='word_1_358' title='bbox 1545 2539 1645 2608; x_wconf 82' lang='lat' dir='ltr'>diuite,</span> <span class='ocrx_word' id='word_1_359' title='bbox 1659 2543 1787 2614; x_wconf 84' lang='lat' dir='ltr'>protinus</span> 
     </span>
     <span class='ocr_line' id='line_1_27' title="bbox 144 2617 1785 2699; baseline -0.005 -16"><span class='ocrx_word' id='word_1_360' title='bbox 144 2643 208 2683; x_wconf 89' lang='lat' dir='ltr'>curn</span> <span class='ocrx_word' id='word_1_361' title='bbox 216 2623 361 2681; x_wconf 88' lang='lat' dir='ltr'>tenebris?</span> <span class='ocrx_word' id='word_1_362' title='bbox 375 2628 425 2678; x_wconf 88' lang='lat' dir='ltr'>aut</span> <span class='ocrx_word' id='word_1_363' title='bbox 435 2639 496 2694; x_wconf 80' lang='lat' dir='ltr'>quae</span> <span class='ocrx_word' id='word_1_364' title='bbox 510 2638 576 2693; x_wconf 89' lang='lat' dir='ltr'>pars</span> <span class='ocrx_word' id='word_1_365' title='bbox 588 2628 631 2676; x_wconf 88' lang='lat' dir='ltr'>est</span> <span class='ocrx_word' id='word_1_366' title='bbox 646 2620 735 2675; x_wconf 83' lang='lat' dir='ltr'>fidelis</span> <span class='ocrx_word' id='word_1_367' title='bbox 751 2636 815 2675; x_wconf 89' lang='lat' dir='ltr'>eum</span> <span class='ocrx_word' id='word_1_368' title='bbox 834 2617 941 2673; x_wconf 85' lang='lat' dir='ltr'>infideli</span> <span class='ocrx_word' id='word_1_369' title='bbox 982 2636 1101 2692; x_wconf 90' lang='lat' dir='ltr'>propere</span> <span class='ocrx_word' id='word_1_370' title='bbox 1115 2630 1305 2682; x_wconf 88' lang='lat' dir='ltr'>recesserunt.</span> <span class='ocrx_word' id='word_1_371' title='bbox 1326 2624 1397 2680; x_wconf 84' lang='lat' dir='ltr'>Cura</span> <span class='ocrx_word' id='word_1_372' title='bbox 1409 2632 1503 2681; x_wconf 89' lang='lat' dir='ltr'>autem</span> <span class='ocrx_word' id='word_1_373' title='bbox 1518 2644 1582 2699; x_wconf 76' lang='lat' dir='ltr'>qua</span> <span class='ocrx_word' id='word_1_374' title='bbox 1604 2637 1689 2685; x_wconf 88' lang='lat' dir='ltr'>erant</span> <span class='ocrx_word' id='word_1_375' title='bbox 1707 2648 1785 2688; x_wconf 80' lang='lat' dir='ltr'>escu-</span> 
     </span>
     <span class='ocr_line' id='line_1_28' title="bbox 145 2707 1786 2791; baseline 0.004 -20"><span class='ocrx_word' id='word_1_376' title='bbox 145 2718 186 2784; x_wconf 79' lang='grc'>111</span> <span class='ocrx_word' id='word_1_377' title='bbox 197 2716 257 2770; x_wconf 81' lang='lat' dir='ltr'>Oor.</span> <span class='ocrx_word' id='word_1_378' title='bbox 272 2713 325 2781; x_wconf 77' lang='lat' dir='ltr'>ull</span> <span class='ocrx_word' id='word_1_379' title='bbox 336 2710 408 2776; x_wconf 90' lang='lat' dir='ltr'>Quid</span> <span class='ocrx_word' id='word_1_380' title='bbox 418 2727 482 2765; x_wconf 80' lang='lat' dir='ltr'>vero</span> <span class='ocrx_word' id='word_1_381' title='bbox 494 2714 550 2764; x_wconf 84' lang='lat' dir='ltr'>stat</span> <span class='ocrx_word' id='word_1_382' title='bbox 559 2725 622 2763; x_wconf 88' lang='lat' dir='ltr'>curn</span> <span class='ocrx_word' id='word_1_383' title='bbox 630 2710 708 2780; x_wconf 85' lang='lat' dir='ltr'>justo</span> <span class='ocrx_word' id='word_1_384' title='bbox 717 2707 867 2774; x_wconf 88' lang='lat' dir='ltr'>homicida,</span> <span class='ocrx_word' id='word_1_385' title='bbox 876 2723 941 2762; x_wconf 88' lang='lat' dir='ltr'>cum</span> <span class='ocrx_word' id='word_1_386' title='bbox 981 2709 1059 2764; x_wconf 89' lang='lat' dir='ltr'>lenta</span> <span class='ocrx_word' id='word_1_387' title='bbox 1073 2712 1274 2784; x_wconf 86' lang='lat' dir='ltr'>pereepIsscnt,</span> <span class='ocrx_word' id='word_1_388' title='bbox 1285 2729 1319 2768; x_wconf 87' lang='lat' dir='ltr'>ea</span> <span class='ocrx_word' id='word_1_389' title='bbox 1330 2713 1385 2769; x_wconf 91' lang='lat' dir='ltr'>illis</span> <span class='ocrx_word' id='word_1_390' title='bbox 1394 2716 1708 2791; x_wconf 80' lang='lat' dir='ltr'>suffeceruntusquead</span> <span class='ocrx_word' id='word_1_391' title='bbox 1717 2722 1786 2777; x_wconf 88' lang='lat' dir='ltr'>Peu-</span> 
     </span>
     <span class='ocr_line' id='line_1_29' title="bbox 144 2796 1783 2876; baseline 0.004 -16"><span class='ocrx_word' id='word_1_392' title='bbox 144 2804 182 2860; x_wconf 90' lang='lat' dir='ltr'>sit</span> <span class='ocrx_word' id='word_1_393' title='bbox 194 2803 326 2873; x_wconf 91' lang='lat' dir='ltr'>indignus</span> <span class='ocrx_word' id='word_1_394' title='bbox 339 2797 656 2870; x_wconf 83' lang='lat' dir='ltr'>talicontemplatione?</span> <span class='ocrx_word' id='word_1_395' title='bbox 672 2798 714 2852; x_wconf 87' lang='lat' dir='ltr'>Tu</span> <span class='ocrx_word' id='word_1_396' title='bbox 727 2802 822 2852; x_wconf 88' lang='lat' dir='ltr'>autem</span> <span class='ocrx_word' id='word_1_397' title='bbox 844 2796 901 2861; x_wconf 89' lang='lat' dir='ltr'>abi,</span> <span class='ocrx_word' id='word_1_398' title='bbox 922 2812 939 2851; x_wconf 91' lang='lat' dir='ltr'>o</span> <span class='ocrx_word' id='word_1_399' title='bbox 981 2804 1121 2867; x_wconf 89' lang='lat' dir='ltr'>tecosten;</span> <span class='ocrx_word' id='word_1_400' title='bbox 1136 2800 1206 2857; x_wconf 89' lang='lat' dir='ltr'>adeo</span> <span class='ocrx_word' id='word_1_401' title='bbox 1213 2807 1245 2858; x_wconf 93' lang='lat' dir='ltr'>ut</span> <span class='ocrx_word' id='word_1_402' title='bbox 1253 2801 1308 2875; x_wconf 89' lang='lat' dir='ltr'>ipsi</span> <span class='ocrx_word' id='word_1_403' title='bbox 1319 2819 1430 2875; x_wconf 90' lang='lat' dir='ltr'>quoque</span> <span class='ocrx_word' id='word_1_404' title='bbox 1451 2805 1638 2876; x_wconf 85' lang='lat' dir='ltr'>mirarentur,</span> <span class='ocrx_word' id='word_1_405' title='bbox 1660 2814 1691 2864; x_wconf 89' lang='lat' dir='ltr'>et</span> <span class='ocrx_word' id='word_1_406' title='bbox 1709 2809 1783 2866; x_wconf 80' lang='lat' dir='ltr'>dice·</span> 
     </span>
     <span class='ocr_line' id='line_1_30' title="bbox 142 2885 1484 2959; baseline 0 -11"><span class='ocrx_word' id='word_1_407' title='bbox 142 2893 237 2959; x_wconf 89' lang='lat' dir='ltr'>homo,</span> <span class='ocrx_word' id='word_1_408' title='bbox 259 2891 309 2946; x_wconf 87' lang='lat' dir='ltr'>tibi</span> <span class='ocrx_word' id='word_1_409' title='bbox 320 2889 595 2949; x_wconf 87' lang='lat' dir='ltr'>enimestconcessus</span> <span class='ocrx_word' id='word_1_410' title='bbox 608 2886 828 2942; x_wconf 86' lang='lat' dir='ltr'>hletardenatus</span> <span class='ocrx_word' id='word_1_411' title='bbox 842 2885 938 2957; x_wconf 89' lang='lat' dir='ltr'>persu-</span> <span class='ocrx_word' id='word_1_412' title='bbox 978 2893 1043 2942; x_wconf 89' lang='lat' dir='ltr'>rent</span> <span class='ocrx_word' id='word_1_413' title='bbox 1056 2888 1142 2944; x_wconf 87' lang='lat' dir='ltr'>luisse</span> <span class='ocrx_word' id='word_1_414' title='bbox 1158 2907 1191 2945; x_wconf 90' lang='lat' dir='ltr'>ea</span> <span class='ocrx_word' id='word_1_415' title='bbox 1204 2908 1269 2946; x_wconf 84' lang='lat' dir='ltr'>vere</span> <span class='ocrx_word' id='word_1_416' title='bbox 1282 2908 1301 2947; x_wconf 92' lang='lat' dir='ltr'>a</span> <span class='ocrx_word' id='word_1_417' title='bbox 1314 2893 1372 2948; x_wconf 91' lang='lat' dir='ltr'>Deo</span> <span class='ocrx_word' id='word_1_418' title='bbox 1387 2893 1484 2950; x_wconf 89' lang='lat' dir='ltr'>missa.</span> 
     </span>
     <span class='ocr_line' id='line_1_31' title="bbox 142 2973 1785 3054; baseline -0.004 -16"><span class='ocrx_word' id='word_1_419' title='bbox 142 2999 188 3054; x_wconf 84' lang='lat' dir='ltr'>ga.</span> <span class='ocrx_word' id='word_1_420' title='bbox 202 2981 256 3047; x_wconf 88' lang='lat' dir='ltr'>Qui</span> <span class='ocrx_word' id='word_1_421' title='bbox 265 2997 327 3036; x_wconf 90' lang='lat' dir='ltr'>curn</span> <span class='ocrx_word' id='word_1_422' title='bbox 335 2979 391 3035; x_wconf 89' lang='lat' dir='ltr'>alia</span> <span class='ocrx_word' id='word_1_423' title='bbox 404 2979 494 3033; x_wconf 88' lang='lat' dir='ltr'>multa</span> <span class='ocrx_word' id='word_1_424' title='bbox 504 2977 637 3032; x_wconf 80' lang='lat' dir='ltr'>vidissent</span> <span class='ocrx_word' id='word_1_425' title='bbox 648 2982 677 3031; x_wconf 92' lang='lat' dir='ltr'>et</span> <span class='ocrx_word' id='word_1_426' title='bbox 687 2975 841 3030; x_wconf 88' lang='lat' dir='ltr'>audiissent</span> <span class='ocrx_word' id='word_1_427' title='bbox 851 2973 939 3029; x_wconf 89' lang='lat' dir='ltr'>admi·</span> <span class='ocrx_word' id='word_1_428' title='bbox 1015 2976 1237 3041; x_wconf 88' lang='lat' dir='ltr'>Quidarnautem</span> <span class='ocrx_word' id='word_1_429' title='bbox 1245 2997 1278 3035; x_wconf 81' lang='lat' dir='ltr'>ex</span> <span class='ocrx_word' id='word_1_430' title='bbox 1287 2982 1433 3038; x_wconf 87' lang='lat' dir='ltr'>monachis</span> <span class='ocrx_word' id='word_1_431' title='bbox 1440 2984 1684 3054; x_wconf 85' lang='lat' dir='ltr'>rogabatPatrem</span> <span class='ocrx_word' id='word_1_432' title='bbox 1690 2992 1785 3044; x_wconf 63' lang='lat' dir='ltr'>ungu.</span> 
     </span>
     <span class='ocr_line' id='line_1_32' title="bbox 142 3062 1783 3147; baseline -0.005 -19"><span class='ocrx_word' id='word_1_433' title='bbox 142 3072 250 3137; x_wconf 85' lang='lat' dir='ltr'>rabilia,</span> <span class='ocrx_word' id='word_1_434' title='bbox 261 3087 323 3144; x_wconf 78' lang='lat' dir='ltr'>quae</span> <span class='ocrx_word' id='word_1_435' title='bbox 333 3085 424 3140; x_wconf 89' lang='lat' dir='ltr'>neque</span> <span class='ocrx_word' id='word_1_436' title='bbox 434 3067 520 3122; x_wconf 91' lang='lat' dir='ltr'>audet</span> <span class='ocrx_word' id='word_1_437' title='bbox 535 3066 624 3121; x_wconf 86' lang='lat' dir='ltr'>oratio</span> <span class='ocrx_word' id='word_1_438' title='bbox 635 3065 735 3130; x_wconf 90' lang='lat' dir='ltr'>dicere,</span> <span class='ocrx_word' id='word_1_439' title='bbox 750 3080 841 3135; x_wconf 83' lang='lat' dir='ltr'>neque</span> <span class='ocrx_word' id='word_1_440' title='bbox 861 3062 937 3118; x_wconf 81' lang='lat' dir='ltr'>auris</span> <span class='ocrx_word' id='word_1_441' title='bbox 949 3065 1031 3133; x_wconf 80' lang='lat' dir='ltr'>etim</span> <span class='ocrx_word' id='word_1_442' title='bbox 1046 3067 1136 3122; x_wconf 89' lang='lat' dir='ltr'>Deum</span> <span class='ocrx_word' id='word_1_443' title='bbox 1151 3085 1202 3140; x_wconf 92' lang='lat' dir='ltr'>pra</span> <span class='ocrx_word' id='word_1_444' title='bbox 1217 3069 1277 3141; x_wconf 86' lang='lat' dir='ltr'>ipso</span> <span class='ocrx_word' id='word_1_445' title='bbox 1286 3076 1389 3137; x_wconf 85' lang='lat' dir='ltr'>oraret,</span> <span class='ocrx_word' id='word_1_446' title='bbox 1404 3078 1437 3127; x_wconf 91' lang='lat' dir='ltr'>ut</span> <span class='ocrx_word' id='word_1_447' title='bbox 1447 3072 1569 3143; x_wconf 84' lang='lat' dir='ltr'>gratiam</span> <span class='ocrx_word' id='word_1_448' title='bbox 1580 3074 1783 3147; x_wconf 65' lang='lat' dir='ltr'>aliquarum.</span> 
     </span>
     <span class='ocr_line' id='line_1_33' title="bbox 141 3152 1782 3238; baseline 0.003 -21"><span class='ocrx_word' id='word_1_449' title='bbox 141 3160 249 3228; x_wconf 90' lang='lat' dir='ltr'>audire,</span> <span class='ocrx_word' id='word_1_450' title='bbox 260 3159 374 3215; x_wconf 83' lang='lat' dir='ltr'>excitati</span> <span class='ocrx_word' id='word_1_451' title='bbox 384 3156 588 3213; x_wconf 86' lang='lat' dir='ltr'>annuntiarunt</span> <span class='ocrx_word' id='word_1_452' title='bbox 602 3155 635 3209; x_wconf 90' lang='lat' dir='ltr'>iis</span> <span class='ocrx_word' id='word_1_453' title='bbox 643 3154 691 3226; x_wconf 91' lang='lat' dir='ltr'>qui</span> <span class='ocrx_word' id='word_1_454' title='bbox 701 3170 766 3209; x_wconf 86' lang='lat' dir='ltr'>eum</span> <span class='ocrx_word' id='word_1_455' title='bbox 777 3152 816 3208; x_wconf 90' lang='lat' dir='ltr'>eis</span> <span class='ocrx_word' id='word_1_456' title='bbox 826 3168 938 3208; x_wconf 79' lang='lat' dir='ltr'>conver·</span> <span class='ocrx_word' id='word_1_457' title='bbox 978 3157 1230 3226; x_wconf 86' lang='lat' dir='ltr'>sequeretur.Cum</span> <span class='ocrx_word' id='word_1_458' title='bbox 1236 3158 1296 3230; x_wconf 88' lang='lat' dir='ltr'>ipse</span> <span class='ocrx_word' id='word_1_459' title='bbox 1302 3165 1397 3216; x_wconf 89' lang='lat' dir='ltr'>autem</span> <span class='ocrx_word' id='word_1_460' title='bbox 1405 3161 1683 3228; x_wconf 89' lang='lat' dir='ltr'>orasset,eidabatur</span> <span class='ocrx_word' id='word_1_461' title='bbox 1689 3167 1782 3238; x_wconf 87' lang='lat' dir='ltr'>gratia</span> 
     </span>
     <span class='ocr_line' id='line_1_34' title="bbox 78 3241 1782 3318; baseline 0.001 -9"><span class='ocrx_word' id='word_1_462' title='bbox 78 3244 93 3266; x_wconf 75' lang='lat'><strong>⁹</strong></span> <span class='ocrx_word' id='word_1_463' title='bbox 140 3251 286 3308; x_wconf 87' lang='lat' dir='ltr'>sabautur.</span> <span class='ocrx_word' id='word_1_464' title='bbox 297 3249 402 3305; x_wconf 89' lang='lat' dir='ltr'>Omnes</span> <span class='ocrx_word' id='word_1_465' title='bbox 416 3251 511 3302; x_wconf 84' lang='lat' dir='ltr'>autam</span> <span class='ocrx_word' id='word_1_466' title='bbox 527 3245 648 3302; x_wconf 85' lang='lat' dir='ltr'>maxima</span> <span class='ocrx_word' id='word_1_467' title='bbox 664 3242 766 3298; x_wconf 88' lang='lat' dir='ltr'>invasit</span> <span class='ocrx_word' id='word_1_468' title='bbox 775 3241 935 3309; x_wconf 87' lang='lat' dir='ltr'>admiratio,</span> <span class='ocrx_word' id='word_1_469' title='bbox 977 3242 1782 3318; x_wconf 83' lang='lat' dir='ltr'>humilitatisetmansuetudinis,adeoutmIrarenturom·</span> 
     </span>
     <span class='ocr_line' id='line_1_35' title="bbox 141 3330 1781 3416; baseline -0.004 -20"><span class='ocrx_word' id='word_1_470' title='bbox 141 3344 266 3412; x_wconf 88' lang='lat' dir='ltr'>utrisque</span> <span class='ocrx_word' id='word_1_471' title='bbox 276 3354 362 3393; x_wconf 89' lang='lat' dir='ltr'>unam</span> <span class='ocrx_word' id='word_1_472' title='bbox 375 3334 555 3391; x_wconf 88' lang='lat' dir='ltr'>narrantibus</span> <span class='ocrx_word' id='word_1_473' title='bbox 565 3334 710 3388; x_wconf 84' lang='lat' dir='ltr'>visionem.</span> <span class='ocrx_word' id='word_1_474' title='bbox 722 3330 938 3387; x_wconf 87' lang='lat' dir='ltr'>Permansitau-</span> <span class='ocrx_word' id='word_1_475' title='bbox 977 3351 1027 3389; x_wconf 87' lang='lat' dir='ltr'>nes</span> <span class='ocrx_word' id='word_1_476' title='bbox 1038 3351 1103 3390; x_wconf 89' lang='lat' dir='ltr'>eum</span> <span class='ocrx_word' id='word_1_477' title='bbox 1113 3352 1174 3392; x_wconf 89' lang='lat' dir='ltr'>esse</span> <span class='ocrx_word' id='word_1_478' title='bbox 1182 3343 1241 3392; x_wconf 87' lang='lat' dir='ltr'>tam</span> <span class='ocrx_word' id='word_1_479' title='bbox 1252 3341 1610 3398; x_wconf 79' lang='lat' dir='ltr'>mansuetumflasautem</span> <span class='ocrx_word' id='word_1_480' title='bbox 1620 3346 1685 3416; x_wconf 88' lang='lat' dir='ltr'>ejus</span> <span class='ocrx_word' id='word_1_481' title='bbox 1695 3345 1781 3402; x_wconf 69' lang='lat' dir='ltr'>virtu.</span> 
     </span>
     <span class='ocr_line' id='line_1_36' title="bbox 139 3419 1781 3503; baseline 0.002 -19"><span class='ocrx_word' id='word_1_482' title='bbox 139 3435 198 3484; x_wconf 87' lang='lat' dir='ltr'>tem</span> <span class='ocrx_word' id='word_1_483' title='bbox 221 3444 285 3483; x_wconf 89' lang='lat' dir='ltr'>rum</span> <span class='ocrx_word' id='word_1_484' title='bbox 303 3423 542 3490; x_wconf 87' lang='lat' dir='ltr'>exercitatoribus,</span> <span class='ocrx_word' id='word_1_485' title='bbox 561 3421 648 3494; x_wconf 92' lang='lat' dir='ltr'>isqui</span> <span class='ocrx_word' id='word_1_486' title='bbox 668 3437 725 3476; x_wconf 93' lang='lat' dir='ltr'>non</span> <span class='ocrx_word' id='word_1_487' title='bbox 739 3426 801 3476; x_wconf 88' lang='lat' dir='ltr'>erat</span> <span class='ocrx_word' id='word_1_488' title='bbox 815 3419 937 3491; x_wconf 88' lang='lat' dir='ltr'>amplius</span> <span class='ocrx_word' id='word_1_489' title='bbox 977 3429 1020 3480; x_wconf 85' lang='lat' dir='ltr'>tes</span> <span class='ocrx_word' id='word_1_490' title='bbox 1033 3431 1187 3481; x_wconf 88' lang='lat' dir='ltr'>narrarunt</span> <span class='ocrx_word' id='word_1_491' title='bbox 1200 3426 1281 3483; x_wconf 91' lang='lat' dir='ltr'>nobis</span> <span class='ocrx_word' id='word_1_492' title='bbox 1290 3428 1340 3500; x_wconf 90' lang='lat' dir='ltr'>qui</span> <span class='ocrx_word' id='word_1_493' title='bbox 1349 3429 1479 3502; x_wconf 86' lang='lat' dir='ltr'>cumipse</span> <span class='ocrx_word' id='word_1_494' title='bbox 1498 3432 1707 3503; x_wconf 82' lang='lat' dir='ltr'>erautsrutres,</span> <span class='ocrx_word' id='word_1_495' title='bbox 1723 3436 1781 3491; x_wconf 82' lang='lat' dir='ltr'>hrec</span> 
     </span>
     <span class='ocr_line' id='line_1_37' title="bbox 138 3509 1554 3587; baseline -0.015 -14"><span class='ocrx_word' id='word_1_496' title='bbox 138 3517 289 3582; x_wconf 91' lang='lat' dir='ltr'>homicida,</span> <span class='ocrx_word' id='word_1_497' title='bbox 301 3513 436 3587; x_wconf 88' lang='lat' dir='ltr'>usquead</span> <span class='ocrx_word' id='word_1_498' title='bbox 447 3517 566 3568; x_wconf 88' lang='lat' dir='ltr'>mortem</span> <span class='ocrx_word' id='word_1_499' title='bbox 587 3510 672 3565; x_wconf 81' lang='lat' dir='ltr'>vitam</span> <span class='ocrx_word' id='word_1_500' title='bbox 688 3525 768 3565; x_wconf 87' lang='lat' dir='ltr'>suam</span> <span class='ocrx_word' id='word_1_501' title='bbox 781 3509 935 3580; x_wconf 88' lang='lat' dir='ltr'>corrigens,</span> <span class='ocrx_word' id='word_1_502' title='bbox 978 3513 1075 3570; x_wconf 75' lang='lat' dir='ltr'>multis</span> <span class='ocrx_word' id='word_1_503' title='bbox 1085 3517 1401 3587; x_wconf 55' lang='lat' dir='ltr'>quoqueattgsgflngbus</span> <span class='ocrx_word' id='word_1_504' title='bbox 1411 3519 1554 3576; x_wconf 47' lang='lat' dir='ltr'><strong>fratribus·</strong></span> 
     </span>
     <span class='ocr_line' id='line_1_38' title="bbox 138 3601 1776 3682; baseline 0.005 -20"><span class='ocrx_word' id='word_1_505' title='bbox 138 3623 172 3662; x_wconf 88' lang='lat' dir='ltr'>ex</span> <span class='ocrx_word' id='word_1_506' title='bbox 185 3605 287 3678; x_wconf 90' lang='lat' dir='ltr'>lupoin</span> <span class='ocrx_word' id='word_1_507' title='bbox 298 3603 452 3676; x_wconf 86' lang='lat' dir='ltr'>simplicem</span> <span class='ocrx_word' id='word_1_508' title='bbox 463 3606 491 3656; x_wconf 91' lang='lat' dir='ltr'>et</span> <span class='ocrx_word' id='word_1_509' title='bbox 498 3601 677 3655; x_wconf 88' lang='lat' dir='ltr'>innocentem</span> <span class='ocrx_word' id='word_1_510' title='bbox 685 3615 789 3668; x_wconf 81' lang='lat' dir='ltr'>agnum</span> <span class='ocrx_word' id='word_1_511' title='bbox 798 3603 933 3653; x_wconf 87' lang='lat' dir='ltr'>mutatus.</span> <span class='ocrx_word' id='word_1_512' title='bbox 1014 3602 1125 3659; x_wconf 87' lang='lat' dir='ltr'>Etenhn</span> <span class='ocrx_word' id='word_1_513' title='bbox 1140 3622 1205 3662; x_wconf 88' lang='lat' dir='ltr'>cum</span> <span class='ocrx_word' id='word_1_514' title='bbox 1218 3622 1276 3662; x_wconf 89' lang='lat' dir='ltr'>non</span> <span class='ocrx_word' id='word_1_515' title='bbox 1289 3607 1380 3662; x_wconf 87' lang='lat' dir='ltr'>multo</span> <span class='ocrx_word' id='word_1_516' title='bbox 1386 3612 1453 3663; x_wconf 90' lang='lat' dir='ltr'>ante</span> <span class='ocrx_word' id='word_1_517' title='bbox 1466 3614 1596 3682; x_wconf 89' lang='lat' dir='ltr'>tempore</span> <span class='ocrx_word' id='word_1_518' title='bbox 1611 3613 1713 3671; x_wconf 88' lang='lat' dir='ltr'>suisset</span> <span class='ocrx_word' id='word_1_519' title='bbox 1726 3615 1776 3672; x_wconf 87' lang='lat' dir='ltr'>ali·</span> 
     </span>
     <span class='ocr_line' id='line_1_39' title="bbox 137 3686 1776 3769; baseline 0.002 -17"><span class='ocrx_word' id='word_1_520' title='bbox 137 3697 171 3753; x_wconf 91' lang='lat' dir='ltr'>In</span> <span class='ocrx_word' id='word_1_521' title='bbox 185 3712 218 3750; x_wconf 92' lang='lat' dir='ltr'>eo</span> <span class='ocrx_word' id='word_1_522' title='bbox 233 3709 344 3767; x_wconf 88' lang='lat' dir='ltr'>quaqua</span> <span class='ocrx_word' id='word_1_523' title='bbox 353 3692 469 3762; x_wconf 82' lang='lat' dir='ltr'>Impleta</span> <span class='ocrx_word' id='word_1_524' title='bbox 484 3694 527 3744; x_wconf 87' lang='lat' dir='ltr'>est</span> <span class='ocrx_word' id='word_1_525' title='bbox 535 3689 614 3744; x_wconf 69' lang='lat' dir='ltr'>Isaiae</span> <span class='ocrx_word' id='word_1_526' title='bbox 628 3686 776 3759; x_wconf 85' lang='lat' dir='ltr'>prophetia</span> <span class='ocrx_word' id='word_1_527' title='bbox 797 3687 915 3742; x_wconf 88' lang='lat' dir='ltr'>dicentis</span> <span class='ocrx_word' id='word_1_528' title='bbox 927 3705 933 3740; x_wconf 78' lang='grc' dir='ltr'>ε</span> <span class='ocrx_word' id='word_1_529' title='bbox 977 3693 1089 3764; x_wconf 90' lang='lat' dir='ltr'>quanda</span> <span class='ocrx_word' id='word_1_530' title='bbox 1101 3693 1190 3749; x_wconf 73' lang='lat' dir='ltr'>sanies</span> <span class='ocrx_word' id='word_1_531' title='bbox 1200 3693 1231 3749; x_wconf 93' lang='lat' dir='ltr'>in</span> <span class='ocrx_word' id='word_1_532' title='bbox 1242 3695 1393 3765; x_wconf 82' lang='lat' dir='ltr'>Thebaide,</span> <span class='ocrx_word' id='word_1_533' title='bbox 1407 3697 1456 3769; x_wconf 88' lang='lat' dir='ltr'>qui</span> <span class='ocrx_word' id='word_1_534' title='bbox 1471 3705 1611 3756; x_wconf 85' lang='lat' dir='ltr'>autemea</span> <span class='ocrx_word' id='word_1_535' title='bbox 1623 3702 1688 3759; x_wconf 84' lang='lat' dir='ltr'>loca</span> <span class='ocrx_word' id='word_1_536' title='bbox 1699 3721 1776 3761; x_wconf 84' lang='lat' dir='ltr'>acca·</span> 
     </span>
     <span class='ocr_line' id='line_1_40' title="bbox 138 3774 1775 3863; baseline 0.001 -23"><span class='ocrx_word' id='word_1_537' title='bbox 138 3784 209 3856; x_wconf 91' lang='lat' dir='ltr'>Lupi</span> <span class='ocrx_word' id='word_1_538' title='bbox 221 3789 250 3837; x_wconf 88' lang='lat' dir='ltr'>et</span> <span class='ocrx_word' id='word_1_539' title='bbox 263 3781 328 3853; x_wconf 89' lang='lat' dir='ltr'>agni</span> <span class='ocrx_word' id='word_1_540' title='bbox 344 3780 429 3836; x_wconf 89' lang='lat' dir='ltr'>simul</span> <span class='ocrx_word' id='word_1_541' title='bbox 442 3782 603 3850; x_wconf 90' lang='lat' dir='ltr'>pascentur,</span> <span class='ocrx_word' id='word_1_542' title='bbox 624 3782 653 3831; x_wconf 93' lang='lat' dir='ltr'>et</span> <span class='ocrx_word' id='word_1_543' title='bbox 667 3777 709 3830; x_wconf 90' lang='lat' dir='ltr'>leo</span> <span class='ocrx_word' id='word_1_544' title='bbox 734 3782 762 3831; x_wconf 90' lang='lat' dir='ltr'>et</span> <span class='ocrx_word' id='word_1_545' title='bbox 779 3774 830 3830; x_wconf 88' lang='lat' dir='ltr'>bos</span> <span class='ocrx_word' id='word_1_546' title='bbox 851 3775 936 3831; x_wconf 90' lang='lat' dir='ltr'>simul</span> <span class='ocrx_word' id='word_1_547' title='bbox 976 3779 1073 3836; x_wconf 84' lang='lat' dir='ltr'>lebant</span> <span class='ocrx_word' id='word_1_548' title='bbox 1085 3783 1335 3854; x_wconf 87' lang='lat' dir='ltr'>populiaudissent</span> <span class='ocrx_word' id='word_1_549' title='bbox 1347 3787 1422 3857; x_wconf 88' lang='lat' dir='ltr'>quod</span> <span class='ocrx_word' id='word_1_550' title='bbox 1436 3787 1485 3859; x_wconf 91' lang='lat' dir='ltr'>qui</span> <span class='ocrx_word' id='word_1_551' title='bbox 1508 3794 1592 3844; x_wconf 91' lang='lat' dir='ltr'>erant</span> <span class='ocrx_word' id='word_1_552' title='bbox 1612 3792 1690 3863; x_wconf 91' lang='lat' dir='ltr'>apud</span> <span class='ocrx_word' id='word_1_553' title='bbox 1713 3809 1775 3848; x_wconf 83' lang='lat' dir='ltr'>eum</span> 
     </span>
     <span class='ocr_line' id='line_1_41' title="bbox 137 3863 1774 3953; baseline 0.001 -24"><span class='ocrx_word' id='word_1_554' title='bbox 137 3870 385 3942; x_wconf 86' lang='lat' dir='ltr'>comedentpaleas</span> <span class='ocrx_word' id='word_1_555' title='bbox 400 3869 488 3935; x_wconf 75' lang='lat' dir='ltr'>(Irata</span> <span class='ocrx_word' id='word_1_556' title='bbox 501 3870 578 3934; x_wconf 79' lang='lat' dir='ltr'>axv).</span> <span class='ocrx_word' id='word_1_557' title='bbox 588 3863 702 3920; x_wconf 90' lang='lat' dir='ltr'>Licebat</span> <span class='ocrx_word' id='word_1_558' title='bbox 711 3864 849 3947; x_wconf 80' lang='lat' dir='ltr'>enimillie</span> <span class='ocrx_word' id='word_1_559' title='bbox 864 3882 934 3936; x_wconf 88' lang='lat' dir='ltr'>quo·</span> <span class='ocrx_word' id='word_1_560' title='bbox 975 3871 1105 3924; x_wconf 86' lang='lat' dir='ltr'>monachi</span> <span class='ocrx_word' id='word_1_561' title='bbox 1112 3877 1216 3944; x_wconf 73' lang='lat' dir='ltr'>praeter</span> <span class='ocrx_word' id='word_1_562' title='bbox 1229 3889 1307 3945; x_wconf 91' lang='lat' dir='ltr'>spem</span> <span class='ocrx_word' id='word_1_563' title='bbox 1315 3890 1426 3930; x_wconf 88' lang='lat' dir='ltr'>omnem</span> <span class='ocrx_word' id='word_1_564' title='bbox 1436 3881 1465 3930; x_wconf 89' lang='lat' dir='ltr'>et</span> <span class='ocrx_word' id='word_1_565' title='bbox 1474 3876 1640 3948; x_wconf 89' lang='lat' dir='ltr'>opinionem</span> <span class='ocrx_word' id='word_1_566' title='bbox 1651 3881 1774 3953; x_wconf 81' lang='lat' dir='ltr'>quotidie</span> 
     </span>
     <span class='ocr_line' id='line_1_42' title="bbox 136 3953 1775 4036; baseline 0.001 -19"><span class='ocrx_word' id='word_1_567' title='bbox 136 3976 192 4034; x_wconf 88' lang='lat' dir='ltr'>que</span> <span class='ocrx_word' id='word_1_568' title='bbox 206 3960 300 4015; x_wconf 80' lang='lat' dir='ltr'>ridere</span> <span class='ocrx_word' id='word_1_569' title='bbox 309 3957 454 4028; x_wconf 85' lang='lat' dir='ltr'>AEthiopes</span> <span class='ocrx_word' id='word_1_570' title='bbox 468 3971 532 4010; x_wconf 92' lang='lat' dir='ltr'>curn</span> <span class='ocrx_word' id='word_1_571' title='bbox 547 3953 691 4008; x_wconf 88' lang='lat' dir='ltr'>monacbis</span> <span class='ocrx_word' id='word_1_572' title='bbox 712 3970 741 4008; x_wconf 85' lang='lat' dir='ltr'>se</span> <span class='ocrx_word' id='word_1_573' title='bbox 760 3959 929 4022; x_wconf 79' lang='lat' dir='ltr'>crementes,</span> <span class='ocrx_word' id='word_1_574' title='bbox 972 3958 1128 4026; x_wconf 87' lang='lat' dir='ltr'>alerentur,</span> <span class='ocrx_word' id='word_1_575' title='bbox 1142 3976 1199 4016; x_wconf 90' lang='lat' dir='ltr'>uno</span> <span class='ocrx_word' id='word_1_576' title='bbox 1213 3961 1307 4016; x_wconf 89' lang='lat' dir='ltr'>animo</span> <span class='ocrx_word' id='word_1_577' title='bbox 1321 3963 1397 4035; x_wconf 90' lang='lat' dir='ltr'>apud</span> <span class='ocrx_word' id='word_1_578' title='bbox 1410 3963 1503 4036; x_wconf 91' lang='lat' dir='ltr'>ipsum</span> <span class='ocrx_word' id='word_1_579' title='bbox 1519 3974 1701 4024; x_wconf 78' lang='lat' dir='ltr'>accesserant</span> <span class='ocrx_word' id='word_1_580' title='bbox 1713 3985 1775 4024; x_wconf 83' lang='lat' dir='ltr'>cum</span> 
     </span>
     <span class='ocr_line' id='line_1_43' title="bbox 136 4042 1770 4128; baseline 0.002 -19"><span class='ocrx_word' id='word_1_581' title='bbox 136 4058 165 4107; x_wconf 86' lang='lat' dir='ltr'>et</span> <span class='ocrx_word' id='word_1_582' title='bbox 181 4050 283 4106; x_wconf 87' lang='lat' dir='ltr'>multos</span> <span class='ocrx_word' id='word_1_583' title='bbox 296 4044 447 4102; x_wconf 80' lang='lat' dir='ltr'>virtutibus</span> <span class='ocrx_word' id='word_1_584' title='bbox 468 4048 643 4116; x_wconf 82' lang='lat' dir='ltr'>superantes.</span> <span class='ocrx_word' id='word_1_585' title='bbox 660 4048 688 4098; x_wconf 88' lang='lat' dir='ltr'>et</span> <span class='ocrx_word' id='word_1_586' title='bbox 712 4042 885 4115; x_wconf 89' lang='lat' dir='ltr'>Scripturarn</span> <span class='ocrx_word' id='word_1_587' title='bbox 900 4043 931 4097; x_wconf 89' lang='lat' dir='ltr'>in</span> <span class='ocrx_word' id='word_1_588' title='bbox 970 4045 1104 4103; x_wconf 84' lang='lat' dir='ltr'>uxoribus</span> <span class='ocrx_word' id='word_1_589' title='bbox 1116 4055 1145 4105; x_wconf 91' lang='lat' dir='ltr'>et</span> <span class='ocrx_word' id='word_1_590' title='bbox 1158 4049 1263 4117; x_wconf 90' lang='lat' dir='ltr'>liberis,</span> <span class='ocrx_word' id='word_1_591' title='bbox 1272 4050 1356 4106; x_wconf 81' lang='lat' dir='ltr'>slmul</span> <span class='ocrx_word' id='word_1_592' title='bbox 1364 4051 1588 4110; x_wconf 89' lang='lat' dir='ltr'>benedictionem</span> <span class='ocrx_word' id='word_1_593' title='bbox 1603 4063 1770 4128; x_wconf 74' lang='lat' dir='ltr'>peteutaset</span> 
     </span>
     <span class='ocr_line' id='line_1_44' title="bbox 135 4132 1770 4212; baseline -0.005 -15"><span class='ocrx_word' id='word_1_594' title='bbox 135 4141 176 4197; x_wconf 92' lang='lat' dir='ltr'>eis</span> <span class='ocrx_word' id='word_1_595' title='bbox 182 4140 338 4212; x_wconf 87' lang='lat' dir='ltr'>impletam,</span> <span class='ocrx_word' id='word_1_596' title='bbox 349 4133 497 4208; x_wconf 82' lang='lat' dir='ltr'>quaedicit:</span> <span class='ocrx_word' id='word_1_597' title='bbox 508 4132 653 4205; x_wconf 89' lang='lat' dir='ltr'>AEtbiopia</span> <span class='ocrx_word' id='word_1_598' title='bbox 659 4132 930 4205; x_wconf 74' lang='lat' dir='ltr'>praevenietmanum</span> <span class='ocrx_word' id='word_1_599' title='bbox 971 4136 1146 4193; x_wconf 89' lang='lat' dir='ltr'>alimentum.</span> <span class='ocrx_word' id='word_1_600' title='bbox 1162 4138 1189 4194; x_wconf 91' lang='lat' dir='ltr'>Is</span> <span class='ocrx_word' id='word_1_601' title='bbox 1202 4144 1298 4195; x_wconf 90' lang='lat' dir='ltr'>autem</span> <span class='ocrx_word' id='word_1_602' title='bbox 1313 4140 1384 4195; x_wconf 90' lang='lat' dir='ltr'>nihil</span> <span class='ocrx_word' id='word_1_603' title='bbox 1397 4142 1512 4210; x_wconf 81' lang='lat' dir='ltr'>veritus,</span> <span class='ocrx_word' id='word_1_604' title='bbox 1527 4159 1564 4198; x_wconf 89' lang='lat' dir='ltr'>ne</span> <span class='ocrx_word' id='word_1_605' title='bbox 1577 4143 1659 4201; x_wconf 90' lang='lat' dir='ltr'>cibus</span> <span class='ocrx_word' id='word_1_606' title='bbox 1677 4146 1705 4202; x_wconf 90' lang='lat' dir='ltr'>ei</span> <span class='ocrx_word' id='word_1_607' title='bbox 1719 4147 1770 4203; x_wconf 88' lang='lat' dir='ltr'>ali.</span> 
     </span>
     <span class='ocr_line' id='line_1_45' title="bbox 135 4223 1769 4303; baseline -0.006 0"><span class='ocrx_word' id='word_1_608' title='bbox 135 4231 196 4303; x_wconf 71' lang='lat' dir='ltr'>‘Ius</span> <span class='ocrx_word' id='word_1_609' title='bbox 210 4228 268 4284; x_wconf 69' lang='lat'>⁰0⁰</span> <span class='ocrx_word' id='word_1_610' title='bbox 284 4228 365 4297; x_wconf 52' lang='grc' dir='ltr'>(ΡΜ</span> <span class='ocrx_word' id='word_1_611' title='bbox 380 4223 476 4292; x_wconf 80' lang='lat' dir='ltr'>nami).</span> <span class='ocrx_word' id='word_1_612' title='bbox 971 4227 1209 4296; x_wconf 90' lang='lat' dir='ltr'>quandodeesset,</span> <span class='ocrx_word' id='word_1_613' title='bbox 1220 4227 1306 4285; x_wconf 90' lang='lat' dir='ltr'>dabat</span> <span class='ocrx_word' id='word_1_614' title='bbox 1319 4229 1449 4287; x_wconf 82' lang='lat' dir='ltr'>omnibus</span> <span class='ocrx_word' id='word_1_615' title='bbox 1458 4231 1646 4302; x_wconf 88' lang='lat' dir='ltr'>venientibus,</span> <span class='ocrx_word' id='word_1_616' title='bbox 1660 4235 1769 4293; x_wconf 87' lang='lat' dir='ltr'>unicui·</span> 
     </span>
     <span class='ocr_line' id='line_1_46' title="bbox 169 4309 1768 4390; baseline -0.014 -17"><span class='ocrx_word' id='word_1_617' title='bbox 169 4315 327 4390; x_wconf 86' lang='lat' dir='ltr'>Aliquando</span> <span class='ocrx_word' id='word_1_618' title='bbox 341 4319 436 4370; x_wconf 90' lang='lat' dir='ltr'>autem</span> <span class='ocrx_word' id='word_1_619' title='bbox 456 4311 638 4368; x_wconf 85' lang='lat' dir='ltr'>decertabant</span> <span class='ocrx_word' id='word_1_620' title='bbox 657 4310 776 4383; x_wconf 82' lang='lat' dir='ltr'>gentiles</span> <span class='ocrx_word' id='word_1_621' title='bbox 796 4309 929 4365; x_wconf 81' lang='lat' dir='ltr'>adversus</span> <span class='ocrx_word' id='word_1_622' title='bbox 970 4330 1024 4386; x_wconf 74' lang='lat' dir='ltr'>que</span> <span class='ocrx_word' id='word_1_623' title='bbox 1039 4316 1156 4386; x_wconf 67' lang='lat' dir='ltr'>quodi„</span> <span class='ocrx_word' id='word_1_624' title='bbox 1171 4317 1246 4374; x_wconf 60' lang='lat' dir='ltr'>diem</span> <span class='ocrx_word' id='word_1_625' title='bbox 1260 4319 1410 4376; x_wconf 51' lang='lat' dir='ltr'>sufficeret,</span> <span class='ocrx_word' id='word_1_626' title='bbox 1426 4321 1542 4377; x_wconf 59' lang='lat' dir='ltr'><strong>Relictis</strong></span> <span class='ocrx_word' id='word_1_627' title='bbox 1565 4329 1666 4380; x_wconf 57' lang='lat' dir='ltr'>,utem</span> <span class='ocrx_word' id='word_1_628' title='bbox 1680 4325 1768 4382; x_wconf 51' lang='lat' dir='ltr'>„ihm</span> 
     </span>
     <span class='ocr_line' id='line_1_47' title="bbox 134 4390 1768 4482; baseline -0.004 -19"><span class='ocrx_word' id='word_1_629' title='bbox 134 4407 309 4464; x_wconf 87' lang='lat' dir='ltr'>Christianos</span> <span class='ocrx_word' id='word_1_630' title='bbox 321 4403 440 4460; x_wconf 86' lang='lat' dir='ltr'>rusticos</span> <span class='ocrx_word' id='word_1_631' title='bbox 459 4418 511 4475; x_wconf 85' lang='lat' dir='ltr'>pro</span> <span class='ocrx_word' id='word_1_632' title='bbox 526 4402 585 4456; x_wconf 91' lang='lat' dir='ltr'>suis</span> <span class='ocrx_word' id='word_1_633' title='bbox 607 4400 727 4455; x_wconf 84' lang='lat' dir='ltr'>linibus:</span> <span class='ocrx_word' id='word_1_634' title='bbox 754 4404 816 4454; x_wconf 88' lang='lat' dir='ltr'>erat</span> <span class='ocrx_word' id='word_1_635' title='bbox 833 4390 1037 4458; x_wconf 85' lang='lat' dir='ltr'>autemDsolis</span> <span class='ocrx_word' id='word_1_636' title='bbox 1055 4407 1166 4477; x_wconf 71' lang='lat' dir='ltr'>magnis</span> <span class='ocrx_word' id='word_1_637' title='bbox 1178 4408 1281 4480; x_wconf 62' lang='lat' dir='ltr'>sportis</span> <span class='ocrx_word' id='word_1_638' title='bbox 1294 4426 1359 4465; x_wconf 67' lang='lat' dir='ltr'>cum</span> <span class='ocrx_word' id='word_1_639' title='bbox 1372 4407 1501 4482; x_wconf 69' lang='lat' dir='ltr'>panibus,</span> <span class='ocrx_word' id='word_1_640' title='bbox 1519 4417 1548 4467; x_wconf 60' lang='lat' dir='ltr'>et</span> <span class='ocrx_word' id='word_1_641' title='bbox 1566 4411 1643 4469; x_wconf 62' lang='lat' dir='ltr'>same</span> <span class='ocrx_word' id='word_1_642' title='bbox 1660 4412 1768 4471; x_wconf 52' lang='lat' dir='ltr'>insule.</span> 
     </span>
     <span class='ocr_line' id='line_1_48' title="bbox 135 4488 1766 4577; baseline -0.001 -23"><span class='ocrx_word' id='word_1_643' title='bbox 135 4495 481 4565; x_wconf 85' lang='lat' dir='ltr'>multitudoutmrumque</span> <span class='ocrx_word' id='word_1_644' title='bbox 500 4496 684 4552; x_wconf 85' lang='lat' dir='ltr'>armatorum.</span> <span class='ocrx_word' id='word_1_645' title='bbox 711 4488 812 4561; x_wconf 87' lang='lat' dir='ltr'>quibus</span> <span class='ocrx_word' id='word_1_646' title='bbox 839 4488 930 4544; x_wconf 80' lang='lat' dir='ltr'>asntn</span> <span class='ocrx_word' id='word_1_647' title='bbox 970 4501 1075 4562; x_wconf 87' lang='lat' dir='ltr'>scente,</span> <span class='ocrx_word' id='word_1_648' title='bbox 1088 4495 1170 4566; x_wconf 90' lang='lat' dir='ltr'>jubet</span> <span class='ocrx_word' id='word_1_649' title='bbox 1180 4504 1290 4570; x_wconf 89' lang='lat' dir='ltr'>sportas</span> <span class='ocrx_word' id='word_1_650' title='bbox 1301 4498 1396 4555; x_wconf 81' lang='lat' dir='ltr'>afferri</span> <span class='ocrx_word' id='word_1_651' title='bbox 1408 4499 1439 4554; x_wconf 89' lang='lat' dir='ltr'>ia</span> <span class='ocrx_word' id='word_1_652' title='bbox 1451 4500 1588 4571; x_wconf 90' lang='lat' dir='ltr'>medium,</span> <span class='ocrx_word' id='word_1_653' title='bbox 1615 4519 1688 4575; x_wconf 83' lang='lat' dir='ltr'>quas</span> <span class='ocrx_word' id='word_1_654' title='bbox 1709 4505 1766 4577; x_wconf 76' lang='lat' dir='ltr'>ipso</span> 
     </span>
     <span class='ocr_line' id='line_1_49' title="bbox 133 4577 1767 4659; baseline -0.004 -17"><span class='ocrx_word' id='word_1_655' title='bbox 133 4586 232 4659; x_wconf 84' lang='lat' dir='ltr'>Apollo</span> <span class='ocrx_word' id='word_1_656' title='bbox 246 4598 343 4655; x_wconf 89' lang='lat' dir='ltr'>pacem</span> <span class='ocrx_word' id='word_1_657' title='bbox 351 4583 480 4637; x_wconf 88' lang='lat' dir='ltr'>intereos</span> <span class='ocrx_word' id='word_1_658' title='bbox 494 4578 655 4635; x_wconf 86' lang='lat' dir='ltr'>concilians.</span> <span class='ocrx_word' id='word_1_659' title='bbox 671 4577 704 4633; x_wconf 84' lang='lat' dir='ltr'>Ei</span> <span class='ocrx_word' id='word_1_660' title='bbox 714 4583 809 4632; x_wconf 89' lang='lat' dir='ltr'>autem</span> <span class='ocrx_word' id='word_1_661' title='bbox 824 4577 929 4632; x_wconf 86' lang='lat' dir='ltr'>restitit</span> <span class='ocrx_word' id='word_1_662' title='bbox 969 4582 1015 4638; x_wconf 85' lang='lat' dir='ltr'>die</span> <span class='ocrx_word' id='word_1_663' title='bbox 1030 4588 1115 4640; x_wconf 87' lang='lat' dir='ltr'>erant</span> <span class='ocrx_word' id='word_1_664' title='bbox 1125 4586 1201 4641; x_wconf 88' lang='lat' dir='ltr'>esuri</span> <span class='ocrx_word' id='word_1_665' title='bbox 1217 4588 1364 4656; x_wconf 89' lang='lat' dir='ltr'>monachi;</span> <span class='ocrx_word' id='word_1_666' title='bbox 1381 4592 1411 4643; x_wconf 89' lang='lat' dir='ltr'>et</span> <span class='ocrx_word' id='word_1_667' title='bbox 1428 4587 1610 4647; x_wconf 80' lang='lat' dir='ltr'>audientibus</span> <span class='ocrx_word' id='word_1_668' title='bbox 1637 4592 1767 4650; x_wconf 64' lang='lat' dir='ltr'>omnibus</span> 
     </span>
     <span class='ocr_line' id='line_1_50' title="bbox 133 4665 1764 4752; baseline -0.001 -20"><span class='ocrx_word' id='word_1_669' title='bbox 133 4675 282 4748; x_wconf 78' lang='lat' dir='ltr'>gentilium</span> <span class='ocrx_word' id='word_1_670' title='bbox 295 4672 323 4727; x_wconf 92' lang='lat' dir='ltr'>in</span> <span class='ocrx_word' id='word_1_671' title='bbox 337 4686 433 4744; x_wconf 88' lang='lat' dir='ltr'>pugna</span> <span class='ocrx_word' id='word_1_672' title='bbox 444 4668 654 4739; x_wconf 84' lang='lat' dir='ltr'>antesignanus,</span> <span class='ocrx_word' id='word_1_673' title='bbox 678 4665 726 4738; x_wconf 91' lang='lat' dir='ltr'>qui</span> <span class='ocrx_word' id='word_1_674' title='bbox 741 4672 802 4720; x_wconf 88' lang='lat' dir='ltr'>erat</span> <span class='ocrx_word' id='word_1_675' title='bbox 815 4665 929 4738; x_wconf 80' lang='lat' dir='ltr'>virgra·</span> <span class='ocrx_word' id='word_1_676' title='bbox 969 4671 1103 4729; x_wconf 82' lang='lat' dir='ltr'>fratribus</span> <span class='ocrx_word' id='word_1_677' title='bbox 1118 4680 1147 4729; x_wconf 87' lang='lat' dir='ltr'>et</span> <span class='ocrx_word' id='word_1_678' title='bbox 1161 4675 1256 4747; x_wconf 91' lang='lat' dir='ltr'>populi</span> <span class='ocrx_word' id='word_1_679' title='bbox 1270 4675 1460 4745; x_wconf 89' lang='lat' dir='ltr'>multitudine,</span> <span class='ocrx_word' id='word_1_680' title='bbox 1475 4677 1547 4733; x_wconf 82' lang='lat' dir='ltr'>dixit</span> <span class='ocrx_word' id='word_1_681' title='bbox 1555 4695 1663 4752; x_wconf 83' lang='lat' dir='ltr'>magna</span> <span class='ocrx_word' id='word_1_682' title='bbox 1682 4699 1764 4738; x_wconf 68' lang='lat' dir='ltr'>uoce:</span> 
     </span>
     <span class='ocr_line' id='line_1_51' title="bbox 134 4755 1767 4841; baseline 0.005 -23"><span class='ocrx_word' id='word_1_683' title='bbox 134 4763 174 4819; x_wconf 83' lang='lat' dir='ltr'>vis</span> <span class='ocrx_word' id='word_1_684' title='bbox 186 4759 588 4822; x_wconf 82' lang='lat' dir='ltr'>etsaerus;all1rmabatautem</span> <span class='ocrx_word' id='word_1_685' title='bbox 605 4755 845 4812; x_wconf 89' lang='lat' dir='ltr'>etdicebatsenon</span> <span class='ocrx_word' id='word_1_686' title='bbox 867 4773 928 4812; x_wconf 88' lang='lat' dir='ltr'>csse</span> <span class='ocrx_word' id='word_1_687' title='bbox 968 4761 1031 4818; x_wconf 85' lang='lat' dir='ltr'>Nan</span> <span class='ocrx_word' id='word_1_688' title='bbox 1046 4768 1202 4834; x_wconf 89' lang='lat' dir='ltr'>potensest</span> <span class='ocrx_word' id='word_1_689' title='bbox 1220 4780 1320 4821; x_wconf 87' lang='lat' dir='ltr'>manus</span> <span class='ocrx_word' id='word_1_690' title='bbox 1339 4765 1451 4822; x_wconf 88' lang='lat' dir='ltr'>Domini</span> <span class='ocrx_word' id='word_1_691' title='bbox 1465 4767 1524 4824; x_wconf 81' lang='lat' dir='ltr'>haec</span> <span class='ocrx_word' id='word_1_692' title='bbox 1538 4767 1682 4841; x_wconf 81' lang='lat' dir='ltr'>implere?</span> <span class='ocrx_word' id='word_1_693' title='bbox 1703 4772 1767 4829; x_wconf 82' lang='lat' dir='ltr'>Ilaer</span> 
     </span>
     <span class='ocr_line' id='line_1_52' title="bbox 133 4845 1765 4932; baseline 0.005 -25"><span class='ocrx_word' id='word_1_694' title='bbox 133 4851 265 4907; x_wconf 89' lang='lat' dir='ltr'>daturum</span> <span class='ocrx_word' id='word_1_695' title='bbox 279 4866 375 4923; x_wconf 87' lang='lat' dir='ltr'>pacem</span> <span class='ocrx_word' id='word_1_696' title='bbox 384 4864 473 4922; x_wconf 90' lang='lat' dir='ltr'>usque</span> <span class='ocrx_word' id='word_1_697' title='bbox 483 4847 519 4902; x_wconf 86' lang='lat' dir='ltr'>ad</span> <span class='ocrx_word' id='word_1_698' title='bbox 529 4852 660 4902; x_wconf 89' lang='lat' dir='ltr'>mortem.</span> <span class='ocrx_word' id='word_1_699' title='bbox 671 4847 699 4901; x_wconf 87' lang='lat' dir='ltr'>ls</span> <span class='ocrx_word' id='word_1_700' title='bbox 713 4850 808 4900; x_wconf 89' lang='lat' dir='ltr'>autem</span> <span class='ocrx_word' id='word_1_701' title='bbox 818 4846 843 4900; x_wconf 90' lang='lat' dir='ltr'>ei</span> <span class='ocrx_word' id='word_1_702' title='bbox 849 4845 924 4902; x_wconf 88' lang='lat' dir='ltr'>dicit:</span> <span class='ocrx_word' id='word_1_703' title='bbox 968 4857 1064 4905; x_wconf 87' lang='lat' dir='ltr'>autem</span> <span class='ocrx_word' id='word_1_704' title='bbox 1078 4851 1146 4907; x_wconf 90' lang='lat' dir='ltr'>dicit</span> <span class='ocrx_word' id='word_1_705' title='bbox 1154 4852 1275 4925; x_wconf 89' lang='lat' dir='ltr'>Spiritus</span> <span class='ocrx_word' id='word_1_706' title='bbox 1285 4860 1415 4911; x_wconf 70' lang='lat' dir='ltr'>saumas:</span> <span class='ocrx_word' id='word_1_707' title='bbox 1429 4857 1492 4911; x_wconf 90' lang='lat' dir='ltr'>Non</span> <span class='ocrx_word' id='word_1_708' title='bbox 1506 4857 1621 4914; x_wconf 83' lang='lat' dir='ltr'>deficiet</span> <span class='ocrx_word' id='word_1_709' title='bbox 1628 4861 1712 4932; x_wconf 87' lang='lat' dir='ltr'>panis</span> <span class='ocrx_word' id='word_1_710' title='bbox 1734 4879 1765 4916; x_wconf 84' lang='lat' dir='ltr'>ex</span> 
     </span>
     <span class='ocr_line' id='line_1_53' title="bbox 132 4934 1762 5013; baseline 0.002 -17"><span class='ocrx_word' id='word_1_711' title='bbox 132 4943 224 5012; x_wconf 80' lang='lat' dir='ltr'>Atque</span> <span class='ocrx_word' id='word_1_712' title='bbox 233 4940 302 4995; x_wconf 90' lang='lat' dir='ltr'>adeo</span> <span class='ocrx_word' id='word_1_713' title='bbox 312 4939 363 4994; x_wconf 88' lang='lat' dir='ltr'>tibi</span> <span class='ocrx_word' id='word_1_714' title='bbox 373 4937 503 5010; x_wconf 81' lang='lat' dir='ltr'>fiatquod</span> <span class='ocrx_word' id='word_1_715' title='bbox 513 4935 632 5008; x_wconf 89' lang='lat' dir='ltr'>elegisti,</span> <span class='ocrx_word' id='word_1_716' title='bbox 640 4935 734 4990; x_wconf 90' lang='lat' dir='ltr'>nullus</span> <span class='ocrx_word' id='word_1_717' title='bbox 740 4934 815 4990; x_wconf 88' lang='lat' dir='ltr'>enim</span> <span class='ocrx_word' id='word_1_718' title='bbox 823 4941 928 5007; x_wconf 83' lang='lat' dir='ltr'>praeter</span> <span class='ocrx_word' id='word_1_719' title='bbox 968 4939 1012 4996; x_wconf 90' lang='lat' dir='ltr'>his</span> <span class='ocrx_word' id='word_1_720' title='bbox 1025 4941 1138 5013; x_wconf 88' lang='lat' dir='ltr'>sportis,</span> <span class='ocrx_word' id='word_1_721' title='bbox 1150 4942 1238 4998; x_wconf 90' lang='lat' dir='ltr'>donec</span> <span class='ocrx_word' id='word_1_722' title='bbox 1252 4959 1323 4999; x_wconf 86' lang='lat' dir='ltr'>novo</span> <span class='ocrx_word' id='word_1_723' title='bbox 1336 4944 1478 5001; x_wconf 85' lang='lat' dir='ltr'>frumento</span> <span class='ocrx_word' id='word_1_724' title='bbox 1497 4945 1637 5004; x_wconf 80' lang='lat' dir='ltr'>fuerimus</span> <span class='ocrx_word' id='word_1_725' title='bbox 1659 4949 1762 5005; x_wconf 70' lang='lat' dir='ltr'>sabati.</span> 
     </span>
     <span class='ocr_line' id='line_1_54' title="bbox 132 5024 1764 5112; baseline 0.003 -27"><span class='ocrx_word' id='word_1_726' title='bbox 132 5033 161 5086; x_wconf 93' lang='lat' dir='ltr'>te</span> <span class='ocrx_word' id='word_1_727' title='bbox 175 5027 394 5083; x_wconf 80' lang='lat' dir='ltr'>occidetur.&#39;l&#39;ibi</span> <span class='ocrx_word' id='word_1_728' title='bbox 408 5031 621 5082; x_wconf 91' lang='lat' dir='ltr'>autemmortuo</span> <span class='ocrx_word' id='word_1_729' title='bbox 635 5041 692 5080; x_wconf 91' lang='lat' dir='ltr'>non</span> <span class='ocrx_word' id='word_1_730' title='bbox 707 5024 762 5079; x_wconf 88' lang='lat' dir='ltr'>erit</span> <span class='ocrx_word' id='word_1_731' title='bbox 780 5029 856 5080; x_wconf 88' lang='lat' dir='ltr'>terra</span> <span class='ocrx_word' id='word_1_732' title='bbox 880 5041 925 5080; x_wconf 88' lang='lat' dir='ltr'>se·</span> <span class='ocrx_word' id='word_1_733' title='bbox 967 5029 1189 5087; x_wconf 84' lang='lat' dir='ltr'>Etalfirmarunt</span> <span class='ocrx_word' id='word_1_734' title='bbox 1203 5033 1362 5105; x_wconf 88' lang='lat' dir='ltr'>omnesqui</span> <span class='ocrx_word' id='word_1_735' title='bbox 1380 5039 1448 5090; x_wconf 90' lang='lat' dir='ltr'>tunc</span> <span class='ocrx_word' id='word_1_736' title='bbox 1465 5034 1585 5091; x_wconf 86' lang='lat' dir='ltr'>aderaut</span> <span class='ocrx_word' id='word_1_737' title='bbox 1612 5037 1654 5093; x_wconf 88' lang='lat' dir='ltr'>eis</span> <span class='ocrx_word' id='word_1_738' title='bbox 1679 5055 1764 5112; x_wconf 78' lang='lat' dir='ltr'>panea</span> 
     </span>
     <span class='ocr_line' id='line_1_55' title="bbox 132 5114 1780 5192; baseline 0 -8"><span class='ocrx_word' id='word_1_739' title='bbox 132 5117 270 5190; x_wconf 66' lang='lat' dir='ltr'>pulcrum·</span> <span class='ocrx_word' id='word_1_740' title='bbox 284 5118 372 5181; x_wconf 63' lang='lat'>250</span> <span class='ocrx_word' id='word_1_741' title='bbox 381 5116 429 5171; x_wconf 90' lang='lat' dir='ltr'>sed</span> <span class='ocrx_word' id='word_1_742' title='bbox 441 5121 552 5171; x_wconf 84' lang='lat' dir='ltr'>ventres</span> <span class='ocrx_word' id='word_1_743' title='bbox 564 5114 687 5169; x_wconf 78' lang='lat' dir='ltr'>semrom</span> <span class='ocrx_word' id='word_1_744' title='bbox 699 5118 727 5168; x_wconf 90' lang='lat' dir='ltr'>et</span> <span class='ocrx_word' id='word_1_745' title='bbox 740 5114 883 5168; x_wconf 85' lang='lat' dir='ltr'>vulturum</span> <span class='ocrx_word' id='word_1_746' title='bbox 897 5119 925 5168; x_wconf 86' lang='lat' dir='ltr'>te</span> <span class='ocrx_word' id='word_1_747' title='bbox 965 5118 1107 5176; x_wconf 82' lang='lat' dir='ltr'>suffecisse</span> <span class='ocrx_word' id='word_1_748' title='bbox 1121 5125 1243 5192; x_wconf 89' lang='lat' dir='ltr'>quatuor</span> <span class='ocrx_word' id='word_1_749' title='bbox 1263 5138 1382 5180; x_wconf 86' lang='lat' dir='ltr'>menses.</span> <span class='ocrx_word' id='word_1_750' title='bbox 1408 5123 1543 5179; x_wconf 88' lang='lat' dir='ltr'>Similiter</span> <span class='ocrx_word' id='word_1_751' title='bbox 1564 5130 1664 5182; x_wconf 88' lang='lat' dir='ltr'>autem</span> <span class='ocrx_word' id='word_1_752' title='bbox 1684 5135 1713 5184; x_wconf 88' lang='lat' dir='ltr'>et</span> <span class='ocrx_word' id='word_1_753' title='bbox 1735 5129 1763 5184; x_wconf 90' lang='lat' dir='ltr'>in</span> <span class='ocrx_word' id='word_1_754' title='bbox 1777 5144 1780 5149; x_wconf 88' lang='lat'>·</span> 
     </span>
     <span class='ocr_line' id='line_1_56' title="bbox 112 5203 1764 5284; baseline -0.004 -19"><span class='ocrx_word' id='word_1_755' title='bbox 112 5234 115 5239; x_wconf 90' lang='lat'>·</span> <span class='ocrx_word' id='word_1_756' title='bbox 131 5206 334 5280; x_wconf 86' lang='lat' dir='ltr'>Implebuntur.</span> <span class='ocrx_word' id='word_1_757' title='bbox 349 5206 440 5276; x_wconf 83' lang='lat' dir='ltr'>Atque</span> <span class='ocrx_word' id='word_1_758' title='bbox 454 5205 524 5261; x_wconf 88' lang='lat' dir='ltr'>adea</span> <span class='ocrx_word' id='word_1_759' title='bbox 538 5204 628 5260; x_wconf 90' lang='lat' dir='ltr'>oratio</span> <span class='ocrx_word' id='word_1_760' title='bbox 651 5204 778 5258; x_wconf 83' lang='lat' dir='ltr'>ellectum</span> <span class='ocrx_word' id='word_1_761' title='bbox 797 5203 925 5274; x_wconf 89' lang='lat' dir='ltr'>protinus</span> <span class='ocrx_word' id='word_1_762' title='bbox 965 5207 1027 5262; x_wconf 89' lang='lat' dir='ltr'>oleo</span> <span class='ocrx_word' id='word_1_763' title='bbox 1040 5214 1069 5264; x_wconf 91' lang='lat' dir='ltr'>et</span> <span class='ocrx_word' id='word_1_764' title='bbox 1078 5209 1239 5280; x_wconf 85' lang='lat' dir='ltr'>trumento;</span> <span class='ocrx_word' id='word_1_765' title='bbox 1255 5210 1325 5267; x_wconf 87' lang='lat' dir='ltr'>adeo</span> <span class='ocrx_word' id='word_1_766' title='bbox 1339 5217 1372 5268; x_wconf 93' lang='lat' dir='ltr'>ut</span> <span class='ocrx_word' id='word_1_767' title='bbox 1379 5213 1487 5268; x_wconf 83' lang='lat' dir='ltr'>reniret</span> <span class='ocrx_word' id='word_1_768' title='bbox 1498 5218 1624 5284; x_wconf 87' lang='lat' dir='ltr'>satanas,</span> <span class='ocrx_word' id='word_1_769' title='bbox 1639 5224 1672 5272; x_wconf 84' lang='lat' dir='ltr'>et</span> <span class='ocrx_word' id='word_1_770' title='bbox 1684 5218 1712 5274; x_wconf 67' lang='lat' dir='ltr'>ei</span> <span class='ocrx_word' id='word_1_771' title='bbox 1725 5218 1764 5274; x_wconf 66' lang='lat' dir='ltr'>di.</span> 
     </span>
     <span class='ocr_line' id='line_1_57' title="bbox 130 5291 1762 5377; baseline -0.015 -21"><span class='ocrx_word' id='word_1_772' title='bbox 130 5304 175 5356; x_wconf 88' lang='lat' dir='ltr'>est</span> <span class='ocrx_word' id='word_1_773' title='bbox 188 5295 299 5358; x_wconf 86' lang='lat' dir='ltr'>sortita,</span> <span class='ocrx_word' id='word_1_774' title='bbox 313 5308 377 5348; x_wconf 90' lang='lat' dir='ltr'>cum</span> <span class='ocrx_word' id='word_1_775' title='bbox 392 5311 424 5349; x_wconf 86' lang='lat' dir='ltr'>ex</span> <span class='ocrx_word' id='word_1_776' title='bbox 439 5299 559 5367; x_wconf 89' lang='lat' dir='ltr'>utraque</span> <span class='ocrx_word' id='word_1_777' title='bbox 574 5298 654 5367; x_wconf 85' lang='lat' dir='ltr'>parte</span> <span class='ocrx_word' id='word_1_778' title='bbox 669 5292 762 5347; x_wconf 92' lang='lat' dir='ltr'>nullus</span> <span class='ocrx_word' id='word_1_779' title='bbox 783 5292 821 5347; x_wconf 88' lang='lat' dir='ltr'>sit</span> <span class='ocrx_word' id='word_1_780' title='bbox 834 5291 924 5346; x_wconf 90' lang='lat' dir='ltr'>inter-</span> <span class='ocrx_word' id='word_1_781' title='bbox 964 5303 1054 5354; x_wconf 70' lang='lat' dir='ltr'>cenet:</span> <span class='ocrx_word' id='word_1_782' title='bbox 1071 5299 1145 5356; x_wconf 74' lang='lat' dir='ltr'>Num</span> <span class='ocrx_word' id='word_1_783' title='bbox 1160 5303 1192 5354; x_wconf 74' lang='lat' dir='ltr'>tu</span> <span class='ocrx_word' id='word_1_784' title='bbox 1206 5300 1333 5368; x_wconf 61' lang='lat' dir='ltr'>0⁸13le</span> <span class='ocrx_word' id='word_1_785' title='bbox 1349 5306 1399 5358; x_wconf 63' lang='lat' dir='ltr'>aug</span> <span class='ocrx_word' id='word_1_786' title='bbox 1418 5302 1491 5358; x_wconf 61' lang='lat' dir='ltr'>,gius</span> <span class='ocrx_word' id='word_1_787' title='bbox 1508 5319 1543 5358; x_wconf 58' lang='lat' dir='ltr'>gx</span> <span class='ocrx_word' id='word_1_788' title='bbox 1563 5305 1714 5377; x_wconf 56' lang='lat' dir='ltr'><strong>prophetis</strong></span> <span class='ocrx_word' id='word_1_789' title='bbox 1735 5311 1762 5363; x_wconf 58' lang='lat' dir='ltr'>eq</span> 
     </span>
     <span class='ocr_line' id='line_1_58' title="bbox 129 5381 1759 5469; baseline 0.002 -24"><span class='ocrx_word' id='word_1_790' title='bbox 129 5389 218 5445; x_wconf 87' lang='lat' dir='ltr'>lectus</span> <span class='ocrx_word' id='word_1_791' title='bbox 232 5390 334 5459; x_wconf 77' lang='lat' dir='ltr'>prater</span> <span class='ocrx_word' id='word_1_792' title='bbox 347 5383 573 5456; x_wconf 85' lang='lat' dir='ltr'>antesignanum.</span> <span class='ocrx_word' id='word_1_793' title='bbox 590 5383 680 5448; x_wconf 84' lang='lat' dir='ltr'>Quam</span> <span class='ocrx_word' id='word_1_794' title='bbox 701 5381 787 5436; x_wconf 82' lang='lat' dir='ltr'>etlam</span> <span class='ocrx_word' id='word_1_795' title='bbox 804 5398 870 5437; x_wconf 90' lang='lat' dir='ltr'>cum</span> <span class='ocrx_word' id='word_1_796' title='bbox 893 5382 923 5438; x_wconf 92' lang='lat' dir='ltr'>in</span> <span class='ocrx_word' id='word_1_797' title='bbox 964 5387 1107 5459; x_wconf 90' lang='lat' dir='ltr'>apostolis,</span> <span class='ocrx_word' id='word_1_798' title='bbox 1121 5388 1196 5461; x_wconf 86' lang='lat' dir='ltr'>qnod</span> <span class='ocrx_word' id='word_1_799' title='bbox 1213 5389 1273 5445; x_wconf 79' lang='lat' dir='ltr'>hac</span> <span class='ocrx_word' id='word_1_800' title='bbox 1295 5389 1403 5445; x_wconf 82' lang='lat' dir='ltr'>iacias?</span> <span class='ocrx_word' id='word_1_801' title='bbox 1419 5391 1447 5447; x_wconf 91' lang='lat' dir='ltr'>Is</span> <span class='ocrx_word' id='word_1_802' title='bbox 1469 5397 1567 5448; x_wconf 88' lang='lat' dir='ltr'>autem</span> <span class='ocrx_word' id='word_1_803' title='bbox 1588 5394 1662 5451; x_wconf 76' lang='lat' dir='ltr'>dixit</span> <span class='ocrx_word' id='word_1_804' title='bbox 1686 5395 1759 5469; x_wconf 87' lang='lat' dir='ltr'>ipsi:</span> 
     </span>
     <span class='ocr_line' id='line_1_59' title="bbox 129 5468 1759 5556; baseline 0 -20"><span class='ocrx_word' id='word_1_805' title='bbox 129 5468 924 5539; x_wconf 79' lang='lat' dir='ltr'>arcuatumulassent,maneiuveneruntmembralaniato</span> <span class='ocrx_word' id='word_1_806' title='bbox 963 5476 1037 5542; x_wconf 87' lang='lat' dir='ltr'>Quid</span> <span class='ocrx_word' id='word_1_807' title='bbox 1046 5476 1207 5534; x_wconf 80' lang='lat' dir='ltr'>enimInon</span> <span class='ocrx_word' id='word_1_808' title='bbox 1217 5478 1344 5535; x_wconf 88' lang='lat' dir='ltr'>homiues</span> <span class='ocrx_word' id='word_1_809' title='bbox 1353 5479 1443 5536; x_wconf 87' lang='lat' dir='ltr'>sancti</span> <span class='ocrx_word' id='word_1_810' title='bbox 1454 5480 1571 5538; x_wconf 81' lang='lat' dir='ltr'>fuerunt</span> <span class='ocrx_word' id='word_1_811' title='bbox 1584 5485 1708 5556; x_wconf 82' lang='lat' dir='ltr'>apastoli</span> <span class='ocrx_word' id='word_1_812' title='bbox 1733 5492 1759 5542; x_wconf 80' lang='lat' dir='ltr'>ar</span> 
     </span>
     <span class='ocr_line' id='line_1_60' title="bbox 129 5559 1758 5650; baseline -0.005 -24"><span class='ocrx_word' id='word_1_813' title='bbox 129 5568 165 5630; x_wconf 90' lang='lat' dir='ltr'>ab</span> <span class='ocrx_word' id='word_1_814' title='bbox 176 5567 284 5644; x_wconf 78' lang='lat' dir='ltr'>hyaenis</span> <span class='ocrx_word' id='word_1_815' title='bbox 295 5570 324 5627; x_wconf 89' lang='lat' dir='ltr'>et</span> <span class='ocrx_word' id='word_1_816' title='bbox 334 5561 500 5622; x_wconf 72' lang='lat' dir='ltr'>uulturibus.</span> <span class='ocrx_word' id='word_1_817' title='bbox 517 5559 560 5620; x_wconf 84' lang='lat' dir='ltr'>nli</span> <span class='ocrx_word' id='word_1_818' title='bbox 574 5565 669 5617; x_wconf 90' lang='lat' dir='ltr'>autem</span> <span class='ocrx_word' id='word_1_819' title='bbox 701 5574 765 5615; x_wconf 87' lang='lat' dir='ltr'>cum</span> <span class='ocrx_word' id='word_1_820' title='bbox 789 5559 923 5618; x_wconf 75' lang='lat' dir='ltr'>uidissent</span> <span class='ocrx_word' id='word_1_821' title='bbox 963 5566 1117 5638; x_wconf 83' lang='lat' dir='ltr'>prophetae,</span> <span class='ocrx_word' id='word_1_822' title='bbox 1134 5567 1340 5640; x_wconf 80' lang='lat' dir='ltr'>quiuaecuobis</span> <span class='ocrx_word' id='word_1_823' title='bbox 1348 5568 1605 5633; x_wconf 75' lang='lat' dir='ltr'>uadidermttea</span> <span class='ocrx_word' id='word_1_824' title='bbox 1618 5576 1758 5650; x_wconf 64' lang='lat' dir='ltr'>huncqui.</span> 
     </span>
    </p>
   </div>
   <div class='ocr_carea' id='block_1_5' title="bbox 0 0 1914 6120">
    <p class='ocr_par' dir='ltr' id='par_1_6' title="bbox 0 0 1914 6120">
     <span class='ocr_line' id='line_1_61' title="bbox 0 0 1914 6120; baseline 0 3"><span class='ocrx_word' id='word_1_825' title='bbox 0 0 1914 6120; x_wconf 95' lang='lat' dir='ltr'> </span> 
     </span>
    </p>
   </div>
  </div>
 </body>
</html>
