3818 6120
184 279 238 338 aaa
693 279 740 336 na
759 278 853 337 rins
872 279 1020 336 earnuu
1037 280 1146 337 trena
1165 252 1312 337 narnus.
1769 275 1823 334 aas

182 414 242 463 tarn
256 409 291 462 de
305 425 337 461 eo
353 406 498 460 historiam
514 411 617 469 terere,
633 422 696 461 eum
712 406 863 476 imaginem
880 408 1013 463 virtutum
1029 410 1090 478 ejus
1103 407 1258 462 considero.
1275 407 1343 460 Ecce
1356 403 1432 459 onim
1447 405 1623 459 conversatio
1638 406 1752 476 quidem
1771 408 1823 461 viri

183 503 306 570 periecta
318 502 360 550 est
373 495 488 565 optima,
508 511 559 563 ego
574 511 638 547 vcro
653 495 782 549 intirmus
797 501 825 549 et
839 496 968 550 rusticus.
982 497 1117 566 Equidem
1129 497 1222 565 imago
1237 496 1348 549 virtutis
1364 496 1425 565 ojus
1440 494 1607 548 admiranda
1618 511 1650 548 ac
1665 495 1822 567 splendida,

183 588 289 642 colores
302 590 395 640 autem
410 582 559 637 verborum
574 582 675 657 quibus
689 585 867 656 depingenda
882 590 933 647 est,
946 586 1097 640 admodum
1109 586 1205 640 tristes
1220 602 1252 638 ao
1266 585 1332 639 tetri
1347 590 1422 639 sunt.
1438 586 1569 638 Attamen
1586 584 1650 638 lieet
1664 584 1822 657 imperitus,

183 676 226 730 vel
246 692 279 729 ox
302 680 382 745 parte
403 672 527 739 tentabo,
546 690 707 743 quanquam
731 675 975 746 comprehendere,
998 676 1118 746 perfecte
1140 693 1197 730 non
1221 675 1338 733 valeam,
1364 673 1502 730 enarrabo
1521 680 1627 738 tamen,
1655 675 1825 744 inquantum

183 763 290 819 sufficio
305 763 340 816 de
351 763 449 816 eovlem
467 762 524 815 viro
539 762 676 816 disserere
689 782 695 829 ;
713 764 846 834 quoniam
861 765 908 834 qui
921 766 1060 819 secundus
1075 765 1216 819 Abraham
1233 764 1335 818 meruit
1351 764 1516 833 nuncupari,
1532 779 1589 816 non
1600 763 1683 816 facile
1697 764 1823 817 hurnano

182 869 231 906 ore
245 855 338 923 potest
353 852 460 905 referri.
477 852 592 906 Exstitit
606 853 680 906 enim
701 855 804 907 nostris
822 855 1005 925 temporibus,
1023 855 1179 925 angelicam
1193 853 1279 906 vitam
1296 853 1326 906 in
1342 853 1425 906 terris
1444 868 1540 923 agens.
1557 851 1713 924 Aequisivit
1729 856 1825 907 autem

184 941 359 1013 patientiam,
375 941 454 1011 quasi
470 942 585 996 adamas
604 941 784 1010 fortissimus,
801 960 951 1017 perquam
968 922 1110 998 caelestem
1124 943 1243 1013 gloriam
1259 941 1373 1015 adipisci
1389 941 1501 996 meruit.
1517 942 1551 995 Et
1565 941 1632 1015 quia
1647 957 1664 994 a
1675 942 1825 1011 Juventuta

183 1032 320 1087 castitatis
334 1031 499 1102 pudicitiam
513 1032 694 1097 consonavit,
712 1033 847 1107 ternplum
865 1033 953 1091 sancti
968 1033 1088 1104 Spiritus
1110 1031 1199 1087 tactus
1213 1036 1265 1097 est,
1282 1037 1416 1102 tanquam
1440 1030 1645 1091 sanctiticatam
1661 1016 1724 1085 vas:
1742 1030 1826 1087 etita

183 1120 365 1192 semetipsum
376 1120 502 1174 exhibuit
516 1121 584 1188 Deo,
605 1126 637 1187 ut
648 1137 713 1174 eum
728 1120 914 1175 habitatorem
933 1122 960 1176 in
980 1121 1084 1176 mentis
1099 1138 1156 1175 suae
1166 1120 1287 1193 bospitio
1305 1119 1430 1174 liaberet.

862 1411 1151 1545 VITA.

219 1603 313 1662 Gaetu
324 1615 439 1657 enruun.
456 1632 487 1641 -
502 1602 553 1655 llic
563 1603 658 1672 itaque
669 1601 766 1657 beatus
776 1602 919 1660 Abraham
934 1603 982 1656 ha·
987 1607 1012 1664 Α
1057 1605 1155 1673 ltaque
1169 1610 1293 1659 mentem
1307 1604 1369 1673 ejus
1379 1607 1517 1657 remotam
1527 1600 1723 1657 aturbulentis
1734 1601 1826 1664 inter·

182 1691 244 1745 buit
258 1697 387 1761 parentes
409 1691 488 1744 valde
510 1692 671 1762 locupletes,
689 1692 736 1762 <qui
754 1708 818 1746 eum
838 1699 934 1746 tenere
949 1708 980 1744 ac
1023 1689 1826 1765 pellationibus,divinagratiaillustrabat3proficiensque

182 1780 395 1851 supramodum
411 1780 568 1850 diligentes,
587 1780 627 1834 ita
640 1786 672 1834 ut
686 1781 770 1834 etiarn
786 1781 916 1835 allectum
932 1782 981 1834 hu·
1022 1782 1148 1854 quotidie.
1170 1781 1198 1835 in
1222 1782 1329 1853 optima
1354 1779 1574 1841 conversatione,
1596 1779 1719 1850 primum
1743 1779 1825 1855 quatri

182 1885 298 1923 manum
317 1886 414 1923 eorum
432 1869 543 1924 dilectio
559 1871 780 1935 transcenderet,
798 1869 981 1940 desponsave-
1021 1872 1235 1927 fundamentum
1256 1870 1318 1924 vitre
1343 1887 1400 1924 sum
1421 1868 1623 1925 continentiam
1639 1867 1824 1942 possidebat3

182 1964 249 2011 runt
263 1958 288 2011 ei
300 1959 420 2028 puellam
431 1958 522 2014 adhuc
532 1958 560 2014 in
578 1959 697 2029 pueritia
711 1959 862 2013 constituto
873 1958 920 2027 tls),
936 1976 980 2013 ex·
1021 1976 1129 2017 necnon
1139 1961 1242 2030 vigiliis
1257 1966 1285 2015 et
1296 1959 1479 2021 orationibus,
1492 1975 1556 2015 cum
1580 1960 1649 2012 lletu
1664 1962 1694 2021 et
1707 1958 1825 2015 humili·

181 2052 339 2116 spectantes
352 2064 384 2101 nc
398 2048 589 2102 desiderantes
604 2049 632 2101 in
658 2049 753 2118 aliqua
765 2065 829 2101 eum
843 2047 980 2118 dignitate
1021 2057 1079 2104 tate
1094 2057 1179 2120 atque
1192 2050 1339 2113 charitate,
1355 2047 1494 2103 studebat.
1508 2049 1636 2118 Cumque
1650 2063 1825 2118 peromnem

181 2136 308 2190 saeculari
325 2139 468 2208 proficere.
487 2137 540 2191 Sed
556 2137 601 2191 hic
616 2138 697 2207 longe
713 2138 794 2191 aliter
807 2138 939 2204 sentiens,
952 2137 980 2190 in
1023 2142 1114 2194 locum
1126 2139 1160 2192 de
1176 2156 1209 2192 eo
1224 2143 1321 2192 sancta
1336 2138 1430 2209 opinio
1447 2136 1647 2207 divulgaretur,
1664 2135 1759 2190 cuncti
1774 2152 1825 2189 au·

180 2224 242 2296 ipso
257 2225 348 2296 primo
362 2226 555 2283 adolescentiae
568 2227 658 2296 gradu
671 2227 852 2281 eeclesiarum
865 2243 982 2280 conven-
1023 2229 1140 2287 dientes,
1161 2228 1362 2284 adridendum
1377 2244 1454 2292 euni,
1469 2232 1497 2280 et
1512 2232 1543 2279 ut
1566 2224 1776 2280 edificarentur
1790 2223 1824 2279 ab

170 2313 267 2369 ,ticula
284 2315 394 2384 jugiter
410 2315 626 2385 frequentabat,
648 2322 677 2369 et
696 2332 869 2385 quaecunque
893 2315 930 2368 ibi
949 2332 983 2368 ex
1024 2335 1065 2376 eo,
1077 2317 1200 2388 undique
1211 2316 1398 2370 confluebant.
1412 2317 1509 2369 Sermo
1520 2313 1825 2384 quoqueeisapientiae

181 2403 282 2457 divinis
302 2405 454 2475 Scripturis
470 2404 671 2468 recitabantur,
687 2420 786 2457 aurem
802 2403 921 2457 libenter
934 2422 981 2459 ac-
1023 2423 1055 2460 ae
1070 2407 1193 2460 scientie
1208 2411 1237 2459 et
1260 2405 1457 2458 consolationis
1473 2420 1489 2457 a
1502 2403 1561 2458 Deo
1576 2402 1729 2456 affluenter
1743 2402 1826 2456 datus

180 2492 361 2546 commodans
372 2493 513 2557 audiebat,
526 2498 554 2546 et
564 2493 592 2546 in
603 2492 694 2546 cordis
708 2492 751 2546 sui
766 2493 930 2546 memoriam
942 2493 982 2547 ita
1023 2502 1075 2559 eat,
1092 2495 1139 2566 qui
1159 2495 1187 2547 in
1209 2493 1350 2548 mentibus
1374 2492 1547 2547 audientium
1575 2491 1655 2562 quasi
1684 2492 1826 2545 luminare

180 2581 359 2642 recondebat,
382 2586 471 2651 145
492 2586 524 2637 ut
546 2581 631 2635 etiarn
658 2598 723 2635 cum
746 2580 846 2635 absens
862 2587 936 2637 esset
949 2598 982 2635 ea
1023 2583 1229 2638 lucidissimum
1240 2581 1377 2636 radiabat.

181 2685 243 2739 quae
257 2669 394 2724 didicerat
412 2670 594 2724 meditatione
608 2670 796 2725 intentissima
816 2671 979 2724 ruminaret.
1059 2673 1124 2727 Cae.
1142 2674 1191 2728 lll.
1210 2703 1242 2712 -
1258 2671 1382 2738 Contigit
1396 2677 1492 2725 autern
1512 2687 1586 2725 anno
1601 2669 1770 2725 duodecimo
1783 2686 1826 2726 re·

182 2759 309 2828 Cumque
319 2759 467 2813 memorati
479 2765 609 2828 parentes
620 2761 681 2829 ejus
696 2765 807 2830 tempus
819 2759 981 2830 nuptiarum
1024 2761 1210 2816 nuntiationis
1220 2763 1290 2830 ejuS,
1305 2765 1338 2814 ut
1352 2764 1482 2830 parentes
1494 2759 1555 2829 ejus
1565 2775 1598 2812 ex
1609 2758 1662 2812 hac
1675 2758 1735 2811 vita
1748 2772 1826 2812 rece·

181 2846 396 2917 propinquabile
408 2846 442 2914 lb)
448 2847 618 2917 judicarent,
629 2847 835 2919 compellebant
847 2864 911 2901 eum
921 2862 982 2903 ma·
1024 2852 1132 2917 deniae,
1145 2866 1245 2905 aurum
1261 2849 1286 2902 ei
1299 2849 1441 2921 copiosum
1456 2847 1615 2921 praediaque
1630 2862 1735 2917 magna
1744 2846 1826 2901 relin-

181 2934 306 2991 trimonii
321 2935 437 2991 vinculis
453 2936 579 3008 obligari.
598 2936 652 2991 Sed
666 2954 729 2991 cum
746 2937 805 2991 haec
828 2936 873 2992 ille
890 2924 1011 3007 primoB
1024 2944 1152 3010 querant.
1172 2937 1226 3002 Qui
1245 2954 1347 3007 rogans
1366 2936 1488 2991 amicum
1505 2934 1656 3007 quemdam
1673 2934 1825 2991 admodum

182 3030 322 3084 renueret,
332 3027 509 3095 postmodum
521 3027 676 3081 molestiam
690 3043 787 3080 eorum
793 3028 891 3096 jugem
902 3027 983 3082 sedu·
1023 3026 1076 3080 sibi
1090 3026 1217 3092 charum,
1234 3026 1270 3081 ad
1283 3025 1478 3080 distribuenda
1489 3024 1619 3085 anniversa
1632 3022 1827 3092 indigentibus

182 3114 357 3184 lamquenon
365 3115 466 3176 ferens,
476 3115 591 3186 pudoris
600 3115 767 3169 verecundia
777 3121 983 3186 superatus,ac·
1023 3133 1055 3170 ac
1066 3115 1179 3186 pupillis
1189 3115 1311 3169 officium
1322 3115 1484 3184 religiosum
1494 3113 1536 3166 illi
1546 3113 1584 3181 inj
1590 3111 1679 3182 ungit,
1691 3128 1728 3166 ne
1738 3112 1827 3183 ipsius

124 3227 132 3237 ·
182 3203 324 3273 quiescere
333 3205 584 3276 perurgetur.Cum
594 3204 699 3276 itaquo,
711 3204 980 3276 celebratisnuptiis,
1024 3204 1437 3275 orationibusimpedimentum
1447 3202 1532 3273 hujus
1545 3201 1585 3255 rei
1595 3200 1827 3273 gratiagignere-

181 3309 284 3364 sponsa
300 3293 345 3348 die
360 3294 523 3366 septimodi)
533 3295 562 3348 in
569 3295 693 3350 thalamo
704 3294 849 3360 resideret,
866 3300 983 3365 repente
1024 3300 1080 3349 tur.
1098 3295 1132 3348 Et
1148 3311 1213 3348 cum
1236 3293 1288 3349 hoc
1309 3293 1429 3357 fecisset,
1445 3308 1560 3347 securus
1575 3291 1669 3345 animo
1685 3295 1714 3345 et
1730 3294 1826 3361 mente

182 3383 262 3454 quasi
271 3384 316 3437 lux
327 3383 454 3454 quaedam
463 3384 493 3439 in
502 3384 754 3454 cordeejusdivina
763 3383 980 3454 gratiarosulsit‚
1024 3383 1118 3453 quieta
1133 3382 1299 3453 permansit.
1316 3383 1374 3436 Hoc
1396 3381 1472 3435 enim
1492 3379 1565 3435 bono
1584 3379 1643 3433 viro
1670 3379 1825 3439 maximum

181 3488 267 3542 quam
278 3473 361 3526 veluti
373 3474 472 3527 ducem
483 3474 633 3545 quemdam
644 3473 687 3527 sui
699 3473 753 3526 veti
765 3473 918 3538 inveniens,
929 3473 982 3526 illi·
1023 3472 1148 3524 studium
1164 3477 1233 3533 erat,
1259 3478 1291 3524 ut
1309 3487 1356 3524 cor
1375 3472 1436 3540 ejus
1461 3469 1546 3523 nullis
1566 3468 1687 3522 terrenis
1704 3469 1826 3538 negotiis

181 3575 212 3614 co
223 3561 343 3625 exsiluit,
356 3566 384 3614 et
395 3567 507 3615 secutus
520 3567 572 3621 est,
586 3568 613 3614 ot
627 3559 662 3615 ab
673 3560 741 3614 urbe
756 3561 907 3630 egreditur.
1023 3560 1187 3619 vinciretur;
1205 3566 1233 3613 et
1247 3560 1350 3614 idcirco
1362 3576 1447 3629 super
1460 3564 1567 3612 terram
1583 3557 1653 3611 nihil
1667 3557 1745 3611 alind
1761 3574 1824 3629 pos-

217 3650 281 3704 Cse.
300 3650 335 3703 ll.
356 3679 386 3689 ω-
404 3649 517 3704 Duobus
536 3656 630 3703 autem
645 3651 702 3702 l'ere
717 3649 839 3703 millibus
853 3651 948 3720 procul
963 3667 981 3704 a
1022 3649 1139 3705 aidebat.
1160 3655 1273 3720 excepto
1288 3665 1343 3703 uno
1356 3665 1433 3719 sago,
1453 3664 1563 3719 unaque
1577 3646 1764 3703 nibilominus
1779 3652 1824 3701 tu·

180 3733 263 3787 domo
278 3751 329 3787 sua
339 3734 467 3787 cellulam
484 3742 627 3787 vacantem
642 3733 762 3803 reperit:
776 3733 825 3787 ubi
834 3750 864 3787 se
879 3736 980 3789 consti·
1021 3737 1084 3792 nica
1096 3738 1205 3792 cilicina
1219 3755 1274 3808 qua
1288 3737 1428 3792 utebatur.
1444 3738 1567 3792 Caucum
1577 3737 1617 3805 ti)
1631 3752 1745 3807 quoque
1758 3752 1823 3806 pen

180 3827 272 3883 tuens,
290 3821 593 3890 etgloriticarrsDeum
607 3838 671 3875 cum
685 3821 791 3891 ingenti
806 3821 979 3893 laetitiaper-
1020 3828 1171 3888 modicum,
1193 3827 1221 3880 in
1241 3844 1295 3897 quo
1315 3827 1398 3881 edere
1421 3842 1469 3880 seu
1499 3825 1594 3879 bibere
1622 3824 1724 3879 solitus
1750 3830 1821 3887 erat,

181 3908 314 3963 manebat
325 3929 330 3976 3
343 3915 486 3981 stuporem
497 3925 563 3964 vero
575 3911 805 3977 maximum,tam
816 3911 979 3981 parentibus
1021 3914 1159 3983 lrabobat;
1185 3932 1294 3970 necnon
1317 3921 1346 3968 et
1366 3932 1453 3969 unum
1474 3914 1629 3985 psiathium
1651 3910 1700 3982 (8),
1716 3913 1747 3967 in
1769 3928 1825 3985 quo

180 3996 239 4052 suis
261 4015 345 4069 quam
368 3999 474 4063 vicinis,
498 3999 532 4052 de
560 4000 612 4053 boc
640 3999 712 4054 sacto
734 4000 898 4054 incusserat.
926 4000 979 4064 Qui
1021 4004 1146 4058 cubitare
1157 4012 1348 4059 consueverat.
1366 4005 1437 4059 Cum
1450 4005 1493 4059 his
1513 4010 1608 4058 autem
1623 4002 1755 4058 omnibus
1770 4002 1824 4057 hu·

180 4093 322 4151 exeuntes,
339 4088 368 4143 in
382 4089 491 4143 diversa
509 4088 637 4159 dispersi,
655 4088 757 4160 ubique
773 4090 824 4143 Dei
836 4089 980 4143 hominem
1021 4093 1169 4148 militatem
1191 4094 1407 4164 supramodum
1425 4100 1454 4148 et
1475 4093 1641 4147 charitatem
1666 4091 1702 4145 ad
1727 4107 1825 4151 omnes

180 4177 369 4248 requirebant.
385 4179 452 4232 Post
469 4178 529 4231 dies
554 4183 648 4232 autem
664 4178 760 4232 decem
781 4185 810 4232 et
824 4184 931 4250 septem
952 4179 980 4233 in
990 4201 1012 4261 C
1021 4183 1167 4253 aequaliter
1180 4182 1340 4252 possidebat
1352 4201 1357 4248 ;
1373 4199 1424 4236 nec
1435 4181 1608 4253 proponebat
1622 4181 1651 4234 in
1662 4181 1771 4239 honore
1785 4180 1824 4234 lo·

179 4272 333 4320 memorata
357 4266 456 4320 cellula
470 4283 535 4320 eum
551 4271 679 4321 orantem
705 4267 857 4337 reperiunt.
875 4268 977 4321 Beatus
1021 4272 1162 4342 cupleturn
1178 4271 1303 4343 pauperi,
1316 4288 1367 4324 nec
1382 4271 1534 4343 principem
1549 4268 1824 4340 subjecto,velncbi·

179 4362 274 4411 autem
284 4356 334 4420 vir,
347 4373 411 4410 curn
422 4373 454 4410 eo
464 4362 578 4426 stupore
594 4358 734 4427 perculsos
743 4357 878 4427 aspiceret
889 4375 894 4408 :
904 4356 976 4420 Quid
1018 4358 1073 4413 lein
1087 4360 1202 4430 ignobili
1219 4360 1397 4430 praelerebat3
1425 4360 1473 4413 sed
1493 4375 1590 4413 omncs
1610 4358 1742 4412 similiter
1755 4357 1823 4411 dili·

179 4461 233 4511 me,
260 4445 361 4516 inquit,
386 4462 434 4498 vos
458 4445 629 4498 admirantes
654 4445 794 4516 aspicitis?
816 4445 976 4499 Glorisrcate
1016 4448 1823 4518 gensbonorabatunirersos,sinecujusquamacceptiona

179 4533 271 4604 potius
293 4534 585 4588 misericordissimum
605 4534 704 4597 Deuru,
722 4534 768 4604 qui
785 4551 829 4587 ine
850 4550 882 4587 ex
897 4550 974 4588 cceno
1017 4554 1151 4608 personae.
1168 4539 1224 4591 Nec
1240 4537 1389 4607 aliquando
1408 4552 1577 4607 quemquam
1597 4535 1754 4605 procaciter
1775 4535 1819 4587 in-

177 4621 358 4693 iniquitatum
374 4639 502 4677 mearum
516 4623 634 4692 eripuit:
657 4630 686 4674 et
699 4629 776 4676 orate
800 4639 850 4692 pro
873 4640 926 4686 me,
945 4627 977 4676 ut
1018 4624 1157 4696 crepabat,
1175 4627 1223 4679 sed
1237 4633 1297 4679 ertit
1312 4642 1404 4678 sermo
1417 4627 1478 4695 ejus
1489 4625 1625 4678 charitate
1639 4629 1667 4677 et
1680 4623 1822 4677 suavitate

175 4711 276 4780 jugum
287 4712 338 4766 boc
350 4711 555 4778 suavissimum,
568 4711 620 4765 sub
632 4728 687 4782 quo
697 4727 741 4765 me
757 4711 902 4783 indignum
917 4728 976 4765 sns—
1018 4714 1155 4769 conditus.
1173 4715 1240 4780 Quis
1253 4714 1369 4769 audiens
1380 4715 1441 4784 ojus
1455 4713 1607 4784 eloquium,
1620 4711 1719 4765 satiari
1730 4711 1823 4783 potuit

179 4799 271 4869 cipere
292 4801 423 4870 dignatus
443 4808 487 4854 est
505 4800 650 4867 Darnintta
667 4816 755 4871 usque
779 4800 808 4855 in
830 4800 914 4871 sspem
933 4818 977 4853 vn-
1018 4803 1169 4873 aliquando
1184 4803 1218 4856 de
1233 4803 1276 4871 lris
1298 4820 1359 4874 qua
1378 4803 1529 4872 aliquando
1545 4818 1577 4854 ex
1598 4801 1737 4855 sermonis
1760 4802 1822 4871 ejus

178 4887 252 4941 leam
262 4887 398 4958 bajulare,
413 4891 811 4961 oonv'ersationemquerneam
821 4889 976 4960 beneplaci·
1018 4892 1165 4946 dulcedine
1191 4893 1424 4963 proterebantur?
1449 4892 1490 4945 vel
1513 4892 1576 4961 quis
1600 4890 1710 4944 rultum
1734 4890 1819 4955 illiue,

177 4983 236 5030 tarn
250 4977 402 5031 secundum
415 4979 589 5033 voluntatem
603 4981 663 5050 ejus
680 4979 782 5049 possim
803 4979 831 5030 in
846 4971 975 5034 omnibus
1017 4981 1174 5034 sanctitatis
1194 4981 1346 5050 imaginem
1359 4981 1562 5051 preferentem,
1583 4978 1747 5050 respiciens,
1766 4993 1822 5032 non

178 5072 318 5137 coaptare.
337 5066 389 5130 Qui
405 5083 468 5120 curn
484 5084 581 5121 omnes
601 5085 667 5122 eum
685 5068 842 5131 audientes,
859 5084 975 5139 respon*
1018 5070 1227 5139 caragisvidondi
1243 5086 1306 5124 eum
1323 5069 1424 5141 saepius
1438 5068 1609 5122 desiderium
1622 5067 1746 5138 sumpsit
1762 5066 1775 5118 'l
1790 5066 1822 5120 ln

177 5157 285 5210 dissent
296 5157 395 5215 Amen,
412 5155 576 5225 deprecatus
591 5164 690 5210 esteos
705 5174 740 5211 ne
754 5156 780 5211 ei
795 5157 897 5211 vellent
914 5174 975 5210 cre·
1017 5158 1094 5212 omni
1103 5157 1487 5229 tenrpore,abstinentiaesuae
1498 5157 1626 5226 regulam
1634 5172 1720 5227 quam
1734 5155 1822 5209 semel

176 5245 225 5298 bro
243 5244 401 5297 molestiam
423 5243 537 5297 obtentu
551 5245 719 5298 visitationis
738 5246 850 5300 interro.
868 5245 974 5310 Quibus
1016 5247 1144 5317 arripuit,
1162 5265 1217 5301 non
1231 5247 1391 5306 mutaritttll
1407 5266 1412 5300 :
1426 5245 1629 5316 quinquaginta
1644 5244 1822 5298 annosinsti-

175 5332 378 5395 recedentibus,
395 5333 502 5385 aditum
514 5334 618 5387 cellulae
631 5351 686 5388 suec
699 5335 836 5389 obstruxit
850 5354 855 5387 :
869 5342 897 5389 et
911 5351 976 5389 con·
1017 5342 1108 5389 tutum
1126 5337 1279 5408 proprium,
1298 5336 1374 5389 omni
1396 5336 1540 5389 alacritato
1562 5334 1721 5405 complevit,
1745 5340 1775 5387 et
1789 5332 1823 5387 ob

175 5423 289 5477 cludens
305 5421 488 5491 semetipsum
512 5422 689 5488 intrinsecus,
715 5425 911 5494 parvissimum
934 5425 974 5478 to·
1017 5424 1136 5479 nimium
1160 5443 1285 5495 amorem
1301 5442 1334 5481 ac
1356 5424 1527 5479 desiderium
1552 5424 1627 5493 quod
1650 5422 1777 5476 habebat
1794 5421 1821 5475 in

177 5518 277 5567 nestrae
290 5511 416 5565 foramen
432 5510 555 5580 reliquit,
564 5527 614 5591 per
626 5509 700 5581 quod
709 5511 844 5567 alimenta
856 5513 901 5567 die
911 5530 978 5569 con·
1022 5513 1144 5581 Christo,
1158 5531 1241 5570 omne
1252 5531 1340 5569 aevum
1352 5514 1489 5585 temporis
1503 5513 1577 5566 illius
1589 5513 1671 5583 quasi
1679 5512 1741 5566 dies
1758 5529 1822 5583 pau·

175 5609 258 5685 sueta
273 5602 425 5679 reciperet.
