3818 6120
127 278 183 338 885
782 281 899 336 VERBA
919 277 1113 336 SENIORUM·
1710 270 1763 327 866

163 407 191 460 9.
200 405 316 461 Dicebat
330 403 416 459 abbas
433 404 532 459 Daniel
546 405 581 458 de
596 403 696 460 abbate
712 405 840 468 Arsenio,
859 406 924 476 quia
933 405 996 465 Ain
1009 405 1080 458 lecto
1096 394 1225 471 plurimis
1241 392 1321 447 anuis
1337 392 1517 461 decumbens,
1528 410 1675 466 nunquam
1688 397 1762 452 rela-

127 500 240 550 noctem
251 494 370 564 vigilans
380 493 564 564 pertransiret
576 496 667 561 illast,
683 497 730 549 lib.
747 509 787 558 ιιι,
806 512 834 548 a.
851 493 924 555 alli.
967 494 1041 547 ravit
1055 490 1281 548 animumsuum‚
1291 487 1323 536 ut
1336 481 1533 537 intenderetin
1545 482 1681 540 interiora
1687 486 1763 542 cellae

126 583 199 638 Tota
212 583 289 637 enim
303 587 385 636 nocte
400 580 543 652 vigilabat,
559 587 588 636 et
603 583 714 652 quando
730 583 838 637 volebat
852 584 927 638 cirea
968 598 1034 646 suae,
1048 584 1076 633 et
1089 576 1197 631 videret
1226 571 1293 642 quid
1318 571 1442 626 haberet.
1459 573 1549 627 Multa
1563 574 1638 629 enim
1658 574 1764 631 desere·

126 687 212 726 mane
221 676 336 743 propter
345 670 435 742 ipsam
451 675 582 724 naturam
599 671 845 736 dormire,dicebat
855 689 928 726 som·
968 668 1071 722 bantur
1086 667 1110 719 ei
1124 662 1200 717 velut
1215 660 1764 736 infirmo;sedintroeuntediscipulosuo

127 775 165 815 no
178 779 184 814 :
199 759 281 826 Veni,
299 776 378 813 serve
393 758 474 824 male,
494 764 588 825 568
598 764 627 813 ot
641 759 815 831 subripiebat
827 777 928 832 parum
969 758 1076 812 Joanno
1089 759 1117 809 et
1128 755 1256 815 exeunte,
1265 748 1514 806 claudebatoculos
1528 769 1602 820 suos,
1615 768 1650 808 ne
1657 753 1765 810 videret

127 848 221 903 somni
236 848 358 903 sedendo
375 866 381 915 ;
397 847 534 902 etstatim
546 847 687 919 surgebat.
970 847 1036 918 quid
1057 842 1185 899 faciebat.
1202 836 1313 893 Sciebat
1327 838 1401 892 eninr
1419 840 1485 909 quia
1499 840 1590 896 fidelis
1611 845 1765 899 monachus

164 936 191 991 3.
206 936 323 992 Dicebat
336 935 424 990 abbas
440 937 594 991 Arsenius:
612 937 723 992 Sufficit
737 939 885 1004 monacho,
905 939 929 992 si
971 940 1053 989 esset.

127 1024 279 1080 dormierit
293 1041 377 1080 unam
388 1025 499 1091 horam,
514 1025 537 1079 si
548 1030 643 1080 tamen
655 1031 795 1098 pugnator
805 1033 856 1081 est.
1008 1023 1050 1079 la.
1066 1023 1141 1077 Dixit
1155 1023 1241 1078 abbas
1261 1022 1418 1094 benjamin.
1440 1021 1488 1092 qui
1503 1026 1564 1074 erat
1577 1021 1765 1094 presbyteria

163 1112 191 1170 4.
203 1113 321 1169 Dicebat
333 1113 369 1168 de
384 1130 417 1168 eo
432 1113 518 1169 abbas
533 1115 632 1169 Daniel
651 1115 743 1178 :Quia
752 1116 838 1169 tantis
848 1116 929 1170 annis
971 1112 1063 1177 Oellis,
1081 1113 1148 1183 quia
1161 1130 1225 1167 cum
1240 1113 1420 1184 applicuisset
1432 1111 1461 1164 in
1471 1110 1766 1182 Scytbiadquemdam
1846 1172 1857 1185 ,

127 1204 235 1258 mansit
248 1202 402 1268 nobiscum,
419 1208 448 1256 et
468 1219 629 1258 mensuram
645 1220 760 1274 parvam
776 1204 865 1259 victus
879 1205 930 1258 da·
971 1218 1076 1266 senem,
1103 1206 1131 1255 et
1151 1202 1285 1256 voluisset
1309 1202 1334 1255 ei
1359 1201 1426 1254 dare
1441 1199 1582 1253 modicum
1597 1199 1661 1266 clei,
1677 1199 1724 1255 ille
1739 1200 1766 1255 ei
1813 1222 1820 1234 ·

127 1291 313 1348 bamuseiin
325 1307 422 1345 anno:
453 1297 481 1345 et
497 1291 607 1362 quoties
620 1291 808 1357 veniebamus,
831 1293 929 1347 exinde
970 1290 1080 1344 dixerit:
1094 1290 1163 1344 Ecce
1172 1289 1221 1344 ubi
1229 1289 1381 1361 jacetillud
1391 1288 1768 1360 parvulumvasculumquod

128 1379 345 1435 comedebamus
361 1385 388 1434 et
403 1396 465 1434 nos.
971 1378 1091 1433 attulisti
1105 1378 1174 1432 mihi
1189 1384 1255 1432 ante
1269 1385 1327 1433 tres
1341 1394 1444 1445 annos;
1455 1383 1483 1431 et
1494 1377 1634 1448 quomodo
1645 1377 1764 1448 posuisti

167 1469 193 1523 5.
210 1468 287 1523 Dixit
297 1469 412 1534 iterum,
429 1469 502 1539 quod
518 1469 572 1523 nisi
585 1471 672 1524 semel
683 1470 711 1522 in
724 1486 798 1524 anno
808 1487 931 1525 nonmu-
973 1467 1051 1533 illud,
1068 1468 1107 1521 sic
1122 1468 1266 1522 remansit.
1282 1467 1436 1521 Audientes
1458 1470 1555 1520 autem
1569 1482 1621 1521 nos
1633 1466 1766 1520 admirati

128 1555 317 1628 tebataquam
325 1557 662 1628 palmarum,sedtantum
670 1557 820 1628 adjiciebat
832 1558 928 1626 (Buff,
970 1573 1068 1610 sumus
1083 1556 1323 1610 conversationem
1339 1556 1423 1611 senis.

130 1646 222 1711 lihnr,
240 1661 318 1701 ivam.
334 1644 389 1711 39).
406 1644 537 1699 Faciebat
551 1662 662 1717 quoque
683 1646 803 1717 plectam
816 1646 928 1717 deipsis
1008 1643 1049 1700 13.
1067 1646 1258 1700 Narraverunt
1271 1647 1305 1699 de
1317 1644 1418 1698 abbate
1429 1645 1562 1699 Dioscoro
1574 1643 1765 1710 deNamisias,

130 1733 234 1805 palmis
246 1730 292 1803 (8),
309 1738 337 1787 et
347 1733 464 1788 cusabat
477 1733 517 1802 (9)
537 1750 626 1805 usque
648 1736 683 1789 ad
697 1736 794 1789 horam
810 1741 928 1789 sextam.
939 1733 1038 1818 Bquia
1051 1733 1132 1805 panis
1147 1734 1171 1788 ei
1187 1735 1358 1788 hordeaceus
1382 1738 1452 1797 erat,
1469 1739 1497 1787 et
1510 1732 1602 1788 tarium
1614 1732 1764 1802 lenticula,

130 1823 380 1892 lntemogaverunt
390 1839 529 1893 ergoeum
543 1823 677 1889 seniores,
687 1830 931 1879 curnonmutaret
970 1822 1159 1892 persingulas
1175 1839 1263 1877 annos
1279 1821 1457 1893 ponebatsibi
1468 1823 1559 1892 legem
1574 1823 1766 1894 cujuscunque

131 1926 235 1983 aquam
247 1911 415 1982 palmarum,
433 1927 495 1982 quae
521 1911 633 1966 fetebat.
651 1913 685 1967 Et
704 1913 773 1967 dixit
797 1913 858 1967 eis:
876 1913 930 1967 Pro
971 1911 1055 1965 unius
1068 1909 1268 1965 observantiae:
1288 1911 1315 1964 id
1330 1918 1381 1978 est,
1406 1917 1526 1966 autnon
1541 1927 1688 1966 occurrere
1708 1927 1766 1966 uno

131 1999 319 2072 thymiamate
339 2006 368 2054 et
388 2000 520 2054 odoribus
545 2006 764 2071 unguentorum,
784 2001 885 2072 quibus
900 2002 929 2055 in
971 2015 1045 2052 anno
1057 1999 1150 2065 alicui,
1162 2005 1212 2054 aut
1224 2016 1279 2053 non
1296 2001 1380 2071 loqui,
1397 2005 1446 2054 aut
1460 2016 1516 2054 non
1528 2005 1643 2071 gustare
1660 2000 1767 2072 aliquid

131 2088 235 2144 soeculo
250 2105 318 2143 usus
327 2105 400 2154 sum,
418 2105 487 2159 opus
504 2094 547 2142 est
561 2089 602 2142 uti
611 2106 656 2142 me
671 2106 745 2144 nunc
753 2090 842 2145 fetore
863 2091 926 2144 isto.
971 2093 1089 2155 coctum,
1106 2093 1225 2142 autnon
1241 2089 1387 2143 comedere
1413 2089 1519 2160 aliquid
1543 2105 1701 2160 pomorum,
1717 2095 1768 2146 aut

168 2178 195 2233 6.
207 2179 316 2232 lterum
330 2177 413 2232 dixit:
425 2177 497 2241 Quia
511 2178 623 2248 quando
635 2178 741 2233 audivit
751 2179 825 2249 quod
836 2185 929 2233 matu·
970 2176 1055 2243 olera¹
1081 2176 1152 2231 etin
1166 2178 1243 2231 omni
1256 2194 1339 2248 opere
1353 2194 1404 2232 suo
1417 2177 1459 2232 ita
1480 2177 1609 2233 faciebat.
1636 2178 1671 2233 Et
1684 2178 1767 2249 peril·

131 2272 224 2320 resset
237 2282 320 2319 omne
340 2282 430 2336 genus
444 2282 603 2337 pomorum,
624 2266 713 2321 dixit:
728 2267 832 2322 Alierte
847 2267 927 2322 mibi.
970 2265 1047 2320 ciens
1066 2260 1418 2336 unumquodquesicaliud
1428 2266 1598 2333 assumebat,
1611 2272 1639 2322 et
1652 2267 1705 2323 boc
1716 2283 1767 2339 per

131 2353 166 2408 ut
179 2353 303 2424 gustavit
321 2354 408 2409 semel
424 2359 535 2409 tantum
551 2372 650 2426 parum
665 2373 697 2410 ex
713 2355 852 2422 omnibus,
863 2372 930 2427 gra·
971 2370 1059 2409 asinos
1072 2354 1197 2425 singulos
1211 2354 1339 2408 faciebat.

132 2441 187 2497 tias
197 2458 284 2513 agens
294 2443 361 2497 Deo.
1008 2442 1050 2499 ll.
1063 2443 1139 2497 Dixit
1152 2441 1238 2496 abbas
1253 2443 1397 2514 Euagrius,
1409 2444 1476 2515 quia
1485 2445 1587 2500 dixerit
1599 2446 1768 2502 senextPro·

170 2532 195 2586 ἵ.
209 2530 345 2586 Dicebant
363 2532 398 2586 de
412 2530 513 2586 abbate
526 2533 674 2603 Agathone
692 2553 697 2588 :
713 2535 931 2607 Quiapertrien·
971 2538 1069 2603 pterea
1087 2536 1202 2603 amputo
1231 2548 1248 2586 a
1274 2549 1319 2586 me
1349 2532 1548 2588 delectationes
1570 2535 1706 2603 carnales,
1736 2539 1769 2590 ut

131 2619 214 2674 nium
227 2619 350 2691 lapidem
361 2621 390 2675 in
405 2637 453 2676 ore
469 2638 519 2676 suo
530 2621 668 2689 mittebat,
684 2624 772 2679 donec
784 2624 931 2680 taciturni·
972 2621 1057 2675 etiam
1073 2621 1224 2676 iracundiae
1237 2621 1395 2676 occasiones
1410 2621 1586 2681 abscindam.
1606 2623 1669 2677 Scio
1692 2624 1769 2678 enim

131 2711 223 2764 tatem
233 2707 364 2764 disceret.
611 2777 614 2782 Ι
972 2726 1035 2765 eam
1050 2726 1161 2781 semper
1175 2710 1323 2765 adversum
1339 2727 1384 2764 me
1399 2726 1526 2782 pugnare
1544 2727 1596 2782 pro
1609 2710 1770 2767 delectatio-

169 2795 196 2852 8.
213 2797 372 2869 Aliquando
384 2797 438 2853 iter
445 2798 549 2870 egebat
562 2799 648 2856 abbas
665 2801 797 2872 Agathan
810 2819 875 2856 cum
890 2803 930 2857 di·
972 2799 1065 2865 nibus,
1081 2804 1110 2854 et
1119 2798 1287 2854 conturbare
1301 2805 1425 2855 mentem
1435 2816 1538 2865 meam,
1554 2805 1583 2854 et
1595 2799 1770 2858 intellectum
1793 2832 1798 2845 =

132 2885 249 2956 scipulis
263 2885 322 2940 suis
338 2886 467 2957 (Append.
479 2895 575 2956 vitant,
590 2905 619 2943 n.
636 2888 671 2960 6).
688 2890 723 2945 Et
737 2890 843 2945 invenit
857 2908 930 2946 unus
971 2904 1065 2943 meum
1076 2888 1226 2958 expellere.

134 2990 169 3030 ex
179 2974 219 3029 eis
235 2992 351 3046 parvum
365 2975 527 3032 fasciculum
541 2978 682 3033 cicercula
696 2978 792 3034 viridis
804 2980 833 3034 in
845 2981 932 3046 viaet
1006 2977 1050 3032 15.
1067 2976 1143 3031 Misit
1157 2976 1639 3049 aliquandoEpiphaniusepiscopus
1649 2980 1768 3050 Cyprius

134 3062 207 3117 dixit
220 3063 281 3118 seni
299 3064 410 3132 :Pater,
423 3065 446 3119 si
457 3065 549 3137 jubes,
565 3066 718 3122 tolloillud.
731 3069 855 3125 Intendit
866 3086 931 3125 vero
940 3073 962 3135 c
972 3065 1008 3119 ad
1020 3064 1151 3119 abbatem
1165 3064 1348 3128 Hilarionem‚
1374 3079 1477 3133 rogans
1492 3078 1568 3129 eum,
1591 3069 1620 3118 et
1647 3065 1744 3121 dicens
1759 3083 1768 3123 ε

133 3168 229 3219 senex,
245 3152 398 3222 admirans,
415 3159 444 3208 et
454 3154 543 3209 dicit:
573 3155 614 3210 Tu
630 3156 698 3211 illud
715 3156 855 3228 posuisti?
879 3158 931 3212 Re·
974 3154 1055 3220 Veni,
1067 3158 1099 3207 ut
1110 3169 1161 3207 nos
1175 3153 1328 3217 videamus,
1344 3156 1498 3222 antequam
1513 3152 1548 3205 de
1561 3168 1676 3224 corpore
1690 3170 1770 3210 exea-
1785 3213 1788 3219 ,

133 3241 248 3313 spondit
265 3241 291 3296 ei
305 3242 353 3296 ille
376 3242 481 3297 frater:
504 3245 576 3298 Non.
594 3245 628 3298 Et
642 3245 712 3299 dixit
734 3263 818 3301 senex
839 3265 844 3298 :
862 3247 934 3311 Quo·
976 3259 1047 3297 mus.
1060 3242 1112 3306 Qui
1127 3258 1191 3295 cum
1205 3241 1347 3295 venissent
1355 3240 1521 3308 adinvicem,
1533 3242 1769 3300 manducantibus

135 3329 221 3385 modo
231 3330 273 3385 vis
287 3330 395 3397 tollere,
412 3332 486 3404 quod
502 3350 558 3387 nou
569 3334 710 3404 posuisti?
975 3330 1017 3385 eis
1026 3331 1142 3385 allatum
1158 3334 1200 3384 eet
1224 3330 1258 3384 de
1288 3328 1384 3383 avibus
1408 3329 1542 3400 quiddam
1558 3348 1565 3397 ;
1587 3331 1661 3402 quod
1670 3337 1770 3389 tenens

172 3419 199 3473 9.
222 3419 308 3474 Venit
330 3420 481 3492 aliquando
497 3422 611 3492 quidam
626 3440 724 3477 senum
746 3425 781 3478 ad
803 3423 934 3478 abbatem
976 3419 1131 3491 episcopus,
1146 3419 1223 3473 dedit
1230 3416 1323 3472 abbati
1331 3417 1479 3472 llilarioni.
1496 3418 1606 3473 Etdicit
1619 3420 1661 3474 illi
1675 3437 1769 3477 senex:

134 3507 274 3562 Achillem
290 3510 382 3577 (baffi,
400 3511 448 3564 lib.
465 3525 505 3576 ιιι,
519 3528 598 3565 avua
613 3510 669 3578 90¹,
685 3519 712 3566 et
736 3513 806 3567 vidit
816 3530 879 3567 eum
892 3515 935 3584 J'a-
976 3510 1091 3580 Ignosce
1107 3508 1184 3574 mihi,
1201 3508 1291 3572 Pater,
1309 3507 1374 3578 quia
1399 3523 1431 3560 ex
1457 3523 1512 3578 quo
1527 3509 1621 3580 accepi
1642 3509 1771 3566 habitum

135 3601 261 3652 mntem
275 3597 441 3668 sanguinem
451 3599 485 3653 de
500 3615 547 3653 ore
562 3606 654 3663 suo,et
665 3602 848 3672 interrogavit
858 3619 934 3673 eum,
976 3598 1071 3663 istum,
1087 3614 1143 3652 non
1149 3596 1316 3651 manducavi
1324 3596 1461 3666 quidquid
1473 3596 1606 3651 occisum.
1615 3598 1650 3652 Et
1663 3598 1734 3653 dixit
1740 3599 1767 3653 ei

136 3683 233 3740 dicem
246 3704 251 3738 ε
264 3685 338 3750 Quid
352 3691 395 3741 est
406 3688 466 3750 hoc,
479 3689 563 3743 Pater
574 3689 705 3744 lEtdixit
718 3707 803 3745 senex
818 3709 823 3744 :
837 3692 934 3746 Sermo
976 3687 1157 3759 Epiphanius:
1167 3687 1428 3757 Egoautemexquo
1447 3686 1539 3757 accepi
1549 3685 1676 3741 habitum
1685 3688 1773 3743 istum

136 3777 182 3827 eet
196 3775 343 3844 cujusdam
352 3775 457 3842 imtris,
470 3777 518 3848 qui
532 3794 576 3833 me
582 3779 765 3846 contristavit,
777 3786 805 3835 et
819 3781 934 3835 omnino
976 3793 1033 3832 non
1042 3776 1136 3830 dimisi
1149 3776 1271 3847 aliquem
1283 3775 1405 3830 dormire
1416 3775 1463 3846 qui
1476 3775 1598 3831 habebat
1611 3777 1718 3848 aliquid
1724 3777 1773 3833 ad·

135 3867 257 3921 conatus
268 3880 332 3919 sum
344 3881 509 3921 conservare
523 3867 590 3922 illud
601 3868 676 3939 apud
691 3885 744 3923 me.
758 3869 792 3923 Et
802 3869 936 3941 depreca-
976 3882 1087 3920 versum
1109 3882 1164 3932 me,
1179 3881 1271 3936 neque
1282 3882 1334 3936 ego
1349 3864 1467 3919 dormivi
1481 3865 1588 3936 aliquid
1603 3865 1710 3922 habens
1722 3867 1774 3923 ad-

135 3957 264 4007 tussam
288 3953 378 4008 Deum
393 3959 425 4009 ut
445 3956 603 4011 auferretur
621 3975 639 4013 a
658 3974 713 4025 mc,
737 3963 765 4012 et
783 3958 872 4013 factus
894 3963 937 4013 est
976 3971 1088 4010 versum
1102 3954 1234 4026 aliquem.
1255 3955 1289 4008 Et
1304 3954 1371 4007 dicit
1386 3953 1412 4007 ei
1424 3970 1526 4008 senex:
1559 3955 1677 4026 Ignosce
1688 3957 1770 4025 mihi,

135 4056 231 4096 sermo
244 4041 415 4113 illesanguis
429 4044 457 4098 in
469 4061 517 4099 ore
533 4063 605 4101 meo.
622 4046 690 4101 Eece
703 4047 897 4119 exspuiillum,
908 4054 936 4104 ct
977 4044 1044 4116 quia
1057 4049 1107 4098 tua
1118 4043 1290 4098 conversatio
1306 4045 1398 4113 major
1411 4048 1454 4096 est
1467 4059 1539 4098 mea·

136 4129 272 4200 requievi,
286 4136 314 4185 et
329 4131 453 4187 dolorem
462 4134 543 4189 illum
558 4133 660 4190 oblitus
670 4153 743 4191 sum.
1014 4132 1057 4189 16.
1072 4131 1208 4186 Dicebant
1221 4132 1255 4186 de
1280 4130 1379 4185 abbate
1401 4131 1507 4185 Elladio
1524 4131 1578 4203 (11)
1595 4134 1662 4205 quia
1675 4134 1773 4192 feeerit

176 4215 219 4275 lo.
234 4218 319 4274 Venit
332 4219 484 4292 aliquando
499 4222 584 4278 abbas
597 4224 718 4279 Achilles
733 4224 762 4279 in
777 4226 876 4280 cellam
890 4226 936 4280 ab·
976 4221 1075 4292 viginti
1090 4238 1178 4276 annos
1196 4222 1225 4274 in
1244 4221 1322 4286 cella,
1340 4225 1368 4274 et
1382 4235 1437 4274 non
1451 4220 1585 4276 levaverit
1597 4224 1693 4279 oculos
1706 4241 1771 4280 suos

136 4305 215 4362 batis
229 4307 317 4375 lsaiae,
330 4308 360 4364 in
371 4309 433 4365 loco
440 4311 546 4383 Scytbi,
559 4318 587 4367 et
594 4312 700 4368 invenit
709 4330 773 4368 eum
788 4314 936 4370 comedeu-
977 4327 1098 4377 sursum,
1110 4317 1142 4364 ut
1163 4310 1270 4367 videret
1284 4314 1390 4363 tectum
1404 4309 1474 4379 ejus.

133 4397 208 4450 tem.
229 4396 344 4453 lliserat
357 4399 433 4454 enim
446 4400 474 4454 in
485 4401 609 4456 catinulo
621 4403 662 4456 sal
677 4407 706 4457 et
716 4392 971 4474 aquam.VidensD
1013 4397 1166 4466 56917.
1192 4397 1285 4453 Abbas
1297 4399 1390 4452 Zenon
1405 4397 1551 4453 ambulans
1567 4400 1719 4472 aliquando
1742 4400 1772 4459 in

137 4490 236 4540 autem
248 4486 314 4557 qnia
335 4486 481 4543 abscondit
494 4489 562 4546 illud
578 4496 642 4563 post
656 4491 760 4563 plectas
774 4494 808 4547 de
823 4492 935 4564 palmis,
977 4488 1128 4544 Palaestina
1138 4490 1228 4555 (Duff,
1246 4489 1293 4542 lib.
1311 4488 1772 4559 11,nam.7)‚cumlaborasset,re-

138 4570 210 4630 dicit
222 4573 263 4628 illi
278 4592 284 4628 :
301 4576 350 4630 Dic
365 4577 434 4632 mihi
450 4579 517 4649 quid
535 4579 742 4636 manducabas?
757 4583 807 4636 lllo
820 4599 935 4654 respon·
977 4578 1050 4634 sedit
1068 4584 1100 4632 ut
1115 4577 1296 4631 manducaret
1307 4577 1389 4647 juxta
1407 4577 1642 4635 cucumerarium.
1667 4580 1772 4637 Suade-

137 4658 184 4717 dit
199 4681 205 4716 τ
221 4662 334 4733 ignosce
350 4667 429 4733 mihi,
446 4666 527 4735 abba,
544 4669 725 4740 quiapalmas
738 4671 936 4733 incidebammt
977 4668 1026 4722 bat
1035 4671 1129 4721 autem
1143 4666 1168 4720 ei
1183 4666 1369 4721 animussuus
1382 4666 1499 4721 dicendo
1515 4685 1521 4720 ε
1535 4667 1612 4723 Tolle
1626 4668 1676 4723 tibi
1683 4686 1772 4727 unum

136 4751 253 4806 meandi
263 4753 293 4806 in
305 4769 407 4809 cauma
419 4753 473 4824 110)
492 4775 498 4809 :
522 4762 550 4811 et
571 4764 721 4829 propterea
735 4758 838 4815 intinxi
853 4761 935 4815 modo
977 4773 1164 4822 cucumerem,
1176 4761 1205 4810 et
1218 4756 1366 4810 manduca.
1383 4755 1526 4820 Quantum
1541 4762 1635 4813 autem
1650 4759 1706 4814 esti
1717 4761 1772 4824 Qui

136 4838 293 4896 buccellam
304 4842 333 4897 in
348 4845 415 4910 sale,
430 4845 532 4900 etinisi
545 4845 632 4901 inore
643 4865 722 4914 meo;
742 4849 808 4920 quia
823 4867 936 4905 exarue-
976 4846 1147 4917 respondens
1157 4845 1320 4915 cogitationi
1327 4862 1384 4900 suae
1392 4845 1473 4899 dixit:
1486 4846 1573 4901 Fures
1585 4846 1620 4900 ad
1629 4853 1772 4905 tormenta

136 4939 208 4984 runt
222 4928 315 4985 fauces
333 4948 402 4987 meae
418 4939 463 5000 ;et
473 4935 603 5005 quianon
616 4937 803 4992 descendebat
813 4938 937 4993 buccella
977 4936 1090 4989 vadunt.
1108 4934 1199 4988 Proba
1214 4951 1280 5004 ergo
1302 4934 1425 5005 teipsum
1438 4933 1467 4988 iu
1482 4935 1543 5001 boc,
1560 4936 1585 4990 si
1604 4942 1684 5009 potes
1697 4938 1771 4996 ferre

137 5033 226 5091 quam
236 5018 265 5073 in
275 5023 694 5097 oremeomiseram,propterea
707 5027 866 5097 compulsus
873 5044 935 5082 sum
976 5029 1125 5079 tormenta.
1143 5023 1197 5087 Qui
1212 5039 1383 5093 consurgens
1397 5024 1474 5077 stetit
1492 5025 1522 5079 in
1533 5041 1634 5081 cauma
1648 5028 1773 5101 quinque

133 5108 341 5178 superfundere
352 5111 493 5167 modicum
507 5129 586 5184 aqua>
597 5114 626 5168 in
641 5116 709 5182 sale,
720 5121 753 5170 ut
763 5114 806 5169 vel
820 5116 860 5169 sic
873 5134 936 5188 pos·
977 5113 1085 5178 diebus,
1102 5116 1130 5167 et
1143 5111 1284 5182 defrigens
1299 5112 1422 5183 seipsum
1435 5113 1464 5168 in
1478 5113 1546 5182 sole,
1569 5116 1680 5172 dicebat
1692 5117 1773 5190 quasi

136 5212 200 5251 sem
223 5197 345 5267 glutire:
370 5201 419 5255 sed
433 5201 546 5272 ignosce
571 5203 649 5259 mihi.
667 5204 701 5258 Et
725 5203 835 5261 dicebat
852 5205 937 5262 abbas
979 5202 1090 5257 animus
1109 5203 1170 5272 ejus
1193 5202 1229 5255 ad
1244 5201 1387 5272 seipsum:
1409 5203 1472 5257 Non
1489 5220 1603 5274 possum
1627 5206 1700 5262 ferre
1719 5213 1775 5262 tor-

137 5285 278 5341 Achilles:
296 5288 396 5343 Venite
411 5296 440 5344 et
460 5292 551 5346 videte
570 5293 672 5347 lsaiam
686 5294 880 5349 comedentem
894 5297 939 5366 ju·
979 5298 1083 5347 monta.
1100 5290 1176 5346 Dixit
1185 5308 1251 5361 ergo
1265 5291 1300 5345 ad
1312 5292 1437 5347 animum
1454 5310 1537 5349 suum
1556 5315 1562 5349 ε
1586 5295 1616 5351 Si
1630 5313 1686 5351 non
1697 5301 1777 5367 potas

136 5373 259 5431 scellam
286 5376 315 5432 in
336 5379 441 5451 Scythi.
469 5381 498 5436 si
511 5383 559 5452 jus
576 5383 745 5438 manducare
759 5383 808 5451 vis,
826 5384 895 5440 vade
909 5386 938 5441 in
980 5375 1093 5454 portare
1104 5386 1254 5447 tormenta,
1270 5397 1336 5451 ergo
1351 5398 1407 5436 non
1414 5383 1507 5454 rapias
1522 5386 1721 5442 utmanduces.

137 5462 310 5536 AEgyptum.
1021 5469 1063 5527 18.
1075 5470 1150 5525 Dixit
1165 5469 1418 5526 abbasTbeodorus
1435 5473 1500 5545 laih,
1516 5474 1699 5544 TheodotusJ:
1716 5472 1779 5528 lno-

177 5550 220 5609 ll.
237 5552 373 5612 Dicebant
385 5557 421 5613 de
434 5557 533 5618 abbate
543 5560 944 5635 Ammoy,quiaaegrotaret,et
985 5560 1033 5631 pia
1046 5559 1126 5631 panis
1146 5559 1279 5616 tabefacit
1302 5561 1431 5618 monachi
1453 5578 1565 5636 corpus.
1590 5564 1670 5621 Alter
1687 5566 1783 5622 suum
