3818 6120
129 293 181 354 099
693 272 740 328 DE
759 266 854 326 Viris
872 258 1022 318 Pernen
1040 263 1149 320 LIBER
1169 266 1202 320 V.
1715 274 1768 336 ω)

128 424 201 479 siem
215 421 358 490 ingressus
373 409 434 465 est‘l
449 408 485 464 Et
495 405 592 460 dicunt
602 400 628 456 ei
639 419 645 453 :
658 400 714 454 Nos
729 394 872 451 neminem
884 387 925 442 ri·
935 387 961 446 Α
970 402 1114 460 uunquam
1127 390 1210 447 debet
1223 394 1433 464 quovis,auasus
1448 397 1483 453 ab
1493 399 1600 472 aliquo,
1609 403 1705 474 egredi
1712 405 1768 460 021.

129 513 221 568 dimus
236 506 323 561 alium
337 501 392 556 nisi
406 506 434 553 te
458 500 581 552 tantum.
605 492 684 546 Tunc
700 484 829 557 cognorit
841 481 928 535 freter
969 478 1125 534 lamsuam.

128 602 175 655 illc
189 598 256 669 quie
270 595 378 648 daemon
393 588 502 649 luisset,
514 591 542 639 et
551 579 719 637 dixit:Vide
733 591 798 630 cum
811 588 867 643 qua
881 586 927 624 ar·
1004 566 1049 624 15.
1078 570 1224 626 Venerunt
1234 575 1349 644 quidam
1364 577 1392 631 in
1410 580 1552 634 eremoed
1566 597 1769 653 senemqueru·

127 688 207 761 gutia
213 683 340 740 diabolus
354 695 399 734 me
407 677 490 749 ejecit
503 675 537 728 dc
544 672 615 726 celle
621 665 753 735 mea3sed
761 670 856 718 tamen
870 675 928 714 nou
969 656 1033 710 dam
1051 673 1198 729 magnum,
1214 670 1242 717 et
1256 663 1387 720 dixerunt
1400 667 1441 720 ei:
1463 668 1612 733 Quomodo
1623 678 1769 727 contentus

128 778 164 832 ed
179 792 225 830 me
237 772 367 845 pertinet,
386 767 452 840 quia
465 763 692 829 adbonumopus
702 755 784 821 reni;
804 749 926 823 percipio
969 761 999 799 es
1009 745 1065 810 hic,
1082 747 1163 816 abba,
1180 756 1208 805 et
1218 753 1340 808 sustines
1355 754 1658 827 laboremhuncliluffl,
1668 763 1716 814 lib.
1728 775 1767 827 111,

128 881 229 937 corpus
243 868 272 916 et
285 858 450 930 sanguinem
462 851 575 917 Christi,
592 855 621 903 et
634 847 674 902 sic
686 847 811 899 revertar
825 841 860 894 ad
875 838 929 894 cel·
970 851 999 889 a.
1015 834 1039 903 3]
1060 836 1095 891 Et
1109 838 1179 893 dixit
1191 840 1231 894 eis
1245 858 1344 897 senex:
1371 845 1457 900 Totus
1467 846 1547 901 labor
1561 848 1768 920 temporismei,

127 957 185 1010 iam
199 968 301 1008 meam.
313 950 348 1004 Et
367 952 429 1019 post
448 944 534 998 iactas
546 939 645 994 misses
657 937 685 990 in
696 932 821 997 ecclesie,
833 929 928 984 volens
969 940 1053 994 quem
1066 925 1111 980 liic
1125 929 1260 996 sustineo,
1287 949 1342 986 non
1358 940 1401 989 est
1424 935 1543 991 idoneus
1561 937 1725 1008 comparari
1738 938 1770 994 nd

123 1042 229 1099 reverti
242 1042 330 1097 trater
339 1037 386 1091 ille
397 1035 432 1090 ed
442 1032 541 1088 cellam
553 1043 643 1091 suam,
661 1023 752 1078 tenuit
763 1036 827 1075 eum
842 1016 928 1071 abbas
971 1029 1056 1067 unam
1082 1015 1157 1070 diem
1176 1024 1381 1077 tormentorum
1398 1040 1460 1095 quae
1474 1025 1672 1096 peccatoribus
1686 1027 1716 1082 in
1730 1030 1770 1083 iu·

129 1129 293 1189 monasterii
303 1127 408 1200 ipsius,
421 1124 529 1178 dicens:
550 1117 611 1173 Nisi
629 1111 758 1168 refeceris
773 1107 926 1171 nobiscum,
970 1107 1034 1158 turo
1045 1106 1145 1160 saeculo
1155 1118 1358 1181 praeparantur⁸

129 1239 186 1279 non
196 1220 371 1276 dimittemus
380 1219 408 1268 te
420 1208 638 1267 revertiEtcum
646 1200 816 1275 percepisset
825 1194 927 1259 cibum,
1005 1192 1049 1249 to.
1066 1194 1182 1251 Dicebat
1196 1214 1295 1254 sonex:
1319 1201 1390 1265 Quia
1400 1203 1509 1274 antiqui
1534 1220 1594 1259 non
1606 1204 1664 1259 cito
1674 1204 1771 1276 migra·

129 1326 259 1367 reversus
269 1306 348 1362 estin
361 1303 557 1360 cellamsuam.
570 1296 603 1350 ut
619 1309 682 1348 eece
691 1291 793 1345 iterum
801 1284 929 1340 diabolus
972 1281 1039 1337 bant
1058 1284 1092 1338 de
1107 1285 1167 1340 loco
1179 1287 1214 1341 ad
1228 1289 1330 1356 iocum,
1346 1291 1400 1345 nisi
1423 1292 1494 1347 torte
1510 1310 1561 1364 pro
1578 1293 1674 1348 tribus
1683 1293 1770 1362 rebus,

131 1399 249 1455 venitin
263 1392 477 1451 similitudinem
493 1384 604 1458 iuvenis
614 1380 761 1452 cujusdam
775 1373 926 1437 secularis,
971 1371 999 1424 id
1014 1375 1094 1439 (·st,si
1110 1376 1171 1446 quis
1187 1382 1257 1444 eret,
1269 1379 1538 1449 quicontristaretur
1551 1383 1690 1438 adversus
1699 1399 1771 1452 eum,

137 1494 166 1546 et
179 1488 263 1560 coepit
276 1500 341 1540 eum
350 1469 730 1552 respicereasummocepite
740 1464 873 1537 usquead
885 1478 932 1534 pe·
972 1466 1000 1514 et
1014 1463 1188 1519 satisfaciens
1204 1466 1230 1520 ei
1243 1470 1398 1538 peremnia
1413 1487 1470 1525 nen
1486 1472 1628 1544 potuisset
1641 1489 1707 1526 eum
1719 1473 1771 1543 pla·

131 1578 189 1643 des,
206 1582 235 1631 et
246 1575 354 1629 dicere:
381 1571 495 1642 lpseest
509 1562 583 1619 iste?
605 1557 783 1616 Nonesthic.
797 1553 835 1609 Et
848 1551 932 1623 eoepit
971 1566 1036 1606 care
1051 1559 1118 1619 ;aut
1130 1554 1232 1610 iterum
1247 1557 1270 1610 si
1284 1558 1448 1629 contigisset
1461 1565 1494 1615 ut
1508 1560 1668 1632 apluribus
1681 1562 1771 1616 laudi.

131 1683 195 1723 eum
211 1663 398 1718 considerare.
425 1658 459 1712 Et
473 1655 544 1711 dixit
558 1653 584 1707 ei
599 1651 701 1704 irater:
723 1647 816 1710 Quare
831 1659 876 1696 me
891 1641 931 1695 sic
971 1645 1059 1707 retur,
1074 1647 1125 1698 eut
1134 1644 1157 1697 si
1173 1645 1201 1698 in
1209 1647 1365 1701 tantamne
1373 1648 1750 1706 fornicationisincurrissei.

130 1755 246 1827 respicis
257 1750 371 1807 ‘lAtille
380 1748 438 1803 ait:
455 1746 526 1799 Puto
541 1757 597 1795 non
609 1754 654 1792 me
663 1733 819 1806 cognoscis:
834 1736 963 1800 tamenn
1008 1728 1052 1784 ti.
1066 1731 1165 1786 Frater
1175 1734 1289 1805 quidam
1305 1736 1376 1791 dixit
1387 1736 1481 1793 abbati
1492 1739 1631 1794 Arsenio:
1650 1739 1724 1804 Quid
1733 1740 1770 1794 ia-

130 1851 195 1917 post
208 1846 319 1898 tautum
328 1845 439 1908 tempus
450 1830 644 1905 quomodome
654 1824 740 1879 habes
750 1818 930 1892 cognoscere?
970 1817 1022 1884 cio,
1038 1819 1119 1888 abba,
1136 1822 1202 1892 quia
1215 1823 1354 1895 affligora
1372 1828 1542 1898 cogitatione
1559 1845 1635 1894 mee,
1652 1829 1747 1884 dicens
1763 1849 1768 1882 ς

132 1949 185 2004 ego
200 1948 262 1987 sum
276 1929 383 1983 vicinus
405 1923 493 1997 patris
508 1919 559 1986 tui,
573 1917 647 1971 silius
662 1913 747 1967 iliius.
764 1906 930 1974 Quomodo?
971 1907 1042 1970 Quia
1052 1926 1108 1964 non
1119 1916 1198 1982 potes
1210 1914 1350 1984 jejunare,
1361 1920 1457 1980 580
1470 1933 1563 1988 neque
1583 1916 1726 1982 laborare,
1735 1917 1770 1972 rel

131 2024 195 2079 Non
210 2025 253 2075 est
267 2018 358 2074 dictus
373 2020 453 2087 pater
467 2017 534 2066 tuus
549 2008 598 2070 sic,
612 2011 640 2059 et
651 2006 799 2057 matertua
812 1998 869 2052 tale
882 2012 930 2050 no
971 1995 1100 2054 infirmos
1111 2000 1235 2069 visitare,
1252 2003 1318 2074 quie
1328 2008 1357 2058 et
1370 2005 1423 2059 hoc
1437 2022 1545 2061 merces
1559 2006 1771 2062 esti'ideneae

131 2127 197 2168 men
207 2126 265 2165 non
283 2106 423 2174 habuit,et
439 2117 519 2157 soror
529 2105 580 2154 tua
591 2096 630 2151 sic
642 2109 699 2148 non
710 2096 754 2146 est
765 2090 881 2151 dictaei
897 2091 929 2141 tu
971 2090 1028 2139 tem
1047 2104 1133 2142 senex
1162 2090 1301 2146 diabolica
1319 2093 1428 2148 semina
1450 2112 1521 2160 esse,
1537 2096 1610 2150 dixit
1626 2095 1673 2149 ei:
1692 2095 1770 2161 Vede,

131 2201 171 2257 sic
180 2216 236 2255 non
246 2194 370 2252 voceris?
380 2188 554 2260 etmancipie
563 2182 704 2239 ilieetiile
710 2180 809 2234 sicnon
817 2181 883 2231 sunt
891 2175 931 2229 di·
976 2176 1123 2244 manduca,
1140 2176 1213 2244 bibe,
1230 2185 1259 2234 et
1268 2180 1369 2247 dormi,
1380 2184 1580 2239 tantummodo
1592 2184 1629 2238 de
1642 2185 1716 2239 φη,
1725 2200 1772 2240 non

130 2290 189 2346 ctai
198 2289 289 2344 Mater
303 2299 368 2339 vero
380 2287 430 2336 tua
439 2285 557 2334 etsoror
570 2278 635 2329 ante
645 2278 703 2326 tres
716 2284 804 2323 annos
817 2270 934 2320 mortuae
975 2279 1067 2332 excas,
1080 2266 1171 2322 sciens
1182 2269 1248 2339 quia
1257 2272 1467 2341 perseverantia
1476 2272 1555 2327 celiae
1570 2273 1705 2344 perducit
1719 2288 1772 2329 mo.

131 2385 216 2446 suut,
232 2381 313 2449 peter
325 2389 390 2427 xero
402 2376 468 2425 tuus
481 2365 564 2422 modo
579 2361 726 2418 defunctus
740 2361 792 2423 est,
808 2360 837 2409 11
849 2361 878 2409 11
892 2354 933 2408 11-
976 2355 1096 2408 nacbum
1105 2356 1134 2410 in
1145 2357 1271 2413 ordinem
1281 2377 1374 2414 suum.
1388 2361 1510 2426 Quicum
1525 2361 1714 2418 iecissettres
1723 2362 1773 2417 diu

131 2469 170 2523 cit
184 2464 334 2528 heredem,
351 2461 462 2515 dicens:
474 2455 526 2511 Cui
540 2451 630 2507 habeo
645 2446 786 2501 dimittere
801 2443 933 2498 substan·
975 2443 1140 2499 extaediatus
1151 2452 1235 2513 est,et
1248 2448 1392 2504 inveniens
1408 2467 1511 2521 paucas
1525 2451 1686 2523 palmulas,
1703 2451 1774 2507 scidit

130 2557 201 2611 tiam
216 2569 319 2618 meam,
335 2548 390 2605 nisi
403 2547 461 2602 silio
477 2559 539 2621 meo
561 2541 620 2594 viro
635 2541 742 2601 sancto,
757 2533 804 2605 qui
820 2533 933 2603 reliquit
975 2549 1041 2602 eas;
1058 2541 1087 2589 11
1101 2536 1203 2592 iterum
1217 2537 1246 2592 in
1257 2539 1379 2594 crastino
1393 2540 1478 2612 coepit
1492 2541 1620 2612 plectam
1644 2541 1737 2597 facem
1747 2557 1775 2597 a

131 2620 931 2709 seculum‚etabiitpostDeumllpsidimittoomniubo·
974 2622 1024 2677 cis.
1042 2624 1174 2688 Quicum
1204 2628 1349 2695 esurisset,
1375 2629 1446 2684 dixit
1463 2629 1540 2685 intre
1560 2647 1613 2701 se:
1638 2630 1775 2687 medi.

131 2751 170 2790 na
194 2747 268 2787 mee.
284 2728 367 2785 iiodo
382 2729 477 2780 autern
493 2721 542 2794 qui
555 2719 641 2775 habet
661 2713 822 2779 Dominum,
838 2717 867 2765 et
880 2709 934 2765 scit
974 2728 1069 2782 paucae
1082 2721 1149 2769 sunt
1157 2717 1267 2787 palmae,
1280 2717 1387 2788 explico
1397 2734 1454 2783 eas,
1471 2718 1665 2778 etmendnco.
1677 2720 1773 2777 Etcum

130 2823 179 2878 ubi
192 2825 244 2888 est,
260 2820 344 2883 dicet,
355 2821 387 2872 ut
401 2815 515 2869 veniens
529 2811 667 2866 distrahat
681 2821 793 2864 omnem
807 2800 933 2857 substan·
974 2803 1205 2875 perexpendisset
1219 2822 1276 2874 eas,
1293 2807 1363 2862 dixit
1376 2807 1488 2862 iterum:
1501 2809 1580 2880 Lego
1590 2807 1775 2880 patrumm

133 2913 213 2977 tiam,
229 2916 258 2965 et
271 2911 368 2979 eroget
388 2920 450 2958 earu
467 2899 638 2974 pauperibus
653 2915 703 2972 pro
716 2895 811 2951 anime
829 2906 891 2945 mea
906 2894 934 2944 et
976 2892 1123 2948 manduco.
1141 2895 1248 2949 Etcum
1259 2896 1380 2966 legisset,
1399 2897 1487 2951 dixit:
1503 2896 1604 2952 Dicam
1620 2898 1774 2969 aliquanto.

133 3017 194 3057 sua.
211 3001 247 3055 Et
260 2997 446 3070 perrexerunt
453 2991 535 3046 multi
545 2989 720 3061 requirentes
730 2991 768 3051 te,
779 2988 807 3037 et
819 2979 934 3035 minime
976 2982 1108 3051 psalmos,
1125 2985 1220 3054 etjam
1234 3000 1349 3039 securus
1369 2985 1517 3040 manduco.
1545 2985 1635 3040 Etite
1643 2985 1772 3058 paulatim

132 3092 302 3147 invenerunt
317 3105 324 3154 3
355 3100 406 3155 ego
433 3087 528 3136 autem
543 3079 657 3134 veniens
671 3094 704 3131 ex
719 3072 863 3129 occasione
885 3084 935 3140 pro
945 3050 969 3115 0
977 3070 1141 3141 proficiebat
1155 3073 1213 3127 Deo
1223 3080 1400 3146 cooperante,
1416 3074 1504 3129 donec
1527 3075 1642 3129 reniret
1656 3075 1693 3129 ad
1705 3073 1772 3131 ordi.

133 3181 255 3254 quodam
266 3191 350 3248 opere
364 3174 428 3238 huc,
444 3169 559 3241 cognovi
569 3166 696 3223 tezunde
710 3179 766 3219 non
781 3161 865 3216 iacias
878 3174 936 3214 mo·
976 3176 1041 3214 nem
1063 3177 1156 3216 suum.
1188 3163 1299 3218 Etcum
1313 3164 1465 3234 accepisset
1488 3163 1627 3219 fiduciam
1640 3165 1768 3219 advena,

133 3289 189 3335 ras,
205 3269 254 3324 sed
270 3264 331 3320 veni
343 3269 371 3318 et
384 3261 472 3315 vende
486 3257 589 3321 omnia,
611 3256 696 3311 etiae
711 3250 865 3307 secundum
886 3263 936 3300 vo·
976 3250 1160 3320 cogitationes
1175 3252 1273 3318 melas,
1293 3252 1483 3313 vincebateas,

131 3362 270 3416 luntatem
284 3353 372 3426 patris
387 3351 438 3406 tui.
454 3347 634 3420 Respondcns
646 3338 935 3398 fraterilledixitzNon
1011 3336 1057 3395 28.
1087 3341 1279 3412 Interrogatus
1298 3349 1341 3396 est
1360 3359 1453 3408 senex,
1471 3358 1560 3413 quare
1575 3342 1680 3398 sedens
1694 3343 1773 3398 mm

132 3463 246 3505 necesse
273 3443 363 3498 habeo
375 3438 476 3494 reverti
491 3437 527 3491 ad
542 3435 683 3490 saeculum.
701 3430 775 3486 Dicit
790 3426 931 3483 diabolus:
975 3429 1004 3482 in
1019 3430 1090 3484 cella
1101 3430 1217 3485 taedium
1228 3436 1382 3502 pateretur.
1400 3433 1435 3485 Et
1448 3432 1520 3486 dixit
1533 3432 1561 3486 ei
1575 3448 1664 3487 senex
1680 3451 1686 3485 :
1707 3430 1772 3497 Quis

134 3540 164 3596 Si
177 3552 234 3592 non
244 3531 363 3598 veneris,
379 3535 408 3583 et
419 3525 570 3599 deperierit
582 3521 741 3581 substantia
755 3520 813 3575 illa,
829 3517 858 3570 in
871 3529 934 3569 con·
975 3519 1129 3574 adhucnon
1145 3520 1238 3575 vidisti
1249 3538 1340 3592 neque
1356 3526 1497 3592 speratam
1522 3522 1766 3588 resurrectionem,

133 3633 231 3700 spectu
246 3623 297 3680 Dei
312 3626 343 3675 tu
372 3617 471 3675 exinde
487 3615 587 3669 reddes
600 3613 749 3667 rationem.
766 3607 839 3672 Quid
859 3604 934 3660 enim
975 3624 1066 3679 neque
1080 3625 1197 3664 amensa
1215 3615 1381 3665 mmm,
1408 3627 1474 3664 nam
1488 3609 1512 3665 ,i
1527 3609 1588 3665 Μ
1604 3610 1733 3678 vidiffl'
1746 3613 1772 3664 et

132 3713 201 3770 meli
215 3712 277 3767 dico
292 3708 389 3775 tibi,ut
400 3705 495 3759 venias
511 3707 539 3756 et
554 3717 654 3771 eroges
672 3717 706 3753 ea
720 3692 891 3769 pauperibus
906 3696 936 3746 et
977 3697 1017 3750 ita
1030 3703 1105 3752 esset
1114 3699 1184 3753 celle
1196 3704 1247 3753 tua
1258 3700 1343 3770 plene
1358 3698 1510 3766 vermibus,
1527 3703 1561 3754 ut
1571 3716 1666 3772 usque
1675 3699 1710 3754 ed
1722 3695 1772 3753 001.

134 3801 240 3873 egenis,
254 3796 393 3870 quomodo
407 3793 498 3848 bonus
509 3790 693 3861 dispensator,
706 3792 800 3841 utnon
811 3800 828 3837 e
840 3797 933 3836 merc·
975 3785 1033 3840 lum
1044 3792 1124 3842 tuum
1140 3789 1307 3859 mergereris
1317 3789 1346 3843 in
1362 3788 1439 3860 ipsis,
1452 3789 1611 3846 sustineres
1626 3790 1733 3861 utique,
1745 3789 1771 3842 et

133 3888 250 3946 tricibus
264 3891 294 3941 et
308 3884 381 3939 male
395 3879 551 3936 viventibus
566 3877 725 3942 extricetur,
738 3873 811 3946 quod
826 3887 932 3944 paupe·
974 3892 1030 3931 non
1038 3877 1237 3951 extaediareris.

133 3976 364 4035 ributdimissum
374 3970 436 4027 est‘l
449 3974 499 4024 aut
508 3967 575 4039 quid
586 3981 734 4021 onerosum
744 3969 787 4017 est
800 3960 930 4017 utveniae
1007 3964 1051 4022 29.
1068 3968 1225 4032 Quemdem
1234 3985 1329 4023 senem
1340 3967 1476 4041 rogabant
1490 3967 1642 4035 fratres,ut
1654 3967 1772 4040 quiesce-

134 4075 163 4123 et
180 4066 264 4122 tucius
278 4065 474 4133 eleemosynas
490 4056 642 4112 secundum
658 4055 830 4109 veluntatem
842 4049 930 4122 petris
971 4059 1042 4110 reta
1056 4057 1135 4126 gravi
1150 4055 1255 4111 labore.
1271 4057 1321 4112 1111
1344 4063 1438 4113 autem
1449 4056 1597 4129 respondit
1611 4056 1672 4112 eis:
1703 4055 1765 4112 cta-

133 4158 176 4214 tui
191 4172 243 4230 pro
264 4153 360 4209 anima
386 4156 446 4211 tua,
461 4154 490 4202 et
505 4145 654 4201 revertaris
668 4145 698 4198 in
712 4143 810 4198 cellum
824 4137 929 4194 tuam?
969 4143 1027 4198 dite
1042 4144 1121 4212 mihi,
1137 4163 1153 4200 0
1168 4146 1229 4213 filii,
1246 4147 1313 4219 quia
1332 4146 1474 4202 Abraham
1487 4145 1690 4219 poenitebetur,
1706 4159 1764 4200 cum

132 4245 206 4312 Quid
220 4240 331 4299 multe?
346 4238 466 4295 suadens
475 4235 590 4290 fratrem
604 4232 769 4305 deposuitin
784 4229 926 4297 seculum
970 4233 1077 4288 videret
1091 4251 1194 4306 magua
1208 4240 1237 4290 et
1249 4236 1382 4307 preclara
1404 4237 1477 4291 dena
1492 4236 1553 4303 Dei,
1569 4252 1624 4290 cur
1637 4251 1694 4291 non
1708 4250 1764 4289 em·

132 4342 161 4391 et
170 4334 284 4390 veniens
296 4346 361 4386 cum
371 4344 404 4383 eo
416 4342 504 4397 usque
518 4324 554 4378 ad
569 4320 839 4391 civitatem,reliquit
852 4335 926 4373 cum.
971 4324 1046 4395 plius
1056 4323 1140 4379 merit
1153 4324 1182 4379 in
1197 4324 1340 4380 laboribus
1354 4325 1523 4382 decertatus·

133 4424 228 4480 Voluit
238 4427 332 4478 autem
341 4418 428 4472 trater
442 4416 490 4469 iile
498 4411 608 4484 ingredi
614 4410 643 4466 in
652 4411 766 4466 domum
777 4409 866 4480 patris
873 4407 960 4475 sui,D
1005 4411 1049 4469 30.
1062 4414 1161 4467 Frater
1174 4414 1469 4486 interrogaritsenem,
1481 4413 1594 4469 dicens:
1614 4412 1764 4486 Cogitatio-

132 4518 268 4586 tanquam
278 4511 339 4580 jem
353 4505 483 4561 defuncto
495 4517 607 4566 eo,ecce
618 4501 678 4571 ipse
692 4504 773 4570 pater
781 4499 842 4568 ejus
851 4497 929 4552 rivus
970 4519 1020 4558 nes
1035 4520 1103 4558 meae
1114 4509 1224 4571 nutant,
1241 4511 1269 4559 et
1280 4503 1409 4562 ,sibulon
1426 4505 1460 4559 Et
1472 4505 1520 4559 ifle
1535 4503 1608 4559 dixi,
1624 4523 1630 4559 :
1648 4505 1691 4559 Tu
1704 4500 1765 4558 mdo

133 4599 341 4676 egrediebatur3
353 4601 382 4651 et
395 4595 490 4648 ridens
503 4607 567 4646 eum
581 4605 638 4644 non
650 4589 786 4659 cognovit,
798 4594 827 4641 11
840 4587 880 4641 ait
893 4586 929 4640 ed
974 4609 1001 4647 m
1014 4593 1084 4647 cella
1098 4599 1156 4661 tua,
1173 4599 1201 4648 et
1225 4592 1408 4665 cogitationes
1423 4594 1526 4648 iterum
1540 4593 1662 4650 „eninm
1677 4611 1683 4659 ;
1699 4592 1768 4647 sim

134 4709 199 4750 eum
215 4709 221 4745 :
237 4687 357 4760 'inquis
372 4682 419 4739 es?
435 4682 485 4737 lile
500 4695 564 4734 xero
589 4678 720 4734 turbatus
734 4677 803 4749 nihii
819 4681 930 4748 poterat
972 4683 1046 4737 enim
1057 4683 1081 4736 si
1095 4684 1176 4738 asina
1190 4683 1276 4753 ligata
1290 4684 1337 4751 sit,
1349 4684 1442 4756 pullus
1455 4684 1518 4754 ejus
1534 4686 1659 4752 Vagatur
1671 4686 1765 4737 etum„

133 4772 443 4853 respondere.i2tcu÷pit
457 4786 522 4825 eum
533 4769 635 4824 iterato
651 4773 731 4838 pater
739 4768 800 4837 ejus
813 4766 931 4820 interro·
971 4773 1009 4826 rit
1023 4772 1077 4827 huc
1088 4777 1172 4843 atque
1183 4771 1257 4838 illuc,
1274 4789 1386 4843 semper
1397 4777 1492 4826 autem
1503 4772 1540 4826 ad
1555 4777 1679 4826 matrem
1691 4783 1766 4825 suam

133 4885 202 4940 gere
215 4867 290 4922 unde
304 4863 467 4920 essetTunc
479 4858 620 4924 confusus,
643 4856 713 4911 dixit
722 4855 748 4910 ei
763 4873 768 4909 :
785 4856 843 4925 Ego
867 4870 930 4910 sum
972 4861 1130 4928 revertitur,
1147 4859 1307 4932 ubicunque
1321 4861 1394 4928 ierit;
1405 4860 1445 4914 ite
1454 4865 1538 4915 erunt
1546 4864 1575 4914 et
1585 4858 1766 4932 cogitationes

134 4958 211 5012 iilius
223 4960 298 5010 tuus.
312 4953 398 5008 Etait
412 4951 454 5006 ei:
471 4950 509 5005 Ut
517 4947 584 5020 quid
596 4963 723 5001 reversus
736 4944 931 5002 esiErubesce·
971 4951 1032 5021 ejus
1049 4950 1096 5021 qui
1115 4955 1230 5022 propter
1249 4950 1339 5004 Deum
1360 4948 1546 5005 polemium,
1570 4949 1602 5004 in
1630 4948 1703 5004 oefl,
1717 4960 1767 5002 m

136 5045 185 5101 bat
198 5050 293 5098 eutem
308 5043 333 5097 ei
349 5041 451 5106 dicere,
475 5037 549 5110 quod
563 5041 677 5091 ventum
693 5041 763 5102 erat,
784 5035 832 5089 sed
846 5035 927 5089 dixit:
971 5039 1108 5094 resederit
1124 5059 1130 5106 ;
1158 5040 1224 5110 quia
1243 5039 1296 5095 etsi
1310 5039 1345 5093 ad
1360 5038 1501 5094 modicum
1521 5043 1637 5107 nutent,
1659 5037 1709 5094 sed
1721 5035 1768 5092 ite·

135 5133 264 5192 uiantes
277 5136 328 5186 tua
341 5130 407 5185 iecit
416 5145 461 5183 me
476 5124 670 5197 reverti,'quie
683 5125 876 5179 desiderabam
890 5129 928 5179 11.
970 5146 1035 5184 rum
1054 5134 1232 5183 revertuntur
1244 5129 1278 5183 ad
1295 5145 1370 5185 cum.

133 5226 169 5281 Et
182 5218 410 5278 remanentium
424 5223 488 5289 posi
500 5217 675 5288 aliquantum
690 5220 800 5286 tempus
813 5214 933 5271 incurrit
1006 5216 1052 5274 31.
1069 5218 1158 5272 Senex
1175 5217 1289 5289 quidam
1311 5216 1426 5273 sedebat
1439 5217 1469 5272 in
1483 5233 1591 5283 eremo,
1617 5217 1667 5289 qui
1690 5216 1767 5286 louge

134 5316 165 5370 in
178 5307 401 5373 fornicationem,
417 5312 446 5360 ct
460 5306 556 5360 multis
566 5305 708 5377 suppliciis
720 5305 841 5359 afflictus
855 5321 873 5358 a
885 5321 931 5376 pe·
973 5307 1093 5362 habebat
1107 5323 1238 5380 squama
1252 5308 1323 5362 celia
1342 5324 1402 5376 sua,
1427 5323 1478 5379 per
1491 5306 1643 5362 duodecim
1660 5304 1765 5369 millix;

135 5396 347 5466 “⁰⁸⁰⁰’ins0ffi
356 5395 478 5466 i1³⁸⁶¹¹⁰¹¹
492 5394 812 5466 ‘giipoessiiessfiflfflised
823 5411 932 5450 reman-
972 5397 1020 5451 ubi
1030 5397 1098 5452 dum
1108 5398 1194 5452 semel
1200 5398 1254 5452 iret
1261 5395 1374 5452 haurire
1384 5412 1497 5468 equam,
1514 5395 1628 5462 deiecit,
1638 5401 1667 5450 et
1677 5393 1764 5449 dixit:

134 5494 171 5552 sit
186 5493 217 5548 in
230 5485 331 5545 seculo
347 5503 354 5553 ;
369 5483 487 5555 ideoque
500 5482 571 5550 dico,
587 5483 768 5557 tratres,quie
779 5486 932 5542 monachus
973 5486 1046 5551 Quid
1062 5504 1174 5542 necesse
1185 5493 1228 5542 est
1240 5492 1273 5543 ut
1284 5488 1358 5542 hunc
1371 5485 1496 5542 laborem
1511 5485 1629 5558 petiur‘?
1645 5485 1768 5541 Venioet

973 5576 1069 5633 habito
1082 5579 1156 5633 circe
1166 5576 1269 5649 aquam
1284 5578 1365 5634 hunc.
1383 5578 1494 5633 Etcum
1509 5577 1562 5632 hoc
1573 5576 1766 5641 dixissetcon·
