3818 6120
54 116 109 177 518
252 115 340 175 vl'rt
358 113 580 174 saumuauu
598 108 773 175 mmsis
788 100 1023 174 nummi·
1040 104 1224 173 JOSAPHA'I'
1242 114 1355 174 INDIAE
1374 116 1491 178 asma.
1646 124 1700 185 tls

53 258 98 312 ne,
118 247 207 316 stqns
225 241 351 299 mmm
367 256 462 299 msam
482 241 519 299 de
539 242 668 299 mmedia
686 242 757 297 educ
771 242 853 310 (esar.
865 238 1055 305 Aantecellat,
1071 255 1135 294 cum
1149 240 1233 312 paulo
1246 246 1312 299 ante
1322 247 1355 300 tu
1369 259 1418 301 ees
1438 244 1468 301 in
1482 258 1587 319 magna
1598 244 1694 323 inopia

53 336 238 400 mumma
247 330 357 388 itineris
364 330 408 388 tui
416 331 525 387 mnium
535 330 686 398 adhibent
695 331 794 387 mnndi
804 331 855 385 im·
895 328 986 383 vivere
1000 333 1085 399 atque
1098 335 1224 385 extrema
1233 338 1399 404 paupertate
1409 335 1565 391 conflictari
1578 336 1692 395 dixeris.

53 428 171 495 poetam
195 436 310 494 prorsus
331 421 476 489 liberabis,
492 426 553 476 turn
577 421 698 493 denique
721 420 855 476 salutaris
896 417 1036 481 Quidnam
1047 418 1115 474 item
1134 419 1180 486 sit,
1196 422 1378 492 quamobrem
1393 441 1467 480 nunc
1482 442 1527 481 me
1540 443 1693 500 pauperem

52 509 188 584 baptismi
202 511 325 583 sigillum
340 511 485 582 accipiam,
501 510 663 583 sociumque
678 527 724 566 me
742 509 792 564 tibi
808 509 856 563 ad·
896 507 1028 578 appelles,
1044 524 1108 565 cum
1130 515 1226 564 autem
1241 511 1422 583 amplissimis
1443 514 1542 586 opibus
1558 518 1692 588 preditus

52 599 191 656 munda
210 600 296 671 hujus
308 600 492 672 philosophia
505 605 590 672 atque
600 599 707 655 eximiae
721 598 856 655 exercita-
896 595 985 660 luere,
999 595 1115 652 minime
1130 598 1273 655 liberalem
1281 600 1339 656 lore
1349 602 1434 670 dicas,
1448 606 1495 677 qui
1507 623 1581 662 nunc
1591 609 1627 663 nd
1640 610 1694 664 lar-

52 689 140 746 tiouis
155 689 305 763 praebeam.
895 684 1028 756 giendum
1042 694 1189 759 promptus
1203 704 1235 744 ac
1254 707 1409 762 propensus
1424 711 1497 750 sum.

85 778 168 834 Dixit
180 784 277 835 autem
290 778 327 834 ad
336 794 403 834 eum
413 778 542 834 Barlaam
556 796 563 832 ι
580 779 695 851 Capreae
707 777 856 832 hinnulum
931 773 1086 845 Respondit
1100 777 1228 832 Barlaam
1248 796 1253 831 :
1270 779 1333 835 Non
1348 797 1395 836 eos
1416 790 1581 855 paupertate
1596 789 1694 845 conili-

54 867 131 923 dives
145 868 286 940 quispiam
301 867 368 923 olim
382 867 475 922 alebat
486 886 492 922 :
503 884 568 922 cum
580 873 676 923 sutem
686 867 746 938 ipse
757 866 857 920 crevis-
896 863 1042 930 ctaridixi,
1057 865 1106 919 scd
1117 866 1289 923 inexhaustis
1298 870 1390 940 potius
1401 872 1500 943 opibus
1509 875 1693 932 llorereNam

53 957 346 1024 sstmtumliailectu
354 962 513 1028 pertractus
520 956 688 1011 solitudines
697 954 855 1027 expetebat.
898 951 1000 1023 opibus
1007 969 1074 1025 opes
1080 971 1192 1027 semper
1199 957 1362 1029 adjungere,
1375 976 1426 1016 nec
1437 962 1620 1033 cupiditatem
1632 971 1695 1021 tan.

57 1044 195 1118 Bgressns
208 1046 297 1118 igitur
305 1045 428 1117 quodam
439 1044 494 1112 die,
503 1061 668 1117 caprearum
684 1061 799 1116 gregem
809 1060 857 1115 pa·
898 1055 983 1111 quam
992 1041 1071 1096 freno
1080 1059 1217 1112 coercere,
1229 1062 1326 1100 verum
1336 1047 1397 1103 sine
1407 1049 1464 1104 ulle
1474 1051 1605 1107 satietate
1614 1052 1696 1124 plura

54 1134 111 1190 nui
130 1151 245 1207 operam
259 1135 374 1190 dantem
393 1134 508 1201 invenit,
521 1141 607 1206 atque
621 1135 656 1189 sd
671 1150 794 1189 eassese
809 1133 857 1187 ad·
898 1136 1038 1202 appetere,
1067 1137 1198 1190 extremae
1222 1138 1396 1208 paupertatis
1416 1145 1615 1210 argumentum
1640 1147 1693 1198 est.

52 1221 188 1295 iungens,
203 1239 255 1295 per
277 1238 361 1295 αξιοι
379 1229 407 1278 et
428 1238 544 1294 campos
563 1222 721 1295 oberrabat,
738 1239 770 1277 ac
793 1237 855 1276 sero
897 1219 1062 1292 Contraqui
1071 1222 1307 1294 sempiternarum
1315 1229 1568 1300 rernmcupiditate
1577 1246 1697 1302 prtesen·

55 1311 172 1384 quidem
186 1312 302 1367 domum
316 1329 348 1368 se
362 1312 517 1378 referebam
535 1328 617 1366 mane
628 1317 722 1367 autem
733 1311 855 1366 famulo·
896 1308 1037 1364 tiaomnia
1046 1317 1238 1376 contemnunt,
1246 1330 1391 1386 eaquepro
1400 1317 1568 1374 stercoribus
1576 1319 1693 1388 ducunt,

54 1416 120 1457 rum
135 1398 310 1473 negligentia
322 1401 400 1457 iores
413 1400 619 1473 egrediebatur,
634 1407 718 1472 etque
731 1416 796 1454 cum
810 1399 857 1454 sil·
897 1407 929 1456 ul
943 1401 1086 1459 Christum
1100 1405 1190 1460 solum
1205 1406 1349 1462 lucrentur
1364 1410 1477 1480 (Philip.
1492 1413 1546 1482 ιιι),
1563 1414 1697 1486 omnique

54 1489 296 1561 resmibuscspris
306 1489 528 1562 sesggregabst.
541 1491 628 1545 Porro
639 1489 764 1544 rumille
771 1487 857 1560 pabu-
896 1489 1022 1547 ciborum
1037 1498 1065 1547 et
1085 1493 1314 1551 indumentorum
1336 1515 1438 1553 excusa
1459 1505 1544 1571 atque
1559 1501 1589 1556 in
1603 1503 1694 1558 Deum

55 1577 148 1634 istum
160 1579 273 1651 longius
287 1579 495 1651 processissent,
510 1579 571 1650 ipse
580 1595 691 1651 quoque
706 1594 754 1633 eas
768 1568 1021 1652 comi-Bprojecta
1035 1597 1112 1650 cure,
1129 1585 1265 1655 majorem
1287 1602 1320 1640 ex
1344 1586 1440 1659 inopia
1458 1589 1631 1661 voluptatem
1647 1607 1695 1646 ca-

56 1669 316 1723 tstnsest.htrero
323 1667 562 1723 divitisilliusviri
572 1667 680 1735 famuli,
691 1684 721 1722 re
733 1666 855 1738 cognita,
897 1668 980 1742 piunt
994 1687 1077 1742 quam
1093 1675 1240 1745 quisquam
1256 1689 1352 1730 eorum
1367 1677 1416 1747 qui
1426 1678 1523 1733 mundi
1535 1695 1631 1734 amore
1647 1681 1696 1735 lla-

55 1756 217 1813 eeuscansis
232 1756 312 1829 equis
327 1771 375 1813 ees
388 1773 407 1811 a
418 1762 498 1828 tergo
509 1756 626 1812 insecuti
641 1761 716 1823 sunt,
730 1772 764 1810 ac
776 1771 856 1811 suam
897 1765 989 1829 grant,
1007 1777 1040 1814 ex
1054 1777 1139 1832 opum
1155 1768 1184 1818 et
1197 1764 1380 1834 pecuniarum
1394 1765 1568 1823 abundantia
1582 1769 1696 1841 capiat3

57 1845 407 1919 quidemcapreamviram
413 1844 858 1918 ceptam,domumquereductam
899 1848 1003 1921 quique
1017 1849 1205 1920 amplissimas
1220 1853 1356 1908 virtutum
1367 1854 1479 1911 divitias
1498 1856 1551 1911 sibi
1566 1873 1699 1929 aggesse-

56 1935 229 2009 pesthacita
237 1934 510 2001 tenuerunt,utnulli
520 1935 555 1990 ad
567 1950 628 1990 eam
636 1935 856 2006 adituspateret3
899 1943 976 2003 runt,
992 1944 1076 2009 atque
1090 1938 1293 1996 immortalium
1309 1941 1448 1999 bonorum
1466 1961 1515 2016 spe
1529 1961 1590 2001 sese
1605 1946 1696 2015 alunt,

57 2024 203 2097 reliquum
215 2031 432 2096 antemgregem
442 2023 544 2096 partim
557 2023 743 2089 trucidarunt,
755 2022 859 2094 partim
900 2025 952 2081 hos
967 2043 1018 2098 ego
1033 2027 1138 2099 optimo
1151 2029 1216 2100 jure
1229 2035 1259 2085 te
1281 2036 1366 2103 atque
1381 2032 1451 2087 adeo
1473 2034 1569 2104 queris
1586 2039 1699 2089 terreno

58 2113 137 2170 nala
146 2114 313 2170 multarunt.
330 2114 434 2169 Eodem
446 2113 529 2168 modo
544 2129 580 2168 ne
594 2112 673 2167 nobis
685 2112 861 2169 accidatme·
901 2130 967 2186 rege
979 2115 1174 2188 locupletiores
1184 2117 1312 2174 dixerim.
1322 2120 1403 2185 Quod
1413 2123 1445 2188 si,
1454 2122 1511 2177 Deo
1520 2121 1699 2191 tibifavente,

58 2207 122 2271 tue,
133 2203 157 2259 si
167 2203 237 2258 mihi
246 2210 275 2259 te
283 2203 415 2258 comitem
426 2203 574 2274 adjungas.
585 2201 644 2256 Hoc
654 2207 706 2268 est,
721 2217 756 2256 ne
769 2207 798 2256 et
809 2205 860 2256 tuo
901 2209 933 2259 tu
944 2221 1055 2276 quoque
1066 2205 1227 2277 spirituales
1236 2208 1398 2280 huiusmodi
1407 2210 1519 2265 divitias
1535 2211 1700 2283 arripueris,

59 2291 247 2349 contubernio
260 2292 362 2365 priver,
378 2297 407 2346 et
421 2291 550 2362 ingentes
564 2289 648 2346 sociis
663 2290 732 2344 meis
745 2288 861 2344 cusmi-
902 2309 950 2348 eas
959 2309 1069 2348 summo
1080 2295 1173 2350 studio
1184 2311 1217 2351 ac
1231 2297 1377 2369 diligentia
1391 2298 1524 2368 servabis,
1537 2316 1569 2355 ae
1578 2316 1702 2373 semper,

59 2386 145 2449 tetes,
154 2382 394 2455 scoeviipiternam
401 2381 475 2453 patri
484 2386 534 2435 tuo
545 2378 806 2435 condemnationem
814 2395 861 2434 ac·
903 2387 932 2436 et
942 2382 1055 2453 quidem
1066 2384 1177 2447 merito,
1189 2401 1293 2457 augere
1304 2388 1408 2460 cupies,
1424 2406 1476 2444 nec
1488 2389 1575 2445 ullam
1587 2390 1701 2446 omnino

59 2485 183 2528 mam.
193 2471 261 2527 Vult
272 2471 368 2543 ltaque
377 2470 550 2525 taDominus
564 2485 640 2524 nunc
653 2468 766 2541 quidem
775 2467 862 2523 divini
903 2486 1001 2525 earum
1016 2477 1125 2543 purtem
1140 2473 1282 2528 effundere
1290 2475 1451 2532 sustinebis.
1463 2478 1535 2533 Nam
1546 2479 1576 2533 in
1589 2478 1642 2534 hoc
1656 2479 1703 2534 de·

59 2558 778 2633 baptismisigilloconsignari,atquehicmanentem
785 2557 862 2613 omni
903 2573 981 2613 mum
997 2574 1070 2615 verae
1086 2561 1190 2617 divitie
1204 2561 1265 2618 sitte
1289 2569 1366 2619 sunt.
1387 2565 1490 2621 Earum
1507 2573 1602 2622 autem
1617 2583 1703 2639 opum

61 2649 178 2722 pietatis
191 2649 288 2722 generi
301 2648 424 2716 studere,
441 2648 642 2720 preceptisque
665 2648 725 2702 suis
748 2661 862 2717 operam
904 2663 966 2718 quse
984 2647 1014 2702 in
1035 2665 1149 2704 sensum
1170 2651 1283 2718 cadunt,
1307 2653 1395 2708 moles
1417 2654 1586 2711 detrimento
1608 2656 1703 2728 potius

61 2736 143 2795 dere.
157 2739 346 2810 Posteaquam
370 2743 465 2793 summ
487 2737 563 2792 ihius
579 2735 717 2792 bonorum
736 2735 863 2790 emnium
904 2751 989 2807 quam
1010 2738 1156 2793 commodo
1172 2740 1276 2795 amicos
1297 2756 1363 2797 suos
1389 2743 1521 2798 affecerit.
1538 2745 1631 2809 Quare
1646 2759 1703 2799 non

62 2826 173 2884 daturis
186 2843 303 2884 munere
317 2827 425 2883 ooeasio
439 2842 501 2882 sese
515 2825 658 2891 obtulerit,
673 2831 735 2880 tum
749 2824 862 2879 demum
904 2823 953 2880 abs
968 2843 999 2882 re
1014 2840 1061 2882 eas
1081 2832 1235 2883 extremam
1255 2837 1450 2903 paupertatem
1466 2833 1612 2905 appellavi,
1635 2849 1704 2905 quas

62 2921 94 2973 et
106 2916 205 2973 adnes
213 2916 318 2978 venies.
329 2922 358 2972 et
368 2932 419 2988 per
428 2915 569 2988 reliquum
582 2930 666 2970 omne
674 2914 791 2985 hujusce
802 2912 892 2988 vitaec
906 2914 1062 2970 coelestium
1079 2914 1216 2973 bonorum
1234 2924 1383 2987 amatores,
1408 2920 1493 2977 rebus
1516 2921 1646 2977 omnibus
1661 2937 1705 2976 re·

61 3011 178 3080 ternpus
185 3005 330 3062 nobiscum
344 3005 438 3076 deges.
447 3007 488 3061 hc
500 3004 614 3059 Domini
626 3003 799 3074 benignitate
811 3001 863 3056 ire-
904 3003 990 3059 misso
1008 3004 1118 3070 nuntio,
1144 3005 1186 3060 ita
1203 3005 1324 3077 sugium,
1341 3013 1374 3063 ut
1388 3009 1527 3082 quispiam
1544 3014 1704 3082 serpentem

62 3101 122 3164 tas,
137 3095 356 3167 haudquaquam
371 3092 468 3150 dubito
486 3093 554 3165 quin
573 3093 604 3147 in
627 3093 723 3147 lutura
745 3091 802 3147 vita
823 3090 864 3145 ita
903 3093 985 3164 fugit.
1001 3093 1031 3148 Si
1043 3109 1109 3148 vero
1124 3094 1318 3160 eumhostem,
1331 3113 1415 3168 quem
1430 3099 1486 3152 mei
1504 3098 1557 3169 piae
1569 3098 1703 3153 exercita·

64 3184 281 3256 conjungamur,
297 3187 330 3239 ut
342 3197 489 3254 nunquam
501 3181 600 3238 develli
615 3180 765 3254 possimus.
905 3180 991 3237 honis
1005 3182 1073 3238 socii
1093 3189 1122 3238 et
1140 3184 1343 3240 commilitones
1361 3186 1422 3256 jam
1443 3184 1656 3254 obtruncarunt,
1672 3202 1705 3241 ac

99 3273 239 3346 iosaphat
247 3268 866 3345 sutemlacrymisrursumpertusus,adeum
906 3269 1703 3347 pedibusproculcarunt,virumrursusabsteacceptum

65 3361 125 3419 sit:
140 3362 172 3419 Si
181 3362 301 3418 Domino
314 3361 355 3416 ita
366 3361 467 3433 placet,
477 3360 566 3432 ipsius
575 3360 705 3415 voluntas
719 3359 778 3414 ilat.
792 3358 866 3424 Quo·
907 3358 943 3414 ad
957 3359 1032 3431 ipsos
1046 3360 1184 3427 detulero,
1205 3360 1397 3435 bellorumque
1412 3378 1445 3418 ac
1460 3362 1705 3436 perturbationum

64 3452 219 3509 musam
238 3451 333 3507 divim
349 3449 518 3523 baptismate
537 3465 583 3505 me
601 3448 764 3511 initiaveris,
779 3465 865 3521 pecu·
907 3464 992 3504 causa
1000 3448 1069 3522 ipsis
1079 3450 1168 3517 tuero,
1176 3466 1291 3522 prorsus
1300 3451 1368 3524 ipsis
1376 3452 1510 3509 exitiosus
1518 3451 1636 3509 nuntius
1645 3468 1705 3509 ero.

64 3541 266 3615 nissqnesme
280 3546 489 3608 enucleatam
504 3538 540 3594 nd
554 3544 637 3595 tuum
647 3554 732 3611 quam
741 3538 778 3594 ad
788 3537 868 3593 soda-
908 3537 987 3603 Quod
1002 3538 1115 3611 quidem
1134 3537 1208 3595 absit
1221 3545 1254 3596 ut
1269 3538 1380 3596 inciam.

65 3629 136 3687 lium
149 3636 267 3686 tusorum
279 3629 383 3685 rictum
398 3645 431 3684 ac
445 3628 579 3684 vestitum
593 3627 743 3700 acceperis,
759 3627 791 3683 in
804 3625 868 3682 reli-
944 3632 1039 3695 285
1053 3627 1131 3684 ldem
1140 3635 1235 3685 autem
1245 3629 1279 3684 de
1289 3629 1556 3686 indumentisetiam
1566 3629 1707 3703 intelligas

65 3719 155 3793 gion
178 3718 384 3776 assumtionis
403 3718 508 3786 lecum,
525 3715 625 3773 divina
639 3715 716 3788 pacis
739 3715 868 3787 praesidio
907 3715 1001 3770 velim.
1014 3716 1087 3771 Nam
1096 3734 1144 3773 eos
1155 3717 1203 3790 qui
1212 3718 1359 3774 vetustatis
1374 3718 1465 3774 labem
1477 3724 1506 3774 et
1519 3719 1708 3792 corruptelam

66 3814 178 3881 septum,
191 3807 327 3876 abscede;
343 3822 462 3879 meaque
476 3822 562 3861 causa
578 3805 638 3860 sine
649 3803 709 3859 ulla
724 3803 869 3859 intermis-
908 3810 1054 3872 exuerunt,
1075 3812 1159 3878 atque
1174 3806 1371 3864 inobedientiae
1390 3814 1505 3876 restem,
1520 3814 1659 3881 quantum
1678 3807 1709 3862 in

66 3897 245 3954 asneheun
253 3913 332 3968 rega,
340 3901 373 3951 ut
383 3911 418 3951 ne
432 3912 482 3967 spe
492 3911 556 3951 mea
564 3893 692 3958 frustrer,
704 3908 802 3948 verum
813 3891 869 3965 pri·
909 3892 978 3965 ipsis
991 3891 1054 3958 tuit,
1073 3894 1273 3967 deposuerunt,
1293 3896 1436 3952 Christum
1460 3903 1557 3952 autem
1571 3902 1708 3968 tanquam

67 4002 118 4043 rna
131 4002 245 4060 quoque
258 3993 385 4058 tempore
398 3984 434 4040 ad
448 3991 477 4040 te
492 3983 647 4056 pervenire,
664 3989 749 4054 atque
767 3981 797 4038 in
811 3982 869 4037 alta
909 3981 1108 4038 vestimentum
1116 3983 1257 4050 salutaris,
1267 3989 1296 4039 et
1304 3985 1708 4056 pelliumletitiaeiuduerunt3

67 4075 167 4150 quiete
180 4075 333 4132 utilitatem
346 4091 379 4130 ex
388 4080 417 4131 te
430 4073 573 4148 percipere
583 4071 698 4145 possim.
911 4087 1033 4143 quonam
1042 4072 1157 4128 tandem
1167 4073 1250 4128 modo
1260 4088 1358 4128 rursus
1367 4073 1490 4144 pelliceis
1500 4073 1603 4128 tunicis
1612 4072 1711 4128 indue-

105 4164 239 4221 bsrlsam
248 4170 343 4220 autem
354 4163 407 4219 ait:
421 4163 496 4227 Quin
508 4161 613 4218 Christi
623 4160 736 4234 quidem
747 4158 871 4232 sigillum
911 4176 980 4227 rem,
992 4160 1286 4233 ipsisqueignominise
1296 4160 1430 4217 amictum
1438 4161 1627 4233 imponerem?
1635 4160 1711 4226 Quin

67 4248 1014 4343 scdpimmihilestquodprohibeat.Quareteipsumjamnpetius,
1035 4265 1099 4305 cum
1119 4250 1228 4305 sodales
1244 4266 1331 4317 meos,
1354 4255 1386 4305 ut
1411 4250 1458 4323 qui
1473 4250 1519 4322 pia
1538 4255 1566 4306 et
1578 4249 1711 4320 religiosa

68 4343 189 4409 dorna,
204 4359 237 4398 ac
248 4343 307 4399 Deo
319 4344 436 4413 juvante
455 4341 621 4397 Christiana
636 4340 700 4396 tidei
716 4340 803 4395 sacris
815 4338 871 4394 ini·
912 4338 1071 4394 solitudinis
1086 4339 1285 4395 exercitatione
1299 4339 1424 4394 contenti
1442 4338 1509 4407 sint;
1526 4354 1645 4410 eamque
1658 4352 1709 4410 pro

68 4430 198 4488 abens.
209 4432 250 4487 De
263 4431 298 4487 iis
313 4437 408 4487 autem
422 4431 559 4504 pecuniis,
580 4446 650 4501 quas
671 4435 699 4484 te
713 4437 775 4484 tum
789 4427 869 4495 mihi,
912 4427 1064 4483 verissimis
1078 4428 1185 4484 deliciis
1204 4429 1318 4496 ducant,
1335 4429 1422 4484 nullis
1444 4428 1559 4483 omnino
1573 4425 1711 4499 ejusmodi

68 4526 134 4578 ιιιιιι
143 4520 287 4579 sodalibus
296 4520 367 4576 meis
375 4521 511 4576 daturum
519 4518 675 4590 dixisti,qui
684 4517 799 4573 landem
809 4516 872 4572 fleri
913 4515 997 4572 rebus
1011 4517 1137 4589 indigere
1152 4525 1327 4591 compertum
1342 4516 1471 4582 habeam,
1485 4516 1611 4589 pecuniis
1625 4523 1654 4571 et
1667 4531 1712 4571 ve·

67 4617 168 4685 ponet
178 4617 213 4666 ut
226 4616 258 4666 tu
271 4610 320 4682 qui
334 4624 442 4683 pauper
456 4624 495 4677 es,
511 4606 644 4663 divitibus
663 4606 871 4679 eleemosynam
913 4606 1011 4675 stibus,
1032 4614 1143 4678 queste
1158 4608 1226 4680 ipsis
1243 4608 1375 4663 daturum
1390 4604 1511 4673 dicebas,
1528 4605 1558 4661 in
1571 4620 1712 4678 pauperes

67 4697 236 4772 impertias?
260 4697 406 4771 Siquidem
432 4696 551 4753 divitum
578 4702 622 4752 est
644 4695 679 4751 da
701 4693 872 4769 pauperibus
912 4695 1078 4764 distributis,
1093 4697 1137 4752 tac
1147 4697 1198 4752 tibi
1208 4695 1347 4768 ejusmodi
1361 4695 1528 4751 thesaurum
1542 4695 1573 4750 in
1584 4695 1712 4751 hrturum

68 4786 144 4843 bue
157 4787 269 4856 mereri,
285 4803 343 4843 nen
362 4793 457 4843 autem
471 4791 570 4843 conum
579 4800 735 4858 pauperum
750 4784 785 4840 de
798 4784 873 4840 locu·
913 4786 1057 4851 recondas,
1073 4785 1121 4858 qui
1135 4785 1213 4842 nullo
1227 4785 1311 4840 modo
1326 4783 1430 4856 surripi
1443 4784 1541 4857 possit,
1558 4784 1649 4841 Deum
1662 4785 1713 4840 sci·

67 4874 735 4951 pletibnsetcopiosis.Nsmsodaliumomnium
744 4889 872 4928 meorum
912 4873 978 4928 licet
995 4874 1025 4929 in
1048 4873 1108 4946 ipso
1122 4891 1173 4947 per
1187 4874 1301 4929 illorum
1316 4888 1412 4945 preces
1436 4873 1636 4946 opitulatorem
1659 4873 1711 4930 tibi

67 4971 231 5040 pomum
243 4965 343 5038 opibus
352 4965 468 5022 omniuo
477 4973 505 5021 te
519 4969 646 5037 superat.
655 4963 761 5019 Verum
772 4962 872 5017 divisus
913 4962 1078 5034 adjungens.
1087 4963 1132 5019 Sic
1142 4963 1217 5018 enim
1231 4964 1283 5017 hoc
1298 4961 1486 5034 consequeris,
1498 4968 1531 5017 ut
1545 4979 1612 5035 opes
1622 4962 1658 5018 ad
1666 4979 1714 5035 op·

67 5054 301 5112 miserationibus
315 5054 413 5122 belm,
430 5056 483 5110 hoc
498 5053 567 5109 mihi
581 5051 747 5126 persuadeo,
763 5058 792 5108 te
806 5066 872 5123 pro·
912 5051 984 5107 tima
998 5066 1115 5124 queque
1130 5050 1180 5107 tibi
1200 5050 1365 5124 adjumento
1383 5051 1449 5106 sint.
1465 5051 1506 5106 dc
1520 5050 1630 5115 deinde,
1648 5066 1712 5106 cum

66 5143 183 5218 pedism
198 5143 449 5219 locupletissimum
460 5143 529 5199 lore.
538 5142 619 5207 Quod
633 5158 697 5198 cum
712 5140 870 5212 contigerit,
915 5140 1036 5213 Spiritus
1049 5147 1223 5197 armaturam
1234 5139 1383 5213 acceperis,
1394 5146 1423 5195 et
1432 5139 1542 5195 lumbos
1555 5139 1714 5195 inveritate

66 5232 189 5290 minime
205 5230 241 5289 sd
253 5232 432 5306 largiendum
446 5238 594 5305 promptus
609 5247 642 5286 ac
665 5229 793 5304 proclivis
807 5230 871 5285 eris.
916 5229 1094 5295 succinxeris,
1111 5246 1143 5285 ac
1154 5230 1271 5302 justitiae
1285 5230 1401 5285 loricam
1414 5228 1550 5297 indueris,
1566 5234 1595 5285 et
1613 5226 1713 5284 salutis

66 5322 147 5381 Dixit
158 5330 255 5380 wtam
266 5321 380 5379 adeum
395 5321 544 5394 iosaphat:
558 5320 670 5392 Expone
680 5318 760 5388 mihi,
768 5334 873 5392 queso,
915 5319 1026 5392 galeam
1042 5318 1127 5391 capiti
1139 5325 1188 5375 tuo
1203 5318 1379 5392 imposueris,
1392 5322 1422 5375 et
1431 5319 1516 5391 pedes
1530 5317 1561 5373 in
1571 5312 1714 5387 Evangelii

67 5424 196 5486 quonum
206 5415 288 5485 pecte
297 5408 439 5469 sodalium
451 5412 567 5468 morum
576 5403 876 5482 extremueopibusme
916 5407 994 5482 pacis
1013 5407 1249 5483 preparationem
1263 5405 1405 5474 cumeris,
1422 5404 1542 5480 meique
1556 5409 1667 5462 scutum
1682 5413 1714 5458 sc
