3818 6120
130 263 185 324 ese
595 264 827 324 russanen
846 248 1318 327 roanmssnsuuossnaan.
1714 268 1765 326 sn

128 391 155 447 si
169 389 278 447 fuerint
292 388 384 446 serbis
397 391 531 447 suasoriis
545 392 686 457 commoti,
701 398 729 447 et
744 393 767 448 si
786 394 847 450 sine
866 412 928 450 cru·
938 401 957 456 Α
967 393 1338 451 tummodocontroversiem
1345 390 1529 448 astabattunc
1539 391 1661 464 pontifex
1669 399 1766 451 sancto

128 479 208 536 cietu
236 479 387 535 reciderint
410 495 472 553 qum
493 481 529 535 ad
548 497 595 536 eos
611 482 728 537 veniunt
750 483 883 555 capitula:
897 485 932 540 Et
972 486 1072 552 altari;
1090 485 1231 556 quidvoro
1246 483 1329 537 vellet
1343 484 1443 550 lacere,
1463 483 1533 538 nulli
1549 484 1676 538 credidit.
1693 487 1765 540 Cum

101 594 108 607 ·
128 569 269 642 patricius
294 575 430 642 tanquam
449 586 467 624 a
490 571 548 625 Deo
569 571 674 641 jussus,
691 580 789 642 pactus
810 579 853 627 est
869 574 931 644 ejus
971 592 1038 647 ergo
1049 575 1171 629 venisset
1186 573 1319 627 diaconus
1337 570 1499 640 Damianus,
1516 578 1549 627 ut
1563 573 1717 644 susciperet
1730 575 1765 629 ab

128 658 299 713 mundatum
312 675 343 713 se
358 659 499 714 custodire
513 659 590 713 omni
606 664 732 731 tempore
747 660 874 716 illesum.
971 680 1004 719 eo
1018 669 1143 718 sanctam
1154 661 1377 717 communionem
1387 663 1538 716 secundum
1554 663 1695 734 proprium
1703 683 1767 736 gra·

166 747 232 802 Cer.
246 747 305 802 XV.
322 776 356 790 -
371 749 428 803 iste
440 747 630 803 memorabilis
644 748 766 803 habebat
779 751 930 821 quemdam
971 752 1047 816 dum,
1060 751 1151 805 tenuit
1165 767 1278 804 manum
1290 749 1364 803 illius
1374 749 1421 803 ille
1431 756 1552 815 sanctus,
1562 756 1590 803 et
1599 752 1669 807 dixit
1678 753 1766 807 :Vade

128 840 274 906 nepotem,
284 835 556 907 nomineGeorgium
570 834 809 909 (50).Uneitaque
819 839 928 894 dierum
970 841 1048 911 prius
1063 839 1236 894 reconciliari
1251 839 1330 892 fratri
1346 844 1412 906 tuo;
1428 843 1457 892 et
1470 843 1536 893 tunc
1546 843 1670 909 veniens,
1681 842 1764 912 digne
1853 836 1855 841 ’

128 922 237 978 faciens
250 924 304 978 iste
324 941 389 978 cum
415 925 537 996 quodam
560 926 681 980 civitatis
703 926 929 982 tabernariorum
970 929 1079 1000 suscipe
1093 929 1281 992 immaculata,
1297 927 1447 981 immemor
1459 927 1580 992 malitiae,
1593 929 1696 984 Christi
1706 948 1766 1003 my·

129 1012 233 1070 rixam,
242 1013 374 1067 conviciis
380 1012 416 1067 ab
428 1030 460 1068 eo
469 1030 564 1068 severe
574 1015 690 1069 allectus
702 1021 759 1070 est:
775 1017 822 1086 qui
834 1033 929 1071 amare
970 1018 1064 1072 steria.
1082 1016 1229 1071 Reveritus
1243 1033 1308 1087 ergo
1321 1033 1416 1070 coram
1431 1022 1511 1070 tanta
1523 1017 1702 1073 multitudine
1712 1021 1766 1074 cle·

127 1100 237 1166 dolens,
260 1117 317 1156 nou
330 1102 420 1157 solum
436 1103 501 1173 quia
515 1103 634 1174 publice,
651 1105 847 1159 verumetiam
863 1106 930 1177 quia
971 1106 1091 1161 ricorum
1103 1106 1293 1161 contradicere
1306 1106 1357 1168 illi,
1373 1105 1495 1159 maxime
1511 1105 1538 1159 in
1553 1106 1603 1161 tali
1618 1107 1678 1162 loco
1697 1114 1725 1163 et
1736 1109 1765 1164 in

128 1207 148 1245 a
158 1190 254 1245 viliori
263 1190 451 1245 inhonoratus
466 1198 549 1256 esset,
561 1192 683 1246 maxime
698 1211 771 1260 vero,
789 1194 855 1265 quia
868 1200 929 1249 orat
969 1196 1019 1250 tali
1029 1196 1169 1249 horrenda
1179 1196 1258 1256 hora,
1268 1194 1417 1266 spopondit
1430 1194 1483 1247 hoc
1495 1194 1595 1258 facere,
1607 1200 1636 1248 et
1645 1201 1712 1250 tunc
1730 1198 1764 1252 de

127 1296 217 1351 nepos
232 1279 408 1351 patriarchae,
427 1280 514 1335 subiit
528 1281 562 1335 ad
578 1298 643 1336 eum
658 1282 686 1336 in
701 1284 833 1350 conclavi,
850 1299 883 1338 eo
900 1283 929 1339 in
970 1285 1073 1340 sanctis
1082 1284 1222 1354 mysteriis
1230 1283 1308 1338 dedit
1322 1283 1356 1337 ci.
1369 1283 1459 1354 Igitur
1471 1299 1503 1337 ex
1523 1289 1589 1338 tunc
1604 1300 1702 1338 omnes
1712 1286 1765 1340 cle-

127 1374 381 1436 secretomorante,
389 1370 459 1424 tiens
467 1370 656 1424 vehementer.
670 1373 739 1426 Cum
748 1378 843 1426 autern
854 1372 929 1428 hunc
969 1375 1020 1428 rici
1029 1380 1058 1428 ct
1067 1374 1129 1427 laici
1139 1372 1333 1427 custodiebant
1345 1389 1384 1438 se,
1398 1389 1432 1426 ne
1444 1372 1517 1427 inter
1531 1390 1560 1426 se
1575 1373 1765 1428 malitiemre-

127 1456 168 1511 ita
181 1463 352 1513 aestuantem
374 1464 403 1512 et
416 1459 618 1531 lacrymantem
632 1461 747 1515 vidisset
762 1462 928 1516 mitissimus
968 1463 1100 1527 timerent,
1116 1462 1248 1516 timentes
1262 1478 1298 1515 ne
1312 1466 1339 1515 et
1364 1461 1438 1532 ipsos
1461 1462 1653 1526 confunderet,
1668 1463 1767 1517 trium-

128 1547 301 1616 patn'archa,
311 1547 586 1618 interrogatcausam
595 1549 747 1604 detinentis
757 1567 821 1605 eum
832 1551 928 1605 auxie·
968 1553 1124 1625 pharetque
1139 1551 1375 1624 quemadmodum
1390 1556 1418 1605 et
1432 1550 1510 1605 illum
1526 1551 1685 1606 diaconum.

127 1635 206 1701 tatis,
221 1636 295 1690 scire
310 1636 382 1690 hauc
396 1637 635 1709 volens.0umque
646 1639 756 1693 illenon
767 1645 862 1710 posset
871 1656 928 1710 prce
1004 1643 1069 1697 Oia.
1085 1643 1161 1696 XVII
1167 1682 1172 1694 .
1191 1672 1223 1681 -
1239 1639 1367 1695 ilabebat
1385 1640 1498 1711 quidem
1514 1642 1705 1696 sanctissimus
1718 1642 1763 1697 hic

128 1725 331 1789 amaritudine,
347 1742 408 1796 quae
433 1726 657 1782 circumdederat
672 1744 747 1792 eum,
772 1716 1010 1800 exprimererir
1023 1729 1168 1782 scientiam
1183 1727 1340 1781 divinorum
1354 1726 1582 1798 Scripturarum3
1598 1745 1654 1782 non
1669 1733 1764 1782 autem

128 1828 300 1877 mnuouem,
316 1814 345 1868 hi
359 1815 406 1885 qui
415 1821 517 1886 praesto
528 1815 642 1871 fuerunt
653 1817 836 1888 quandoeum
846 1818 928 1872 exho·
974 1824 1062 1883 1⁸ss
1077 1817 1105 1871 in
1120 1816 1258 1888 sapientia
1270 1816 1416 1881 sermonis,
1430 1816 1481 1869 has
1493 1821 1628 1887 tanquam
1645 1817 1765 1871 exinani

128 1902 225 1957 aerari
238 1919 257 1957 a
276 1902 451 1973 negotiatore
465 1905 630 1975 contigerat,
647 1913 793 1977 coeperunt
810 1906 928 1960 recitare
967 1906 1058 1977 gloria
1067 1904 1231 1960 memoriter
1239 1904 1344 1969 dicens,
1357 1904 1405 1958 sed
1416 1905 1598 1975 pereamdem
1607 1905 1766 1977 ipsamope-

128 1991 341 2063 archiepiscopo
355 2009 469 2048 causam
485 2011 491 2046 :
507 1994 541 2048 lit
560 1993 694 2064 quianon
716 1995 860 2062 debuerat,
886 1995 928 2050 in·
968 2010 1030 2050 rum
1042 1994 1190 2058 actionem,
1206 1999 1234 2048 et
1243 1984 1441 2047 mandatorum
1452 1991 1684 2060 observationem,
1697 2000 1727 2048 et
1735 1995 1764 2049 in

128 2079 240 2152 quiunt,
258 2081 300 2136 ita
318 2083 453 2136 sanctitas
466 2088 558 2137 vestra
573 2084 723 2150 contemni,
744 2089 776 2139 ut
800 2085 928 2155 proprios
968 2089 1075 2139 secreto
1093 2081 1248 2154 quotidiani
1267 2081 1375 2136 consilii
1388 2082 1429 2135 sui
1445 2081 1538 2135 nullus
1553 2098 1644 2136 sermo
1658 2074 1765 2137 otiosus

127 2184 241 2224 suasae
256 2170 600 2243 propinquosadespectis
610 2173 928 2244 exhonoraripateretur
967 2171 1144 2239 audiebatur,
1161 2171 1214 2225 nisi
1228 2171 1298 2224 sorte
1313 2169 1452 2224 ordinatio
1468 2170 1508 2224 rei
1527 2169 1616 2224 civilis
1629 2171 1763 2241 exigeret,

127 2256 300 2314 hominibus.
318 2259 367 2315 Ille
381 2265 476 2314 autem
490 2276 573 2316 venis
583 2261 715 2327 medicus,
732 2262 827 2316 volens
837 2261 927 2333 primo
968 2263 1015 2318 sed
1024 2261 1230 2317 autrelationes
1237 2259 1577 2325 sanctorumPatrum,aut
1585 2259 1764 2331 scripturales

127 2347 215 2402 saluti
230 2348 385 2420 emplastro
400 2349 520 2420 quodam
531 2366 630 2405 curare
638 2350 748 2422 nepotis
760 2350 803 2405 sui
812 2350 923 2418 suriam,
968 2351 1145 2423 questiones,
1157 2355 1207 2404 aut
1219 2348 1376 2421 dogmatica
1385 2346 1689 2419 p1·oblemata,propter
1694 2350 1765 2403 mul-

127 2441 153 2490 et
165 2443 267 2491 tamea
276 2443 413 2509 tanquam
427 2438 501 2493 ferro
509 2439 674 2494 incisionem
689 2444 719 2494 et
730 2439 925 2494 liberationem
967 2441 1114 2497 titudinem
1130 2455 1182 2495 nec
1193 2438 1428 2493 nominandorum
1443 2436 1637 2491 hereticorum
1653 2437 1700 2507 qui
1716 2454 1761 2492 re-

127 2526 277 2596 passionis,
293 2542 344 2598 per
352 2527 593 2598 sapientissimum
607 2544 637 2583 os
648 2545 730 2584 suum
741 2528 806 2582 huic
813 2529 921 2595 afferre,
964 2530 1077 2602 gionem
1091 2528 1342 2584 circumdederant.
1360 2526 1389 2580 Si
1412 2541 1478 2579 vero
1493 2525 1576 2579 alicui
1589 2525 1690 2596 aliquis
1712 2526 1761 2580 de·

126 2613 230 2670 tslibus
242 2614 337 2671 verbis
345 2616 430 2687 coepit
437 2617 615 2688 exstinguere
626 2616 897 2674 morbumctdicere
915 2635 921 2669 ε
964 2619 1077 2674 trahere
1087 2618 1230 2689 inciperet,
1244 2616 1319 2670 hunc
1331 2614 1491 2686 patriarcha
1506 2630 1555 2685 per
1574 2614 1690 2668 alteram
1706 2631 1762 2668 ser-

127 2702 159 2758 u
173 2704 293 2759 omnino
302 2720 389 2760 ausus
403 2711 447 2760 est
461 2705 563 2776 aliquis
571 2722 601 2760 os
611 2705 731 2777 aperire,
744 2712 772 2760 et
786 2706 930 2760 contradi·
965 2706 1191 2768 mocinatianem,
1204 2710 1235 2759 ut
1245 2705 1366 2776 sepiem,
1386 2702 1530 2774 ingeniose
1540 2701 1718 2770 removebat,
1735 2706 1764 2757 et

127 2807 188 2847 uere
203 2793 276 2847 tibi?
290 2793 389 2859 Crede,
407 2793 505 2859 filimi,
522 2794 596 2866 patri
611 2795 810 2866 tuo,qu0niam
821 2795 923 2849 faciam
965 2797 989 2851 si
1004 2803 1107 2850 iterum
1117 2799 1305 2866 permaneret,
1318 2792 1387 2847 nihil
1405 2791 1518 2862 quidem
1534 2791 1559 2844 ei
1573 2791 1697 2858 dicebat3
1714 2791 1763 2845 sed

127 2880 293 2937 iueohodie
302 2887 473 2949 rem,uttota
482 2882 652 2938 Alexandria
661 2883 780 2939 miretur
797 2884 924 2954 Cumque
965 2879 1379 2954 huneannotans,praecipiebat
1386 2879 1605 2934 hebdomadario
1613 2896 1648 2934 ne
1659 2879 1764 2934 sineret

128 2969 318 3026 ddmeum
332 2971 488 3026 remedium
504 2972 651 3042 recepisse,
669 2977 698 3026 et
708 2971 853 3027 tristitiam
859 2987 926 3026 cun*
966 2972 1085 3028 ulterius
1097 2988 1160 3026 eum
1170 2972 1276 3025 intrare
1286 2986 1349 3024 cum
1365 2969 1408 3022 his
1420 2968 1467 3039 qui
1478 2967 1764 3038 nuntiabantur,qua-

127 3064 200 3115 etam
215 3059 377 3131 projecisse,
388 3065 536 3131 putantem
546 3059 1049 3132 videlicetquodageretcon·0tenus
1064 3077 1192 3132 pereum
1207 3064 1322 3114 ceteros
1340 3062 1512 3128 temperaret
1531 3061 1615 3127 atque
1629 3055 1763 3110 erudiret.

127 3152 172 3203 tra
183 3164 254 3203 eum
268 3148 317 3220 qui
330 3164 361 3204 se
370 3149 546 3204 contumeliis
560 3150 699 3216 affecerat,
709 3155 738 3204 et
751 3149 925 3204 facereteum
1003 3149 1213 3206 0111111111,-
1224 3146 1524 3202 Definitionemautem
1536 3150 1563 3198 et
1573 3142 1668 3208 eliam,
1677 3159 1764 3214 quam

128 3235 267 3309 flagellari
280 3253 331 3309 per
344 3254 410 3293 eum
421 3239 469 3310 qui
484 3254 569 3310 super
577 3238 738 3293 sorumeret
746 3239 924 3304 constitutus,
967 3238 1106 3295 affectavit
1122 3237 1167 3291 hic
1186 3241 1307 3301 sanctus,
1324 3238 1438 3288 nonest
1455 3234 1563 3303 justum
1584 3237 1762 3303 postponere.

128 3325 259 3381 atmiis
271 3326 383 3399 pompis
408 3319 596 3394 dehonestari,
617 3327 685 3382 dicit
705 3327 741 3394 ei,
761 3327 926 3382 deosculans
967 3319 1763 3398 Audiensquodpostquamcoronatusestimperator(61),

128 3421 226 3487 pectus
254 3414 344 3486 ipsius
360 3433 366 3468 :
381 3414 434 3470 Fili
449 3415 505 3487 mi,
518 3416 542 3470 si
562 3432 595 3471 ex
619 3416 737 3471 veritate
759 3415 927 3470 humilitatis
967 3417 1061 3473 nullus
1077 3415 1198 3470 universi
1210 3418 1360 3468 senatuset
1373 3409 1526 3465 astantium
1538 3419 1709 3464 exercituum
1717 3424 1765 3462 an-

128 3519 198 3559 meae
211 3519 303 3574 nepos
315 3502 420 3568 existis,
430 3520 557 3576 prepara
569 3505 693 3575 teipsum
707 3510 735 3560 et
749 3504 927 3576 flagellari&
967 3505 1077 3577 tiquum
1093 3502 1257 3558 memoriale
1270 3500 1383 3573 aliquod
1398 3497 1519 3564 nuntiet,
1530 3498 1579 3552 sed
1594 3512 1660 3551 mox
1676 3496 1704 3550 hi
1716 3495 1764 3568 qui

128 3591 253 3648 muriae
267 3589 327 3663 pati
341 3590 377 3646 ab
391 3593 469 3647 omni
478 3593 601 3650 homine.
617 3593 691 3648 Vera
705 3593 780 3649 enim
796 3592 926 3664 cognatio
967 3594 1100 3650 dicuntur
1114 3598 1361 3647 monumentorum
1376 3587 1557 3643 aedificatores
1572 3590 1686 3640 sumant
1698 3600 1765 3655 qua-

127 3696 183 3737 uon
206 3696 243 3736 ex
260 3680 399 3752 sauguine
413 3687 443 3736 et
455 3697 549 3745 carne,
576 3681 625 3737 sed
644 3698 677 3737 ex
700 3682 803 3737 virtute
824 3681 928 3736 mentis
966 3689 1033 3738 tuor
1045 3682 1088 3737 vel
1103 3680 1226 3753 quinque
1237 3678 1370 3733 minuties
1380 3691 1551 3730 marmorum
1560 3673 1714 3746 pusillasde
1725 3673 1766 3727 di·

128 3769 302 3843 moecitur.
314 3769 468 3825 Confestim
474 3769 778 3841 igituraccersiviteum
791 3771 929 3842 quisuper
967 3770 1053 3825 versis
1066 3769 1214 3829 coloribus,
1226 3773 1254 3822 et
1266 3765 1461 3838 ingrediantur
1475 3762 1510 3818 ad
1526 3777 1600 3828 eum,
1612 3767 1641 3816 et
1650 3761 1761 3834 dicant:

128 3851 272 3931 caupones
282 3863 345 3915 erat
358 3859 535 3927 constitutus,
552 3859 813 3932 etpracepiteine
829 3857 927 3914 abillo
967 3856 1095 3927 Domine,
1112 3858 1188 3930 quali
1203 3856 1316 3912 metallo
1335 3853 1483 3926 imperium
1502 3857 1583 3906 tuum
1601 3849 1683 3922 jubet
1703 3850 1765 3905 fleri

128 3963 257 4023 caupone
277 3947 417 4020 acciperet
434 3964 525 4020 neque
540 3954 674 4004 consueta
690 3965 750 4011 sua,
768 3963 860 4018 neque
874 3964 927 4019 pu·
968 3953 1183 4003 monumentum
1199 3952 1299 4012 tuum3
1324 3944 1502 3999 insinuantes
1519 3939 1646 3996 videlicet
1660 3939 1686 3993 ei
1702 3939 1768 4011 quia

128 4034 210 4104 tuce,
226 4050 321 4110 neque
329 4036 492 4110 pensionem
501 4038 647 4109 ergasterii
658 4037 772 4108 ejusEt
783 4038 843 4108 ipse
853 4035 927 4091 enim
968 4042 1104 4109 tanquam
1120 4036 1204 4091 homo
1220 4031 1409 4105 corruptibilis
1424 4036 1454 4085 et
1473 4028 1654 4084 transitorius
1668 4043 1765 4083 curem

129 4125 315 4182 masicen
329 4125 457 4182 Ecclesia
471 4130 541 4181 erat.
554 4128 589 4182 Et
603 4142 702 4181 omues
715 4130 928 4197 expavescentes
969 4125 1070 4180 habeto
1085 4130 1141 4180 tuae
1155 4123 1243 4195 ipsius
1258 4121 1368 4184 animm,
1387 4123 1415 4172 et
1429 4118 1474 4188 pie
1489 4132 1608 4186 regnum
1631 4114 1765 4186 dispone;

128 4213 304 4270 immobilem
316 4213 558 4286 longanimitatem
571 4216 641 4286 ojus,
653 4214 854 4270 intellexerunt
868 4229 928 4268 esse
969 4211 1227 4268 imitabaturetiste
1235 4210 1334 4264 beatus
1340 4205 1478 4261 veraciter
1484 4205 1556 4257 hanc
1564 4201 1767 4272 dignamlaude

128 4301 273 4376 hocquod
287 4302 379 4358 dixit:
396 4303 534 4368 Quoniam
557 4303 657 4358 faciam
677 4303 707 4358 in
726 4319 790 4358 eum
813 4318 882 4369 rem,
897 4305 930 4356 ut
969 4291 1615 4370 traditionemetpraecepitsibimonumentum
1623 4289 1764 4356 edificari,

129 4390 253 4448 miretur
264 4397 326 4447 tote
339 4391 517 4458 Alexandria,
537 4391 667 4447 videlicet
682 4391 819 4463 quianon
836 4390 928 4446 solum
968 4389 1017 4445 ubi
1031 4395 1060 4445 et
1072 4387 1172 4459 reliqui
1186 4386 1405 4459 predecessores
1427 4382 1489 4452 ejus
1512 4379 1677 4453 patriarchae
1689 4379 1766 4448 jece-
1815 4443 1818 4449 ,

129 4477 353 4535 vicissitudinem
366 4494 423 4535 non
438 4480 539 4548 reddit,
554 4480 747 4536 verumetiam
757 4496 808 4552 pro
822 4477 929 4534 ultione
968 4478 1055 4547 bant,
1071 4478 1266 4550 impedectum
1289 4488 1354 4528 vero
1376 4485 1491 4526 manere
1506 4484 1593 4541 usque
1608 4467 1642 4523 ad
1658 4464 1766 4521 obitum

129 4566 305 4640 adjutorium
317 4567 465 4641 impendit.
770 4640 773 4646 Ι
969 4584 1062 4636 suum,
1073 4572 1106 4622 ut
1115 4563 1276 4637 imperfecto
1286 4562 1432 4627 existente,
1445 4575 1495 4632 per
1510 4556 1648 4613 celebrem
1658 4553 1764 4610 festivi·

165 4657 233 4712 Osa.
246 4656 357 4713 lm.-
368 4658 537 4715 Nuntiatum
547 4663 590 4715 est
601 4659 752 4731 aliquando
760 4657 927 4724 huicbeato,
969 4662 1068 4723 tatem,
1079 4656 1226 4713 assistente
1241 4654 1323 4720 clero,
1336 4649 1527 4722 ingredientes
1543 4645 1590 4717 qui
1604 4642 1769 4699 dicebantur

130 4745 334 4818 quodquidam
348 4747 659 4804 clericorummalitiam
669 4747 787 4803 incorde
797 4748 931 4802 adversus
972 4746 1090 4802 studiosi
1099 4744 1165 4814 (52).
1181 4744 1309 4799 dicerent
1318 4739 1353 4795 ad
1365 4754 1429 4794 eum
1442 4754 1447 4790 :
1462 4735 1591 4800 Domine,
1603 4746 1767 4788 monumen·
1799 4796 1801 4800 p

130 4834 287 4906 quemdam
299 4843 464 4905 reservaret,
478 4843 507 4893 et
520 4836 741 4892 irreconciliatus
752 4836 777 4892 ei
783 4851 931 4908 permane·
971 4839 1033 4891 tum
1045 4840 1127 4890 tuum
1141 4832 1335 4905 imperfectum
1358 4832 1409 4892 est,
1426 4823 1545 4897 precipe
1568 4838 1634 4894 ergo
1658 4824 1691 4875 ut
1705 4836 1769 4876 con·

129 4928 186 4977 ret.
216 4922 268 4978 lile
289 4939 355 4978 vero
379 4923 522 4997 quaerebat
546 4925 631 4996 hujus
644 4941 747 4980 nomeu
761 4930 790 4980 et
811 4923 931 4995 madum
971 4929 1138 4989 summetur,
1154 4938 1186 4976 eo
1214 4919 1289 4992 quod
1314 4914 1423 4971 nescias
1452 4927 1507 4983 qua
1522 4912 1592 4966 hora
1617 4908 1769 4964 furveniat

130 5010 269 5066 nosseln
284 5012 438 5068 martinum
453 5029 520 5085 ergo
530 5013 575 5069 die
585 5013 729 5070 Dominico
736 5013 834 5068 didicit
845 5012 929 5078 hunc,
973 5013 1080 5082 (nacto.
1095 5014 1179 5079 xxxv).
1195 5009 1254 5063 Hoc
1263 5010 1358 5060 autem
1372 4999 1492 5056 faciebat
1504 4999 1673 5054 illesauctus
1687 5003 1720 5052 ut
1729 4997 1769 5051 ita

130 5098 304 5156 uminum
315 5100 429 5173 quidem
443 5102 566 5169 nomine,
580 5102 731 5157 diaconum
742 5117 807 5156 vero
823 5117 883 5156 esse
893 5099 932 5154 oi·
972 5101 1061 5167 fleret,
1076 5098 1170 5154 volens
1184 5094 1370 5150 imitationem
1387 5089 1490 5144 bonam
1502 5093 1531 5144 et
1543 5091 1607 5160 post
1621 5102 1652 5142 se
1665 5084 1769 5141 futuris

130 5186 206 5243 flcio.
218 5188 356 5262 Praecepit
370 5190 466 5263 itaque
488 5191 682 5247 archidiacono
697 5195 730 5246 ut
743 5188 805 5256 sibi,
820 5188 932 5263 quaudo
972 5189 1130 5259 relinquere
1142 5182 1318 5259 patriarchis.

130 5274 210 5332 idem
224 5275 703 5346 Damianusedecclesiamceniret,
714 5279 930 5334 demonstraret.
1008 5276 1208 5333 0111111.-
1229 5269 1348 5329 Domino
1368 5265 1404 5323 ob
1417 5264 1629 5320 multitudinem
1645 5267 1769 5336 peccato·

130 5363 226 5438 Igitur
239 5381 303 5422 cum
317 5366 515 5424 incrastinum
528 5369 613 5424 statio
627 5366 931 5435 Dominicodielleret,
973 5381 1037 5421 rum
1062 5370 1222 5419 nostrorum
1243 5356 1432 5435 permittente,
1451 5352 1565 5426 propria
1581 5351 1688 5423 templa
1707 5366 1769 5422 quea

130 5453 212 5510 seuit
225 5460 256 5509 et
268 5453 403 5512 diaconus
417 5457 453 5511 ed
467 5457 634 5526 stationem,
650 5462 680 5512 et
690 5455 788 5511 videus
798 5454 935 5511 archidia·
976 5460 1057 5509 erant
1066 5449 1256 5523 ierosolymis,
1269 5441 1480 5520 apercutieudis
1495 5441 1584 5529 aDeo
1598 5439 1691 5495 Persis
1708 5453 1769 5493 cre·

131 5554 232 5611 maus,
250 5544 373 5600 mandit
385 5559 451 5601 eum
464 5544 640 5618 patriarcha.
657 5542 775 5603 obeam
789 5541 865 5600 enim
873 5548 934 5598 ten·
975 5539 1057 5610 mari,
1074 5536 1183 5595 discens
1197 5537 1243 5594 hie
1255 5529 1450 5592 seunissimus
1464 5526 1625 5600 pauiarciia
1638 5526 1669 5584 iu
1683 5523 1773 5581 multa
