3818 6120
150 272 208 332 285
672 275 758 335 VITA
776 276 906 337 seueri
924 275 1083 338 ABRAHAE
1102 273 1280 337 EREMITAE.
1744 270 1798 331 tet

150 399 244 454 cimon
259 397 418 471 reputabam
433 403 550 453 ettonis
567 401 644 470 rigor
654 402 798 459 acerrimo
811 406 1172 474 converse-Apngenorum
1188 399 1248 454 eine
1263 414 1343 453 more
1355 397 1496 468 dirigitur.
1512 397 1574 461 Quo
1593 395 1662 451 dum
1684 401 1799 451 sanctus

150 488 240 543 tionis
252 490 315 559 ejus
329 489 404 560 apud
414 505 479 543 oum
493 506 544 560 pro
559 489 647 545 nihilo
656 489 813 549 videbatur.
998 491 1142 545 libiehem
1163 493 1301 561 pergeret,
1324 487 1492 558 precabatur
1506 485 1670 552 Dominum,
1681 485 1796 541 dicens:

184 578 258 632 Gar.
272 577 310 632 lV
324 606 356 617 -
371 577 439 632 Erat
453 583 549 632 nutem
564 578 639 633 haud
654 580 751 650 procul
771 580 806 635 ab
826 581 894 635 urbe
909 581 958 637 iila
1000 579 1223 636 clementissime
1241 594 1273 632 ec
1288 576 1486 647 benignissime
1505 577 1589 631 Deus.
1604 574 1711 646 respice
1721 575 1799 629 insin.

149 666 391 721 ricuendmodum
401 667 542 737 spatiosus
555 685 587 721 ec
597 669 758 738 magonem
768 686 824 743 quo
834 670 957 725 universi
997 665 1797 736 mitatemmeerugretiamquetuonicoelestemadmeum

151 755 264 825 puriter
277 754 422 811 ominimo
435 771 525 825 nsque
535 756 571 811 ed
586 756 739 813 maximnm
750 759 957 828 pogunicrude-
998 759 1159 831 presidium
1174 757 1273 827 dirige,
1291 761 1323 810 ut
1339 754 1513 825 glorificetur
1526 770 1628 808 nomen
1642 759 1723 808 tuum
1734 769 1797 807 sen-

152 843 256 899 liesimi
279 842 445 900 existebant
463 852 534 914 quoq
546 841 736 907 obiectorum
760 847 838 908 culto
864 847 959 903 nullus
1000 846 1257 905 clum.Perveniens
1273 851 1367 899 eutem
1382 843 1417 898 ed
1431 842 1684 913 vicumridensque
1698 859 1797 899 omnes

152 933 273 988 omnino
281 930 671 995 relebatevertere.Noiinulli
679 934 792 1004 quidem
803 935 959 1007 presbyteri
1000 937 1029 991 in
1048 936 1157 990 insanie
1171 935 1307 989 idolatriae
1327 934 1506 993 vehementer
1526 948 1586 989 esse
1608 932 1745 995 detentos,
1764 948 1796 995 ex

153 1027 183 1076 et
193 1021 317 1085 diaconi,
334 1021 363 1075 in
378 1022 431 1077 hoo
444 1020 539 1092 ipsum
554 1022 612 1077 illic
627 1023 750 1081 ordinati
764 1031 793 1079 et
809 1025 908 1079 directi
924 1025 959 1078 nb
1000 1027 1056 1081 imo
1069 1031 1181 1097 pectore
1192 1024 1387 1094 ingemiscens,
1402 1021 1525 1092 graviter
1539 1020 1633 1083 tlerit3
1648 1026 1675 1074 et
1686 1021 1796 1075 elevans

152 1108 360 1182 episcopo,sine
374 1110 433 1165 ullo
448 1109 548 1168 selum
561 1126 659 1167 eorum
675 1111 767 1167 fructu
779 1113 955 1177 recedebant,
1000 1118 1095 1171 oculos
1109 1133 1175 1171 suos
1185 1115 1220 1170 od
1229 1113 1432 1177 coelum,dixit:
1453 1112 1495 1165 'l'u
1507 1111 1583 1165 solus
1600 1110 1648 1179 qni
1662 1110 1721 1163 sine
1736 1127 1799 1180 pec-

152 1214 338 1270 nequnquam
357 1198 519 1259 afflictionis
530 1198 653 1259 terentes
666 1199 806 1256 laborem:
825 1203 958 1273 quianon
1000 1211 1062 1261 coto
1077 1223 1116 1273 es,
1131 1206 1261 1267 Deus,ne
1275 1202 1413 1273 despicias
1427 1217 1513 1273 opere
1526 1215 1662 1255 manuum
1671 1205 1796 1257 tuarum.

152 1287 248 1343 solum
268 1304 326 1343 non
341 1287 456 1343 suaderi
470 1288 540 1341 etad
552 1303 720 1345 consensum
734 1291 846 1347 enimus
860 1308 958 1347 eorum
998 1295 1232 1365 Festinanterqne
1242 1292 1344 1347 direxit
1353 1291 1487 1346 nuntium
1497 1289 1526 1345 in
1536 1287 1719 1342 civitatemad
1729 1287 1798 1341 ami·

152 1376 232 1431 teron
248 1392 306 1431 non
322 1371 435 1447 poteret
447 1376 533 1442 flecti,
544 1377 737 1439 verumetiam
750 1385 958 1449 persecutiones
999 1399 1062 1442 cum
1073 1384 1153 1438 illum
1163 1382 1362 1437 charissimum
1370 1379 1469 1443 sibi,ut
1476 1378 1624 1449 pecuniam
1630 1394 1664 1433 ex
1671 1375 1799 1445 reliquiis

152 1465 183 1520 in
198 1465 312 1537 eosqui
327 1482 357 1521 se
372 1464 526 1521 monebant
538 1482 571 1521 ac
581 1466 733 1521 seditiones
748 1467 958 1523 vehementissi-
998 1472 1164 1543 patrimonii
1175 1472 1219 1527 sui
1233 1471 1355 1525 afferret.
1373 1469 1463 1534 Quam
1472 1485 1536 1523 cum
1548 1467 1710 1537 accepisset,
1725 1465 1800 1521 inter

154 1570 214 1609 inas
225 1553 417 1611 concitabant.
434 1555 489 1610 Sed
505 1554 589 1611 turbe
607 1555 790 1611 nibilominus
805 1559 958 1614 monocbo·
994 1577 1102 1631 paucos
1118 1561 1177 1615 dies
1191 1560 1348 1617 construxit
1363 1558 1518 1613 ecclesiam.
1531 1557 1566 1611 Et
1578 1557 1656 1610 velut
1666 1571 1798 1625 sponsam

155 1659 219 1699 ium
228 1643 320 1699 semel
334 1648 419 1714 etque
426 1644 530 1699 iterum
538 1644 616 1698 adire
627 1644 758 1709 nitentes,
766 1646 836 1701 nibil
848 1647 958 1717 penitus
1000 1650 1144 1720 optimam,
1162 1650 1250 1705 multo
1266 1665 1329 1703 enm
1344 1648 1519 1716 mirificoque
1532 1644 1675 1703 decoravit
1684 1648 1795 1697 ornatu.

156 1749 207 1804 pro
221 1733 408 1789 conversione
421 1750 518 1787 eorum
527 1743 621 1802 'agere
632 1738 795 1804 potuerunt,
807 1736 892 1789 Porro
904 1724 990 1791 nnaB
999 1739 1131 1795 Attamen
1142 1739 1209 1793 dum
1230 1738 1426 1798 aedificare-tur,
1443 1733 1566 1805 quotidie
1578 1733 1663 1788 bomo
1677 1732 1727 1786 Dei
1747 1747 1798 1802 per

155 1821 201 1876 die
221 1823 351 1876 residens
362 1839 426 1876 cum
436 1823 547 1879 clericis
561 1823 622 1877 suis
632 1824 791 1894 episcopus,
804 1824 958 1881 beatissimi
1000 1828 1093 1885 medie
1112 1828 1261 1881 simulacra
1274 1826 1422 1896 gentilium
1438 1823 1587 1889 transiens,
1605 1823 1675 1876 nihil
1685 1820 1797 1892 penitus

155 1910 244 1981 liujus
259 1911 314 1969 riri
330 1910 428 1967 habuit
441 1912 624 1976 mentionem,
639 1912 811 1983 dixitquead
825 1930 874 1967 eos
887 1915 959 1983 :Ego
999 1916 1176 1987 loquebatur,
1198 1916 1253 1971 nisi
1274 1916 1303 1970 in
1324 1915 1406 1969 corde
1427 1931 1477 1968 suo
1497 1912 1596 1967 orabat
1610 1910 1795 1975 solummodo,

155 2000 243 2055 &lem
256 2000 349 2055 Vllum
362 2000 537 2071 lkaOYlbUS
550 2006 642 2066 Md}
650 2001 720 2055 mels
732 2003 826 2057 videre
841 2019 898 2058 nou
913 2020 960 2074 po-
999 2007 1178 2077 gemitusque
1192 2022 1256 2061 cum
1271 2006 1339 2061 tletu
1354 2003 1484 2058 mittebat
1493 2002 1527 2055 nd
1544 2001 1706 2057 Dominum.
1723 1999 1800 2055 Post·

156 2090 207 2153 tui.
226 2089 268 2144 ita
282 2089 313 2145 iu
332 2091 409 2144 omni
426 2106 510 2160 opere
530 2089 663 2145 bonitatis
685 2092 850 2160 perfectum,
870 2098 899 2147 et
920 2093 960 2147 sic
1001 2112 1085 2166 quarn
1106 2112 1171 2152 vero
1190 2094 1306 2149 ecclesia
1320 2099 1364 2147 cst
1381 2095 1583 2154 consummate,
1600 2089 1681 2169 quasi
1696 2103 1799 2149 munus

157 2177 266 2233 mustis
276 2179 430 2235 virtutibus
441 2179 619 2236 adornatum.
630 2179 659 2235 iu
671 2196 726 2250 quo
734 2180 819 2251 elegit
830 2182 904 2237 Dens
912 2182 960 2236 lia·
1001 2185 1141 2255 quoddam
1158 2201 1221 2239 cuin
1238 2183 1334 2241 multis
1348 2181 1479 2253 lacrymis
1493 2179 1595 2235 obtulit
1609 2179 1683 2245 oeo;
1699 2177 1737 2231 ibi
1752 2193 1801 2246 ge·

157 2266 258 2332 bitere,
275 2274 309 2322 ut
324 2267 961 2326 babeturnuncsanctissimusAbrahamltee
1000 2273 1092 2332 nubus
1102 2273 1210 2344 positis,
1228 2273 1278 2328 bos
1288 2288 1384 2342 preces
1394 2269 1559 2341 suppliciter
1567 2269 1597 2321 in
1607 2284 1658 2321 sua
1673 2265 1800 2323 oratione

158 2356 317 2427 pendentes
332 2363 427 2413 numm
441 2357 533 2413 clerici
547 2374 644 2411 rarum
654 2375 716 2413 esse
730 2375 794 2413 eum
808 2360 858 2414 Dei
873 2361 961 2415 tamu-
1002 2361 1150 2433 proludit:
1167 2363 1219 2426 Tu,
1236 2359 1555 2431 inquiem,ornnipotens
1565 2355 1674 2413 FiliDei
1683 2354 1800 2424 viri,qui

158 2445 216 2500 lum
229 2446 460 2516 monachumque
473 2446 626 2517 perfectum
639 2447 828 2503 affirmabant.
845 2449 880 2503 Et
890 2450 961 2519 epis·
1001 2457 1092 2505 totum
1101 2451 1236 2505 mundum
1246 2449 1350 2503 erroris
1360 2449 1524 2518 depressum
1532 2444 1700 2514 caligineed
1706 2443 1800 2512 cogni-

158 2551 241 2605 oopus
256 2552 262 2585 :
277 2534 357 2598 Volo,
378 2535 480 2605 inquit,
493 2552 557 2591 enm
573 2535 673 2591 invice
689 2536 737 2590 illo
747 2537 898 2606 gentilium
914 2554 961 2595 or·
1002 2540 1107 2595 tionem
1122 2539 1237 2593 luminis
1248 2538 1291 2592 tui
1307 2555 1356 2608 per
1366 2544 1443 2592 tuam
1455 2534 1633 2607 praesentiam
1646 2530 1796 2596 deduxisti,

159 2623 255 2679 unare
265 2622 485 2695 presbyterum
511 2630 602 2695 potest
618 2625 694 2679 enim
718 2640 766 2680 eos
780 2625 917 2695 patientie
929 2643 961 2681 ne
1002 2629 1202 2699 huncquoque
1216 2629 1350 2698 populum
1360 2633 1441 2680 tuum
1451 2625 1610 2695 dispersum
1624 2620 1800 2691 congregem

160 2712 245 2770 nimio
259 2713 399 2771 charitate
409 2714 443 2767 nd
454 2714 544 2769 Deum
553 2720 728 2771 moventem.
741 2716 776 2768 Et
789 2731 961 2785 consurgens
1002 2718 1094 2773 sinum
1109 2717 1237 2773 Ecclesiae
1252 2724 1316 2779 tore,
1330 2721 1358 2770 et
1371 2715 1501 2770 illumina
1514 2713 1609 2768 oculos
1633 2710 1737 2769 inentis
1751 2725 1799 2763 eo·

161 2802 299 2873 munus,
316 2802 352 2859 nd
367 2802 497 2858 cellulam
511 2803 601 2859 sancti
617 2803 668 2859 viri
684 2820 748 2858 cum
767 2804 826 2859 suis
838 2804 962 2875 proticis-
1002 2803 1699 2877 rnm,utrespuentessimulacrorumculturem,te
1709 2799 1798 2853 solum

162 2891 232 2947 cibit
244 2891 368 2948 clericis.
379 2892 506 2962 Cumque
517 2892 669 2947 salutasset
681 2894 916 2964 summatimque
926 2893 961 2949 de
1002 2900 1158 2951 amatorem
1168 2895 1312 2950 hominum
1322 2893 1513 2962 ecbenignum
1521 2892 1611 2946 Deum
1620 2893 1798 2960 cognoscent.

163 2980 316 3050 gentilibus
331 2981 383 3036 rici
399 2981 476 3036 illius
490 2981 624 3047 insinuat,
636 2988 668 3036 ut
679 2982 715 3037 ad
729 2998 777 3037 eos
792 2982 826 3037 ob
841 2984 961 3038 salutem
1038 2981 1165 3051 Cumque
1178 2981 1250 3035 hone
1263 2979 1419 3041 orationem
1430 2977 1546 3042 linisset,
1558 2975 1690 3032 continuo
1704 2989 1800 3043 egres·

163 3083 258 3125 eorum
276 3074 409 3140 pergeret
422 3070 592 3140 rognosQui
606 3070 989 3144 eumaudisset,tristisve·g
1003 3086 1050 3124 sus
1076 3068 1111 3123 ab
1134 3068 1259 3134 ecclesie,
1284 3067 1408 3139 perrexit
1430 3066 1465 3121 ed
1483 3066 1621 3136 templum
1640 3062 1800 3133 gentilium,

160 3156 308 3216 tementer
319 3159 443 3225 euectus,
458 3159 497 3215 eit
507 3159 543 3217 nd
553 3160 730 3231 episcopum:
744 3160 958 3231 Quaeso,inquit‚
1001 3175 1121 3229 erasque
1135 3174 1232 3212 eorum
1241 3164 1269 3212 et
1280 3157 1430 3213 simulacre
1440 3154 1570 3209 menibus
1580 3152 1638 3207 suis
1653 3150 1803 3205 evertitet·

159 3245 578 3320 Petersonctissime,permitte
589 3248 658 3305 mihi
668 3256 785 3304 utmees
798 3249 961 3320 iniquitates
1002 3264 1056 3319 que
1069 3247 1215 3302 destruxit.
1223 3247 1304 3311 Quod
1313 3246 1418 3300 tectum
1430 3261 1494 3298 cum
1505 3248 1633 3298 cerneret
1642 3239 1726 3295 turbe
1734 3255 1801 3310 gen·

160 3334 289 3402 debeam,
304 3352 397 3407 neque
410 3337 572 3407 hujusmodi
584 3339 729 3408 negotium
744 3339 857 3394 infirmo
866 3346 896 3393 et
906 3340 961 3394 exi·
1002 3337 1104 3402 tilium,
1120 3336 1200 3407 qnasi
1213 3341 1337 3406 agrestes
1347 3334 1412 3389 ferre
1422 3333 1560 3395 insiliunt,
1572 3330 1801 3401 eumquelacere·

160 3440 213 3495 gno
227 3424 364 3482 existenti
383 3425 524 3496 injungas.
545 3426 588 3481 nd
604 3443 688 3496 quern
703 3442 800 3482 rursus
814 3427 962 3498 episcopus
1004 3434 1065 3481 turn
1078 3426 1174 3480 multis
1188 3424 1348 3481 verberibus
1362 3423 1539 3494 sngnverunt.
1551 3423 1718 3491 Ipseautem
1728 3417 1801 3479 clam

162 3512 230 3569 dixit
246 3532 253 3567 :
272 3514 329 3569 Per
342 3515 393 3568 Dei
412 3515 544 3585 gratiam,
562 3515 662 3586 inquit.
680 3522 778 3586 potens
789 3534 832 3582 es,
846 3532 881 3569 ne
895 3516 963 3571 velis
1005 3521 1086 3570 nocte
1094 3515 1122 3568 in
1137 3514 1252 3569 ecclesia
1260 3513 1395 3579 residens,
1408 3513 1553 3583 plagarum
1564 3524 1680 3565 suerum
1693 3508 1800 3560 lacera·

161 3617 224 3672 ergo
237 3603 270 3659 in
286 3603 340 3657 linc
354 3601 428 3656 bone
438 3602 599 3659 obedientie
612 3604 673 3658 tieri
687 3603 963 3665 cunctabundus.Cui
1006 3604 1110 3658 tionem
1122 3603 1355 3657 neocorensem
1368 3600 1563 3655 tantummodo
1573 3615 1635 3653 cum
1648 3595 1760 3650 tletibus
1770 3612 1803 3649 ue

161 3690 201 3747 vir
215 3690 319 3747 beatus
330 3691 433 3747 iterum
446 3692 619 3763 respondens
627 3692 714 3746 dixit:
729 3692 853 3749 Obsecro
864 3693 965 3753 soncti-
1007 3691 1168 3764 gemitibus,
1185 3697 1218 3746 ut
1230 3692 1298 3745 salvi
1322 3692 1431 3755 fierent,
1452 3689 1605 3747 Dominum
1624 3684 1800 3758 precabatur.

163 3785 247 3839 telem
258 3786 341 3839 tuum
354 3787 387 3839 nt
400 3797 445 3837 me
459 3781 535 3835 male
548 3798 611 3835 men
620 3782 754 3852 plangere
769 3783 966 3852 permittesEt
1004 3782 1089 3838 Facto
1099 3788 1194 3837 autem
1203 3797 1284 3835 mnne
1294 3780 1474 3835 advenientes
1485 3773 1803 3849 pegeni,inveniuntbo·

164 3868 244 3927 cited
256 3885 326 3924 enm
342 3869 490 3941 episeopus
506 3870 595 3925 :Ecce
606 3876 698 3925 totum
714 3870 850 3925 mundum
862 3877 891 3926 et
903 3889 964 3942 quie
1004 3870 1109 3927 minem
1128 3871 1186 3927 uei
1208 3876 1335 3925 orantem
1349 3889 1355 3928 ;
1376 3874 1405 3923 et
1421 3868 1509 3923 nimio
1533 3874 1648 3937 stupore
1671 3861 1802 3934 perculsi,

168 3955 235 4013 ineo
250 3964 322 4013 sunt
337 3958 489 4028 reliquisti,
505 3964 535 4018 et
549 3959 635 4015 ritem
649 3959 812 4017 crucifixam
826 3960 965 4030 amplexo·
1005 3961 1085 4031 quasi
1100 3961 1162 4015 enei
1177 3960 1228 4031 [tlt
1245 3959 1359 4030 quidam
1374 3958 1464 4013 effecti
1479 3963 1554 4011 sunt.
1567 3956 1646 4011 Unde
1664 3960 1692 4008 et
1703 3953 1738 4009 od
1755 3968 1803 4006 ec-

167 4050 204 4103 tus
222 4064 275 4114 ειη
296 4051 424 4101 attamen
447 4064 511 4102 cum
539 4048 598 4103 bec
616 4048 747 4104 universe
772 4049 962 4120 compleveris,
1006 4049 1119 4103 clesiem
1146 4048 1270 4120 qnotidie
1291 4048 1449 4112 veniebant,
1471 4063 1527 4102 non
1550 4053 1645 4101 minen
1670 4040 1805 4101 emtionis

170 4148 283 4205 ignosce
297 4143 328 4191 te
338 4135 602 4207 obedientiamque
613 4137 722 4193 cunctis
736 4137 886 4195 virtutibus
898 4138 965 4196 emi-
1006 4139 1108 4208 gratio,
1124 4139 1173 4191 sed
1189 4143 1219 4191 ut
1232 4137 1319 4191 siculis
1330 4138 1387 4191 suis
1401 4136 1522 4190 ecclesie
1530 4134 1752 4204 contemplantes
1761 4147 1805 4184 or·

171 4232 217 4291 let,
234 4242 296 4282 non
312 4224 499 4283 hebere-Haec
513 4226 561 4282 ille
575 4242 639 4279 cuni
654 4226 884 4297 audissetcoepit
898 4227 966 4281 ssere
1007 4234 1105 4283 natum
1119 4244 1152 4280 ee
1161 4226 1409 4297 pulchritudinem,
1420 4226 1636 4279 delectarentur.
1646 4221 1738 4292 Coepit
1753 4221 1804 4273 ite-

170 4324 269 4380 tuere,
283 4314 383 4372 dicens
399 4315 434 4368 ed
453 4331 534 4369 eum:
552 4315 625 4379 Quid
646 4331 709 4370 sum
723 4331 784 4385 ego,
801 4315 879 4371 cenis
894 4332 967 4373 mor·
1008 4332 1062 4387 que
1076 4316 1196 4385 quedam
1211 4315 1256 4369 dio
1264 4315 1306 4368 vir
1320 4314 1419 4369 beatus
1431 4313 1573 4368 Abrabam
1589 4309 1732 4381 deprecari
1743 4324 1800 4375 eos,

169 4404 224 4461 bns
236 4403 439 4472 illiserunt
451 4410 480 4459 et
490 4419 551 4474 quse
561 4410 606 4458 est
616 4403 672 4457 vite
678 4404 887 4474 mee,quoniam
899 4405 967 4461 telia
975 4398 999 4456 D
1008 4412 1040 4460 nt
1054 4411 1238 4475 agnoscerent
1245 4404 1344 4458 Deum.
1358 4403 1401 4460 llli
1416 4419 1480 4457 sero
1491 4402 1618 4457 seriores
1628 4398 1717 4455 effecti
1725 4397 1804 4459 fusti-

164 4487 191 4545 de
204 4510 268 4557 me,
286 4509 303 4546 o
317 4492 494 4548 sanctissime
510 4493 604 4558 Pater,
618 4492 772 4562 iudicasti?
783 4493 834 4547 Cui
844 4494 883 4558 eit
895 4495 966 4567 epis·
1007 4493 1058 4548 bus
1074 4510 1138 4547 eum
1154 4493 1234 4563 quasi
1255 4493 1375 4563 lapidem
1387 4492 1537 4563 quemdem
1552 4498 1636 4561 atque
1647 4487 1804 4543 exanimem

160 4590 271 4655 tepus:
295 4581 366 4637 Ecce
386 4582 431 4637 bic
450 4581 586 4646 residens,
608 4587 687 4637 tuam
702 4583 877 4637 solummodo
893 4585 966 4639 salu-
1006 4583 1184 4647 ceciderunt;
1201 4588 1229 4635 et
1248 4582 1360 4648 deinde,
1379 4581 1496 4653 pedibus
1520 4582 1581 4650 ejus
1606 4579 1671 4635 fune
1697 4576 1802 4648 ligetis,

156 4668 216 4729 hm
238 4669 382 4741 acquiris;
395 4670 433 4727 ibi
447 4676 544 4726 eutem
556 4671 671 4743 plurimi
679 4687 728 4741 per
739 4677 776 4736 te,
793 4671 888 4727 divine
899 4689 965 4742 grn-
1007 4676 1085 4727 extre
1109 4672 1199 4725 vicum
1212 4677 1368 4735 traxerunt,
1390 4670 1530 4741 lapidibus
1543 4669 1710 4735 obruentes,
1729 4682 1805 4721 mor-

148 4750 194 4816 fia
212 4764 370 4830 operante,
387 4759 514 4815 salvandi
531 4766 607 4823 sunt,
624 4759 859 4830 quoscumqneed
870 4761 964 4821 Domi-
1006 4766 1143 4831 tuumque
1156 4777 1220 4817 eum
1236 4760 1416 4823 arbitrantes,
1428 4757 1596 4815 seminecem
1619 4757 1804 4828 reliquerunt.

142 4851 227 4905 ”um
240 4848 336 4904 Deurn
345 4848 525 4904 conveneris.
537 4848 691 4905 Considera
705 4849 801 4920 itnque
811 4849 886 4904 unde
902 4866 964 4907 nin-
1042 4850 1236 4905 Mediaeutem
1247 4855 1327 4903 nocte
1337 4849 1366 4904 in
1380 4847 1562 4918 semetipsum
1576 4863 1712 4912 reversae,
1721 4844 1809 4916 coepit

136 4930 283 4996 otiorum
293 4935 452 4993 mercedem
469 4935 584 5000 hebens,
598 4942 694 4995 utrum
707 4937 733 4991 si
747 4938 868 5008 teipsum
878 4938 965 4999 selve-
1006 4939 1074 4993 tlere
1087 4937 1341 5003 vehementissime,
1359 4936 1514 4991 aedicere:
1531 4937 1568 4991 Ut
1583 4936 1659 5007 quid,
1674 4935 1803 5000 Domine,

136 5026 234 5081 *eris
265 5024 369 5087 solum,
392 5042 429 5081 nn
452 5025 478 5080 si
504 5025 641 5095 plurimos
669 5031 763 5083 tecum
788 5026 964 5085 adsalutem
1004 5026 1154 5097 despexisti
1165 5026 1352 5080 humilitatem
1362 5032 1502 5090 meamet
1516 5041 1602 5096 quere
1617 5025 1715 5079 faciem
1727 5030 1807 5084 tuam

129 5112 326 5173 enumeris.
356 5114 434 5173 Tunc
463 5114 560 5171 beatus
583 5115 626 5171 vir
647 5115 698 5169 Dei
721 5115 800 5179 ssens,
824 5116 964 5171 sitibiet
1005 5116 1320 5171 evertisemeletcur
1333 5114 1446 5184 repellis
1460 5115 1584 5171 enimam
1599 5126 1701 5180 meam,
1718 5118 1747 5169 et
1758 5112 1806 5169 de

127 5202 293 5259 'olentes
302 5203 429 5269 Domini;
438 5208 632 5261 verumtamen
640 5209 756 5274 propter
764 5204 963 5269 obedientiam,
1006 5205 1130 5275 spexisti,
1146 5203 1273 5269 Domine,
1285 5220 1371 5273 opere
1381 5220 1517 5259 manuum
1527 5211 1642 5259 tuorum
1652 5204 1664 5256 ?
1675 5204 1710 5259 Et
1720 5220 1803 5269 nunc,

128 5292 332 5362 quocunque
343 5293 471 5361 iusseris,
489 5309 615 5363 pergem.
1006 5293 1133 5357 Domine,
1148 5293 1255 5363 respice
1269 5310 1355 5362 super
1369 5309 1480 5348 serrum
1495 5301 1585 5359 tunm,
1603 5299 1631 5347 et
1644 5293 1744 5353 exaudi
1760 5292 1807 5347 de-

198 5381 267 5435 Cir.
277 5380 326 5437 vl.
337 5410 369 5421 -
382 5380 508 5439 Educens
522 5398 588 5452 ergo
607 5397 671 5439 eum
684 5381 718 5435 de
733 5382 834 5441 cellule
847 5383 876 5443 in
900 5382 964 5437 ciri·
1006 5383 1194 5454 precationem
1211 5398 1314 5445 meum,
1331 5389 1359 5437 et
1370 5382 1520 5437 corrobom
1531 5400 1591 5446 me;
1611 5387 1699 5447 11st
1717 5387 1744 5442 et
1759 5380 1807 5437 ob·

137 5460 253 5523 hum
276 5468 351 5524 illico
374 5468 551 5536 introduxit,
572 5469 667 5540 ibique
691 5487 742 5540 per
756 5470 964 5540 impositionem
1005 5471 1079 5526 solve
1094 5487 1189 5525 servos
1202 5476 1264 5525 tuos
1285 5471 1433 5527 avinculis
1446 5472 1560 5537 diaboli,
1578 5479 1605 5526 et
1620 5479 1721 5541 praesto
1730 5471 1807 5529 sieut

148 5558 265 5610 ¹uarius
279 5555 427 5628 presbyter
448 5557 594 5614 ordinatus
620 5556 684 5623 (101,
702 5559 796 5621 statim
813 5559 848 5614 ed
872 5559 964 5622 sicum
1005 5566 1174 5630 cognoscant
1190 5567 1218 5617 te
1233 5561 1365 5635 quoniam
1380 5568 1411 5616 tu
1428 5580 1457 5619 cs
1472 5563 1557 5624 solus,
1569 5566 1805 5631 etpraetertenou
