3832 6120
99 261 150 320 ⁴81
303 261 390 319 vnn
407 258 627 319 SANC'PORUM
645 258 818 317 naaman
836 260 1004 318 EREMITAE
1022 262 1068 318 ET
1085 262 1269 320 rosarum
1286 263 1399 321 lNDlAE
1416 264 1534 323 REGIS.
1682 268 1736 332 1182

99 393 168 442 sunt
185 387 291 453 omnia,
307 391 366 442 tam
381 403 443 459 quas
462 386 491 441 in
505 386 581 443 coelis
597 405 681 460 quam
696 406 757 460 quae
768 389 796 444 in
811 396 896 456 terra,
906 392 968 450 Aet
979 390 1111 461 gemitus.
1123 389 1337 465 Tuncerumpet
1350 396 1429 465 quasi
1445 398 1628 454 manelumen
1642 405 1733 470 tuum,

98 482 159 531 tam
174 475 550 548 visibiliaquaminvisibilia,
563 477 620 531 sive
629 478 733 543 throni,
744 479 897 533 siredomi·
940 483 968 533 et
982 480 1088 534 sanitas
1101 486 1151 534 tua
1166 480 1369 536 citiusorietur.
1383 484 1417 539 Et
1424 486 1648 543 anteibitsaciem
1656 495 1736 546 tuam

99 564 240 631 nationes,
252 565 309 619 sive
324 564 507 638 principatus,
517 566 574 620 sive
584 567 846 637 potestateleoloss.
864 567 896 637 1).
936 567 1047 637 justitia
1062 572 1121 632 tua,
1137 573 1165 622 et
1176 569 1267 639 gloria
1279 570 1391 625 Domini
1402 574 1513 645 colliget
1524 577 1733 635 teTuncinro·

97 654 204 708 Omnia
217 670 269 724 per
279 654 372 724 ipsum
382 653 455 708 lacta
468 661 544 720 sunt,
556 659 585 708 et
595 654 656 708 sine
666 654 727 725 ipso
742 654 899 709 factumest
938 655 1023 721 cabis,
1037 662 1066 710 et
1083 657 1219 711 Dominus
1230 659 1372 714 exaudiet:
1383 661 1653 730 clamabis,etdicet:
1665 668 1734 724 Ecce

96 742 170 796 nihil
179 742 252 813 quod
263 742 367 797 lactum
376 747 419 796 est
427 745 519 812 (loon.
532 745 562 809 ης
577 749 606 796 et
620 760 693 797 unns
704 743 824 814 Spiritus
836 760 899 798 san·
938 743 1038 798 adsum
1050 747 1113 811 (Ira.
1126 746 1274 816 axnr).l]go
1292 747 1367 801 enirn
1383 765 1454 816 sum,
1476 751 1523 821 qui
1538 753 1617 808 deleo
1632 755 1734 828 iniqui·

96 837 171 893 ctus,
187 830 217 884 in
229 847 285 903 quo
299 830 403 896 omnia,
414 831 462 901 qui
471 831 608 885 Dominus
617 837 668 896 est,
678 830 839 897 etrivilicat,
849 831 897 902 qui
938 837 1010 886 tates
1025 838 1097 898 tuas,
1115 839 1143 886 et
1157 850 1212 887 non
1228 835 1414 890 memorabor.
1426 839 1539 894 Turero
1548 850 1731 911 memoresto,

95 921 174 974 Deus
189 923 242 980 est,
261 923 290 973 et
299 918 474 973 divinitatem
486 920 577 985 affert,
589 919 711 991 Spiritus
724 919 824 985 bonus,
833 920 896 991 Spi·
938 927 967 974 et
979 921 1148 991 judicemur.
1165 922 1214 976 Dic
1223 929 1255 976 tu
1270 923 1432 994 iniquitates
1446 932 1520 993 tuas,
1531 932 1733 1001 utJ'ustilrceris

95 1008 169 1062 ritus
184 1015 286 1074 rectus,
295 1008 584 1079 Spiritusparaclitus,
601 1007 721 1078 Spiritus
738 1008 896 1079 adoptionis
940 1010 1003 1077 (Iso.
1029 1012 1116 1072 xtra).
1134 1010 1163 1064 Si
1186 1010 1292 1065 suerint
1316 1019 1430 1083 peccata
1453 1020 1502 1069 tua
1527 1023 1560 1072 ut
1578 1020 1731 1086 coccinum,

95 1097 348 1152 liliorumflorum
358 1095 551 1167 unusquisque
565 1096 640 1151 Deus
652 1102 703 1163 est,
714 1095 895 1167 siseparatim
938 1096 1018 1166 quasi
1037 1097 1084 1151 nix
1098 1094 1312 1153 dealbabuntur.
1335 1101 1369 1154 Et
1384 1102 1406 1155 si
1425 1102 1531 1159 fuerint
1541 1105 1626 1162 rubra
1653 1110 1733 1180 quasi

94 1186 299 1241 consideretur:
312 1190 345 1240 ut
354 1186 448 1251 Pater,
457 1185 496 1238 sic
505 1184 601 1249 Filius;
620 1191 652 1238 ut
664 1185 761 1250 Filius,
777 1185 817 1238 sic
832 1184 907 1255 Spig
936 1185 1113 1250 vermiculus,
1129 1187 1206 1241 velut
1219 1188 1285 1242 lana
1298 1188 1363 1243 alba
1378 1196 1470 1245 erunt.
1481 1193 1519 1247 Os
1535 1194 1609 1249 enim
1619 1196 1733 1253 Domini

94 1274 171 1328 ritus
183 1280 308 1329 sanctus.
323 1274 401 1329 Unus
411 1279 506 1328 autem
520 1274 594 1328 Deus
608 1273 636 1327 in
653 1273 742 1327 tribus
756 1273 893 1344 personis,
936 1273 1060 1328 locutum
1076 1281 1119 1328 est
1134 1276 1201 1342 (Iso.
1222 1277 1251 1345 r).

94 1368 273 1428 unanatura,
286 1379 374 1417 unum
384 1379 513 1432 regnum,
523 1362 719 1434 unapotentia,
729 1360 892 1433 unagloria‚
972 1362 1037 1415 Car.
1049 1362 1185 1416 XL—Ait
1194 1364 1230 1418 ad
1245 1381 1308 1419 eum
1324 1367 1478 1438 Josaphat:
1496 1371 1562 1425 Haec
1575 1376 1625 1426 tua
1648 1371 1733 1429 verba

95 1469 156 1506 una
167 1451 345 1506 substantia:
362 1467 423 1521 quae
432 1467 616 1522 personarum
629 1450 736 1505 ratione
749 1449 893 1516 dividitur,
935 1451 1069 1520 praeclara
1083 1457 1112 1506 et
1126 1451 1293 1507 admiranda
1302 1461 1377 1521 sunt;
1386 1459 1627 1528 eaquecredidi‚et
1636 1463 1730 1530 credo,

94 1540 274 1596 sedDeitatis
288 1543 416 1610 respectu
435 1555 491 1594 una
500 1545 552 1593 est.
568 1539 646 1594 Unus
661 1538 736 1592 enim
747 1538 891 1602 estPater,
936 1554 1104 1609 omnemque
1118 1540 1257 1595 idolorum
1268 1543 1374 1596 cultum
1396 1560 1428 1597 ex
1443 1546 1537 1600 animo
1552 1547 1598 1601 odi
1610 1566 1643 1603 ac
1655 1549 1732 1605 dete·

93 1628 142 1684 cui
155 1629 303 1701 proprium
314 1634 357 1682 est
365 1627 493 1698 genitum
509 1644 564 1681 non
579 1644 649 1681 esse.
665 1627 742 1681 Unus
751 1627 818 1681 item
828 1626 893 1681 uni·
935 1631 1002 1679 stoa.
1021 1627 1129 1681 Etenim
1144 1629 1222 1699 prius
1243 1630 1329 1683 etiam
1353 1648 1437 1701 quam
1453 1634 1488 1687 ad
1510 1652 1555 1689 me
1574 1638 1730 1706 accederes,

91 1718 211 1787 genitus
219 1716 315 1782 Filius,
325 1715 518 1786 cuiproprium
534 1721 578 1769 est
585 1715 712 1785 genitum
728 1732 798 1769 csse.
815 1716 925 1797 UnusB
935 1713 1046 1786 oblique
1055 1717 1260 1786 quodammodo
1269 1719 1465 1775 acdubitanter
1477 1739 1582 1793 ergaea
1593 1725 1731 1781 afficieba-

93 1806 220 1877 denique
234 1804 355 1876 Spiritus
368 1810 491 1868 sanctus,
507 1804 552 1858 cui
565 1805 709 1875 proprium
723 1808 765 1857 est
780 1820 894 1875 proces·
935 1807 981 1856 tur
996 1803 1107 1858 animus
1122 1822 1210 1858 meus.
1227 1807 1308 1860 Nunc
1323 1813 1417 1862 autem
1430 1816 1613 1881 posteaquam
1633 1829 1730 1869 eorum

92 1895 177 1950 sisse.
194 1894 240 1949 Sic
254 1893 329 1948 enim
342 1910 392 1947 nos
404 1908 436 1947 ex
451 1892 566 1958 lumine,
583 1892 635 1946 hoc
645 1897 689 1946 est
701 1909 734 1946 ex
748 1893 841 1959 Patre,
853 1892 895 1946 lu·
934 1891 1096 1956 vanitatem,
1110 1893 1312 1965 hominumque
1327 1896 1374 1966 qui
1390 1914 1423 1950 ea
1437 1899 1534 1952 colunt
1542 1901 1690 1955 stultitiam
1698 1919 1730 1956 ex

91 1983 214 2053 men,id
224 1988 268 2037 est
278 1983 389 2047 Filium,
406 1983 436 2037 in
450 1982 555 2036 lumine
570 1984 652 2050 (Ptol.
675 1981 767 2048 xxxv),
784 1981 836 2035 hoc
850 1985 894 2034 est
933 1985 962 2033 te
972 1979 1105 2047 intellexi,
1120 1981 1240 2052 perlecto
1252 1984 1315 2037 odio
1331 2002 1364 2038 ea
1380 1984 1509 2052 insector,
1536 2005 1568 2041 ac
1592 1989 1650 2044 Deo
1665 2007 1730 2046 vero

92 2072 205 2144 Spiritu
219 2078 325 2138 sancto,
341 2076 497 2136 cernentes,
512 2071 543 2125 in
558 2070 647 2124 tribus
666 2069 793 2140 personis
807 2086 892 2123 unam
934 2084 977 2121 me
991 2068 1020 2121 in
1043 2070 1206 2124 servitutem
1232 2071 1361 2126 addicere
1378 2074 1479 2143 gestio,
1501 2077 1584 2131 modo
1598 2094 1643 2132 me
1658 2079 1728 2150 ipse,

91 2162 272 2216 divinitatem
286 2161 407 2215 laudeac
419 2160 508 2231 gloria
521 2159 667 2213 allicimus.
680 2160 771 2229 Atque
781 2158 892 2228 ipsese·
933 2156 1238 2229 hominemindignum,
1248 2159 1451 2232 obiniquitates
1459 2165 1729 2222 measminimesub-

91 2268 144 2306 rus
157 2268 190 2305 ac
202 2251 279 2306 solus
291 2251 367 2305 Deus
382 2256 433 2315 est,
451 2250 499 2320 qui
514 2250 543 2304 in
559 2248 695 2303 Trinitate
706 2246 868 2318 agnoscitur
882 2265 889 2313 ;
932 2252 1050 2311 moueat,
1062 2263 1159 2301 verum
1173 2263 1224 2317 pro
1238 2265 1299 2314 sua,
1315 2256 1347 2303 ut
1360 2250 1451 2316 doces,
1473 2251 1645 2321 benignitate
1659 2255 1729 2310 mihi

91 2341 229 2412 quoniam
244 2357 277 2394 ex
287 2339 359 2412 ipso,
374 2345 404 2394 et
412 2356 462 2410 per
471 2339 605 2411 ipsamet
615 2338 643 2391 in
654 2337 714 2408 ipso
725 2336 892 2390 omniasunt
931 2335 1178 2400 omniacondonet,
1192 2353 1291 2407 meque
1304 2355 1415 2392 servum
1425 2339 1478 2393 sibi
1488 2340 1624 2396 asciscere
1633 2342 1729 2413 digne·

92 2431 181 2494 (nom,
197 2431 248 2495 m),
931 2427 986 2476 tur.
1004 2423 1066 2477 Jam
1081 2423 1321 2495 itaqucbaptisma
1331 2427 1472 2498 suscipere
1480 2435 1674 2499 paratussum,
1686 2438 1728 2488 at·

127 2518 222 2588 lluJus
235 2516 370 2571 benelicio
382 2522 410 2570 et
419 2516 513 2587 gratia
527 2515 586 2586 ipse
596 2530 716 2586 quoque,
729 2513 832 2567 cumde
841 2517 889 2567 tuo
931 2526 985 2581 que
1000 2511 1094 2566 omnia
1108 2529 1169 2582 quae
1182 2513 1383 2585 praescripseris
1393 2533 1514 2571 servare.
1524 2517 1664 2582 Quidnam
1674 2537 1726 2575 au-

89 2606 376 2660 statucertiorsactus
386 2610 469 2671 esset,
479 2605 580 2658 missus
590 2607 761 2669 sumaim
770 2607 803 2656 ut
818 2617 851 2655 ea
860 2607 889 2655 te
931 2603 987 2651 tem
1001 2599 1070 2653 mihi
1079 2601 1480 2672 postbaptismumfiaciendum
1491 2605 1547 2658 est?
1559 2607 1669 2662 Satisne
1683 2615 1727 2664 est

89 2694 221 2748 docerem
236 2710 299 2765 quae
313 2692 407 2759 didici,
424 2697 508 2763 atque
528 2691 563 2745 ab
576 2692 692 2746 ineunte
704 2694 786 2744 aetate
800 2705 889 2760 usque
930 2688 965 2741 ad
980 2688 1100 2742 salutem
1110 2690 1223 2744 credere
1233 2706 1265 2743 ac
1279 2690 1435 2762 baptizarit
1449 2694 1576 2748 anetiam
1587 2697 1643 2751 alia
1653 2715 1727 2769 quae·

88 2783 127 2836 ad
140 2783 214 2837 banc
227 2781 483 2837 canitiemservari.
495 2780 630 2845 Quocirca
642 2779 665 2833 si
684 2778 845 2842 credideris,
861 2782 890 2831 et
930 2776 994 2829 dam
1009 2777 1163 2847 adjungere
1177 2795 1289 2833 necesse
1299 2780 1366 2833 est?

87 2870 353 2942 baptizatusfucris‚
364 2871 458 2924 salvus
468 2869 539 2936 eris;
557 2868 580 2922 si
594 2873 689 2922 antem
704 2882 760 2920 non
767 2865 890 2921 credide·
965 2864 1041 2919 Dixit
1053 2871 1148 2919 autem
1162 2866 1197 2920 ad
1209 2883 1273 2921 eum
1280 2868 1410 2924 Barlaam
1424 2871 1515 2926 :Audi
1530 2871 1597 2943 quid
1607 2872 1727 2944 tibipost

91 2960 144 3025 ria,
155 2958 388 3014 condemnaberis
397 2960 491 3027 (illurn.
502 2960 571 3025 xm).
583 2958 656 3011 Nam
667 2972 700 3010 ea
714 2953 890 3026 quaehodier·
929 2952 1100 3024 baptismum
1113 2953 1271 3009 laciendum
1282 2956 1335 3010 sit:
1364 2975 1464 3030 nempe
1478 2966 1511 3014 ut
1524 2959 1558 3014 ab
1574 2961 1650 3015 omni
1661 2978 1727 3032 pec-

88 3065 129 3103 no
143 3049 190 3103 die
203 3049 305 3115 cernis,
321 3053 351 3102 et
364 3047 464 3119 quibus
474 3046 674 3117 gloriaris,h0c
684 3051 736 3109 est,
751 3044 850 3114 gloria,
862 3047 891 3097 et
900 3047 922 3108 c
931 3047 1002 3107 cato,
1013 3048 1042 3096 et
1057 3041 1091 3095 ab
1106 3043 1182 3096 omni
1196 3043 1296 3098 vitiosa
1311 3045 1456 3101 allectione
1472 3048 1623 3116 abstineas,
1642 3055 1726 3121 atque

88 3137 209 3203 deliciae,
224 3141 254 3191 et
262 3154 339 3209 opes,
357 3142 385 3191 et
399 3136 489 3190 omnis
514 3136 632 3205 hujusce
649 3133 712 3187 ritae
721 3133 886 3203 impostura,
930 3131 1727 3208 orthodoxaelideifundamentorirtutumstudiumsuper·

85 3227 150 3296 jam
155 3225 472 3298 jamquepraeteribunt‚
482 3229 567 3294 teque
581 3221 793 3278 invitumetiam
804 3237 836 3274 ac
842 3237 888 3274 re·
930 3218 1174 3282 struasQuoniam
1186 3220 1255 3274 tides
1261 3221 1321 3275 sine
1330 3222 1460 3293 operibus
1471 3231 1582 3279 mortua
1598 3231 1641 3280 est
1656 3228 1723 3294 (loc.
1810 3272 1817 3292 ,

88 3320 265 3386 pugnantem
278 3315 344 3371 hinc
359 3314 480 3386 ejicient.
930 3308 960 3375 ι),
976 3307 1212 3377 quemadmodum
1221 3308 1306 3363 etium
1315 3317 1513 3381 operaremotu
1523 3313 1726 3370 hdehitcnim

123 3405 166 3457 Ac
179 3420 281 3475 corpus
293 3403 407 3474 quidem
418 3402 569 3474 perexiguo
579 3400 706 3471 sepulcro
717 3398 885 3463 includetur,
929 3396 1078 3467 Apostolus
1091 3397 1163 3468 (Gal.
1180 3400 1207 3465 v)
1230 3416 1235 3449 :
1257 3397 1363 3468 Spiritu
1381 3398 1532 3467 ambulate,
1544 3407 1573 3455 et
1587 3402 1727 3458 desideria

87 3492 182 3547 solum
191 3489 888 3562 relictum,atqueomniamicorumetcognaborum
929 3484 1066 3539 carnisne
1086 3484 1247 3556 perficiatis.
1271 3485 1419 3540 Manifesta
1442 3495 1509 3543 sunt
1523 3505 1607 3561 opera
1621 3491 1723 3560 carnis,

86 3586 164 3636 coetu
173 3581 608 3636 destitutumFacessentautem
618 3577 717 3631 mundi
729 3573 888 3647 jucundita-
929 3590 990 3644 quse
1000 3578 1066 3627 sunt
1075 3573 1254 3640 adulterium,
1271 3573 1426 3642 fornicatio,
1442 3575 1632 3646 immunditia,
1647 3580 1726 3635 luxu·

86 3675 142 3736 tea,
156 3676 243 3741 atque
256 3669 358 3741 ingens
372 3669 499 3741 quaedam
510 3666 665 3722 insuavitas
684 3681 716 3718 ac
724 3664 812 3718 fetida
825 3679 887 3717 cor·
928 3661 980 3727 ria,
992 3661 1131 3716 idolorum
1140 3662 1269 3728 seruitus,
1281 3664 1425 3730 veneficia,
1435 3664 1599 3733 inimicitia,
1610 3674 1723 3723 conten·

86 3759 184 3830 ruptio
199 3759 345 3830 praesentis
363 3756 579 3829 pulchritudinis
602 3760 631 3809 et
653 3753 813 3823 fragrantias
827 3752 888 3806 loco
929 3749 1029 3818 tiones,
1052 3750 1256 3820 emulationes
1272 3751 1329 3816 irae,
1342 3751 1417 3818 rixa,
1427 3753 1622 3822 dissentiones,
1632 3762 1724 3826 sectae,

85 3849 141 3904 tibi
154 3847 279 3919 undique
294 3846 464 3901 affundetur.
477 3845 578 3900 Anima
589 3860 655 3898 vero
665 3848 714 3896 tua
723 3841 833 3895 inferno
841 3840 888 3894 ad·
929 3838 1049 3906 invidia,
1058 3839 1217 3905 homicidia,
1229 3839 1356 3907 avaritia,
1367 3841 1671 3910 maledictiones,amor
1680 3862 1726 3900 vo·

85 3937 174 4002 diem,
191 3935 661 4005 ininferioresterraepartesusque
671 3931 706 3984 ad
716 3934 887 4001 postremam
929 3928 1080 3998 luptatum,
1096 3926 1256 3993 ebrietates,
1272 3930 1497 3993 comessationes,
1515 3937 1544 3985 et
1557 3931 1600 3986 his
1612 3932 1724 4001 similia,

85 4025 326 4081 resurrectionem
341 4024 516 4095 conjicietur.
543 4021 604 4086 Quo
628 4020 734 4075 scilicet
759 4024 886 4088 tempore
928 4033 989 4087 quae
1005 4016 1124 4087 praedico
1134 4016 1221 4083 robis,
1233 4017 1305 4071 sicut
1320 4018 1443 4089 praedixi,
1457 4020 1588 4089 quoniam
1600 4021 1648 4093 qui
1657 4022 1726 4077 talia

85 4115 187 4170 anima
200 4119 313 4185 recepto
328 4129 445 4184 corpore
462 4129 513 4167 sno
525 4127 542 4166 a
554 4109 666 4165 Domini
679 4108 748 4162 facie
760 4105 888 4178 projicie-
928 4110 1016 4175 agunt
1029 4122 1147 4175 regnum
1154 4105 1204 4160 Dei
1216 4122 1271 4160 non
1279 4111 1494 4176 consequentur.
1504 4109 1622 4163 Fructus
1630 4115 1725 4166 autem

85 4210 147 4270 tur,
166 4220 201 4258 ac
226 4203 372 4274 gehenna,
399 4202 479 4273 cujus
502 4201 618 4254 llamma
640 4197 811 4267 sempiterna
833 4199 885 4262 est,
930 4193 1052 4264 Spiritus
1061 4199 1113 4261 est,
1130 4193 1261 4258 charitas,
1277 4193 1422 4263 gaudium,
1439 4212 1501 4265 pax,
1515 4197 1724 4267 longanimitas,

86 4289 307 4364 mancipabitur.
324 4291 389 4346 llaec
403 4289 463 4355 tibi,
473 4294 558 4360 atque
567 4288 653 4343 etiam
667 4286 749 4355 longe
763 4285 806 4337 lns
818 4299 885 4354 gra·
926 4281 1094 4353 benignitas,
1109 4281 1226 4346 bonitas,
1240 4282 1319 4348 sides,
1332 4284 1528 4349 mansuetudo,
1540 4285 1724 4355 continentia,

86 4382 168 4436 xiora
175 4381 350 4451 contingent,
364 4379 389 4434 si
399 4378 428 4432 in
447 4377 613 4433 infidelitate
628 4372 794 4446 perstiteris.
894 4359 1110 4425 Dsanctisrcatio
1125 4370 1225 4424 aninrae
1240 4375 1268 4424 et
1281 4370 1416 4440 corporis,
1432 4372 1523 4426 cordis
1537 4373 1681 4428 alliictatio
1696 4380 1725 4430 et

125 4470 156 4525 Si
176 4474 272 4524 autem
285 4468 312 4523 ei
326 4468 374 4539 qui
390 4473 418 4522 te
433 4467 469 4521 ad
487 4467 606 4521 salutem
624 4462 733 4527 invitat,
757 4465 886 4532 prompto
927 4458 1068 4524 contritio,
1085 4458 1271 4529 eleemosyna,
1280 4457 1450 4528 injuriarum
1464 4460 1575 4525 oblivio,
1593 4459 1725 4516 humani·

87 4559 186 4614 animo
196 4558 335 4629 parueris,
350 4563 435 4627 atque
449 4555 484 4609 ad
504 4570 568 4608 eum
579 4552 679 4622 cupido
686 4552 782 4604 etlaeto
793 4549 886 4603 auimo
928 4546 1092 4617 tas,vigilia‚
1104 4546 1213 4600 sincera
1223 4546 1724 4621 deomnibuspraecedcntibuspecca·

86 4663 247 4714 muana,
263 4645 351 4718 ipsius
362 4645 468 4700 lumine
482 4643 609 4713 signatus
628 4639 713 4694 fueris
741 4641 821 4703 (Psoi.
838 4638 884 4706 lv),
927 4637 964 4691 tis
978 4635 1151 4708 paenitentia,
1167 4635 1388 4706 compunctionis
1401 4636 1540 4709 lacryma,
1560 4638 1652 4694 luctus
1661 4643 1723 4695 tum

86 4752 211 4808 eumque
222 4734 264 4790 ita
277 4733 415 4806 sequaris,
428 4738 460 4788 ut
474 4749 491 4786 a
504 4737 583 4802 tergo
598 4729 714 4784 minime
733 4731 884 4798 respectes,
927 4742 977 4797 pro
989 4725 1056 4792 suis,
1068 4731 1129 4779 tum
1141 4741 1191 4796 pro
1201 4723 1321 4779 aliorum
1332 4725 1462 4795 peccatis,
1479 4727 1589 4798 aliaque
1597 4729 1725 4799 ejusdem

85 4833 185 4897 atque,
205 4823 336 4879 omnibus
350 4821 434 4878 rebus
449 4820 565 4891 abjectis
579 4824 607 4873 et
629 4817 806 4888 contemptis,
832 4812 885 4887 ipsi
925 4813 1037 4885 generis
1048 4832 1054 4866 ε
1065 4830 1126 4884 quae
1137 4812 1249 4884 quidem
1261 4818 1395 4883 tanquam
1403 4812 1508 4883 gradus
1520 4820 1548 4870 et
1558 4817 1639 4871 scalae
1649 4815 1724 4874 inter

85 4915 142 4970 soli
155 4902 310 4980 adherens,
338 4917 472 4983 quantam
486 4909 552 4964 inde
567 4908 698 4962 fiduciam
713 4923 746 4960 ac
759 4903 885 4959 letitiam
927 4920 957 4957 se
971 4903 1153 4967 cohaerentes,
1167 4907 1250 4972 atque
1260 4901 1320 4956 aliae
1338 4900 1372 4955 ab
1380 4900 1441 4956 aliis
1453 4904 1583 4971 sullultae,
1595 4907 1723 4962 animum

84 4996 279 5074 consequeris,
291 5001 374 5057 audi:
391 5001 420 5055 Si
435 4998 549 5065 sederis,
563 5012 678 5051 securus
693 4994 748 5048 eris
765 5011 771 5060 ;
785 4991 808 5046 si
822 4992 885 5045 dor·
924 4990 953 5045 in
969 4991 1070 5045 calum
1084 4989 1250 5044 subvehunt.
1267 4990 1307 5043 En
1322 4990 1380 5045 haec
1399 4999 1464 5046 sunt
1476 5009 1537 5063 quae
1549 4995 1723 5067 postbaptls·

86 5093 195 5159 miens,
208 5092 334 5163 iucunde
352 5089 548 5160 conquiesces:
565 5101 617 5139 nec
631 5082 742 5138 timebis
748 5087 885 5136 terrorem
926 5095 1003 5134 mum
1018 5077 1148 5150 amplecti
1157 5077 1300 5148 J'ubemur,
1317 5084 1401 5150 atque
1411 5079 1446 5134 ab
1460 5081 1522 5136 aliis
1533 5100 1594 5153 qua
1604 5100 1668 5139 cum
1678 5083 1722 5140 his

85 5181 343 5253 supervenientem,
358 5176 571 5248 necimpiorum
585 5174 743 5227 daemonum
763 5171 884 5241 impetus
925 5173 1053 5241 pugnant
1063 5166 1212 5220 abstinere.

85 5274 177 5335 (Pron.
193 5272 246 5335 111),
261 5284 358 5324 serum
371 5266 543 5320 confidenter
563 5266 596 5318 ut
609 5262 652 5315 leo
667 5260 780 5314 incedes
790 5259 881 5330 (Pron.
961 5256 1040 5321 Quod
1069 5256 1093 5310 si
1121 5261 1184 5326 post
1209 5262 1352 5328 acceptam
1379 5256 1505 5313 veritatis
1533 5261 1723 5331 cognitionem

86 5358 198 5430 xxrrn),
225 5376 259 5413 ac
272 5374 336 5411 cum
349 5355 447 5410 letitia
465 5360 494 5408 et
512 5351 683 5423 sempiterna
698 5347 883 5403 exsultatione
926 5345 1020 5417 priora
1044 5349 1155 5399 mortua
1178 5362 1264 5416 opera
1278 5362 1390 5400 rursum
1404 5347 1582 5419 arripiamus,
1601 5366 1634 5403 ac
1645 5349 1722 5402 canis

83 5450 171 5504 vires.
187 5446 298 5503 Etenim
312 5462 398 5517 super
412 5448 497 5515 caput
510 5446 590 5497 tuum
601 5438 769 5494 exultatioet
783 5438 845 5491 laus
856 5441 885 5490 et
924 5434 1013 5488 instar
1023 5434 1059 5488 ad
1072 5438 1198 5488 nostrum
1218 5435 1354 5489 vomitum
1376 5440 1550 5491 revertamur
1567 5439 1604 5506 (ll
1606 5441 1659 5492 Pet.
1676 5436 1719 5507 11),

84 5537 186 5593 latitia
199 5542 228 5592 te
242 5532 468 5607 comprehendet.
493 5529 614 5601 Effugiet
627 5527 715 5595 dolor,
727 5532 756 5582 et
769 5542 882 5593 moeror,
925 5522 994 5580 illud
1009 5521 1090 5579 nobis
1103 5538 1157 5577 usu
1171 5522 1272 5592 veniet,
1288 5523 1392 5596 quoda
1406 5525 1525 5581 Domino
1553 5525 1658 5580 dictum
1677 5527 1721 5578 est
