3818 6120
128 307 183 369 ase
639 307 688 363 ns
705 308 800 365 vnis
819 306 967 366 nerana
986 306 1095 366 uasa
1113 305 1258 365 ramus.
1367 292 1376 311 ‘
1714 304 1769 365 aso

129 435 188 491 haec
198 434 249 490 sibi
261 431 684 505 retulerantcumqucconcitus
690 433 924 504 proficisceretur,
934 431 1079 497 Adolatas
1085 436 1137 493 est,
1147 431 1222 501 quod
1228 431 1374 503 sapientiae
1382 433 1489 502 geratis
1497 431 1633 496 studium,
1641 436 1670 489 et
1680 437 1698 500 Ι
1707 436 1763 500 81

130 529 159 579 et
172 522 280 580 duobus
295 523 338 577 vel
353 520 442 577 tribus
458 520 580 575 millibus
595 521 706 576 abesset
726 538 743 576 a
757 521 928 577 monasterio
966 521 1047 590 juata
1066 519 1230 588 religionem
1245 525 1376 586 vestram,
1392 521 1517 591 quietem
1530 520 1655 591 diligatis
1662 520 1770 591 impen-

130 611 205 683 quod
220 609 342 681 petebat,
367 608 473 664 audivit
486 609 680 665 suavissimam
702 626 797 663 vocem
819 610 848 665 in
863 626 928 665 aere
969 608 1036 674 sius,
1051 608 1166 679 insuper
1178 609 1264 663 otiam
1274 610 1429 682 prudenter
1437 611 1481 666 his
1492 610 1541 681 qui
1552 614 1713 681 proponunt
1722 607 1770 665 ah-

129 704 337 773 personautem;
349 698 560 770 suspiciensque
575 698 644 752 vidit
655 699 744 769 ipsius
756 699 852 753 fratris
866 699 928 753 ani·
969 697 1037 768 quid
1051 697 1211 753 satisfacere
1227 698 1386 766 videamini,
1403 705 1432 753 et
1444 699 1506 753 ideo
1518 699 1553 754 de
1563 699 1607 755 his
1618 715 1682 769 quae
1690 697 1771 768 legis·

130 804 206 843 marn
221 788 399 843 velocieursu
410 787 445 842 ab
456 787 563 859 angelis
577 788 688 843 Domini
701 788 881 843 laudantibus
892 788 928 845 ad
969 786 1006 839 tis
1021 803 1069 841 vos
1080 786 1255 857 interrogare
1262 787 1458 858 disposui.Cui
1468 788 1631 844 Theodorus
1643 806 1648 840 :
1662 787 1768 847 Profer.

130 876 241 931 beatam
254 876 339 932 vitam
350 892 558 949 perennemque
572 877 692 931 sustolli.
701 878 823 932 Comites
833 882 928 932 autom
970 875 1020 936 ait,
1031 875 1105 946 quod
1117 875 1212 929 vis.Et
1224 876 1408 946 philosophus
1423 896 1429 931 :
1442 876 1546 945 llahes,
1561 877 1771 947 inquit,tume-

130 964 274 1019 Pachumii
285 981 348 1019 cum
362 981 453 1036 neque
464 981 559 1020 vocem
568 966 708 1032 audirent,
716 983 767 1020 nec
776 965 929 1037 quidquam
970 980 1034 1017 eum
1044 963 1287 1035 disceptationem,
1303 971 1336 1019 ut
1346 983 1408 1036 quae
1422 965 1528 1021 fuerint
1538 965 1656 1038 quaesita
1669 965 1770 1023 dumt-

130 1054 269 1109 scntireut
277 1054 452 1126 penitus,sed
463 1055 884 1110 tantummodocernerenteum
894 1054 929 1109 ad
971 1069 1018 1106 vas
1029 1052 1041 1104 l
1053 1053 1104 1106 Cui
1119 1053 1283 1107 Theodorus
1298 1054 1444 1125 respondit
1458 1073 1465 1107 :
1482 1054 1612 1125 Exprime
1623 1056 1685 1124 jarn
1696 1053 1768 1124 quod

131 1143 276 1198 Orientem
286 1143 491 1215 diususpicerc,
500 1143 930 1211 dicuntei:Curstetisti,Paterl
971 1141 1094 1195 intendis
1119 1142 1197 1196 'fune
1216 1143 1397 1214 philosophus
1412 1144 1453 1198 ait
1468 1162 1474 1198 :
1492 1143 1569 1210 Quis,
1593 1161 1652 1199 non
1676 1150 1769 1210 natus,

130 1232 328 1304 Properemus,
343 1237 375 1287 ut
389 1232 528 1302 possimus
539 1233 756 1298 occurrereQai
768 1232 928 1305 respondit:
974 1236 1101 1285 mortuus
1116 1230 1178 1284 cst?
1192 1230 1261 1295 Quis
1276 1247 1389 1287 rursum
1404 1239 1497 1298 natus,
1513 1237 1634 1288 arnorto
1645 1232 1771 1287 substra-

132 1320 249 1377 Frustra
260 1322 320 1391 jam
336 1320 493 1389 currimus;
510 1321 562 1374 hoo
576 1321 651 1375 enirn
666 1327 710 1376 est
721 1318 795 1391 quo'd
808 1321 857 1375 diu
869 1338 932 1375 eon·
973 1326 1034 1373 ctus
1049 1318 1112 1373 est?
1125 1319 1193 1383 Quis
1207 1326 1312 1386 autem,
1328 1336 1392 1374 cum
1406 1320 1443 1374 sit
1456 1328 1594 1387 mortuus,
1609 1337 1666 1375 non
1678 1326 1723 1377 ost
1734 1320 1772 1375 fe-

132 1409 475 1482 sidero,quemud1nodum
484 1408 570 1463 frater
577 1410 675 1479 ipsead
687 1410 932 1481 gaudiaperpetua
973 1412 1033 1461 tore
1047 1412 1195 1480 corruptus
1206 1409 1217 1461 i
1231 1409 1267 1463 Et
1279 1409 1320 1463 nit
1333 1409 1509 1463 Theodorus:
1521 1410 1584 1465 Non
1595 1409 1723 1479 grandis,
1732 1409 1772 1465 in·

131 1498 295 1553 deducatur.
325 1498 414 1563 Quem
442 1515 505 1551 curn
526 1503 659 1567 rogarent
675 1505 706 1552 ut
721 1499 762 1554 eis
783 1504 934 1569 exponeret
978 1497 1049 1567 quit,
1062 1499 1120 1552 liaec
1134 1497 1287 1570 propositio
1303 1504 1362 1564 tua,
1379 1498 1592 1569 ophilosopho3
1608 1515 1676 1552 narn
1690 1499 1772 1553 facile

132 1587 673 1660 quomodovidissetanimam,quantum
686 1587 928 1658 poterantaudire.
973 1586 1047 1655 quod
1062 1585 1181 1655 inquiris
1193 1586 1310 1640 solvam.
1332 1587 1385 1650 Qui
1400 1603 1456 1641 non
1470 1594 1564 1654 natus,
1577 1595 1708 1642 ruortuus
1720 1592 1771 1651 est,

130 1677 255 1731 narravit
267 1677 308 1731 eis
322 1694 354 1729 ex
369 1677 414 1730 his
429 1694 491 1747 quac
517 1676 576 1747 ipse
597 1683 789 1749 conspexerat.
807 1677 926 1741 Quidam
970 1673 1090 1729 hahetur
1103 1675 1193 1730 Adam
1206 1676 1404 1746 protoplastus.
1414 1676 1467 1740 Qui
1480 1693 1545 1731 vero
1559 1682 1644 1731 uatus
1658 1683 1710 1743 ost,
1723 1692 1774 1731 nec

129 1764 216 1835 igitur
231 1783 263 1820 ex
277 1765 320 1819 his
332 1770 430 1820 euntes
441 1766 475 1819 ad
487 1771 673 1821 memoratum
683 1766 895 1823 monasterium,
904 1771 932 1820 et
941 1754 960 1811 B
971 1767 1066 1818 tamen
1084 1769 1212 1817 rraortuus
1226 1770 1279 1830 est,
1296 1765 1390 1819 existit
1404 1765 1507 1832 Enoch,
1524 1765 1572 1835 qui
1588 1766 1647 1820 Deo
1656 1765 1771 1836 placuit,

131 1854 281 1924 diligenter
290 1854 467 1927 inquirentes
477 1871 532 1924 qua
542 1855 612 1909 hora
624 1855 928 1919 fraterilledormisset,
972 1857 1057 1923 atque
1070 1852 1224 1907 translatus
1239 1857 1290 1907 est.
1309 1853 1363 1919 Qui
1387 1859 1515 1909 manuus
1538 1860 1582 1911 est
1600 1860 1707 1921 autem,
1724 1870 1775 1911 aec

132 1958 166 1999 ea
181 1959 243 2013 quse
256 1949 379 1997 asaneto
394 1943 552 1997 didicerant
565 1943 633 2009 viro,
650 1944 931 2013 v'eraomniaeogno-
972 1941 1061 1994 fetore
1076 1941 1133 1995 ullo
1147 1948 1304 2013 corruptus,
1323 1959 1394 1997 uxor
1406 1949 1449 1997 est
1463 1944 1545 2009 Loth,
1563 1961 1626 2013 qum
1642 1960 1775 2001 conversa

132 2038 241 2086 verunt.
265 2032 329 2086 llaec
348 2037 442 2086 autem
461 2032 610 2087 retulimus
631 2031 740 2089 duabus
759 2050 793 2086 ex
814 2032 928 2087 causis:
973 2029 1002 2084 in
1027 2034 1150 2085 statuam
1166 2031 1234 2085 salis
1250 2032 1323 2089 idea.
1338 2044 1406 2098 arxi,
1423 2048 1487 2102 quae
1501 2048 1592 2103 usque
1611 2049 1687 2089 nunc
1701 2033 1774 2089 ineo

129 2120 264 2193 primum,
279 2121 404 2175 volentes
415 2121 561 2176 ostendere
576 2121 688 2176 beatum
701 2138 796 2175 senem
814 2121 932 2177 nimium
973 2117 1071 2173 habitu
1086 2135 1137 2189 pro
1151 2118 1360 2173 incredulorum
1371 2120 1509 2191 perdurat
1518 2122 1658 2192 exemplo.
1669 2121 1705 2176 Et
1713 2121 1774 2177 ideo

133 2208 219 2265 fuisse
250 2210 532 2280 perspicacissimum,
561 2210 739 2281 gratiamque
775 2210 931 2281 possedisse
974 2207 1119 2262 consilium
1135 2207 1170 2261 do
1181 2207 1272 2277 tibi,o
1288 2209 1462 2281 philosophe,
1477 2218 1509 2265 ut
1523 2210 1574 2265 has
1583 2210 1696 2282 ineptas
1709 2227 1774 2282 pro-

133 2297 337 2370 propheticam,
355 2316 387 2353 ae
401 2299 483 2370 longe
497 2300 590 2370 posita
610 2300 845 2356 intellectualibus
864 2316 931 2355 ocu·
972 2295 1124 2367 positiones
1146 2302 1209 2351 tuas
1224 2303 1252 2353 ot
1272 2296 1371 2352 inanes
1385 2299 1519 2353 deserens
1542 2298 1723 2368 quaestiones,
1738 2300 1773 2354 sd

133 2386 169 2441 lis
183 2387 342 2458 praevidisse
355 2407 361 2449 3
378 2388 489 2450 deiude,
517 2394 549 2443 ut
562 2389 634 2443 tales
653 2406 764 2459 semper
778 2389 929 2455 imitantes,
972 2401 1069 2439 verum
1082 2386 1171 2440 Deum
1197 2402 1280 2457 quein
1294 2387 1421 2451 colimus,
1441 2391 1470 2441 te
1484 2388 1545 2443 sine
1560 2387 1698 2443 dilatione
1709 2405 1772 2445 coa·

132 2476 271 2531 malorum
300 2478 441 2532 consortia
464 2477 582 2532 sollicite
608 2478 770 2533 vitaremus.
787 2478 821 2532 Et
839 2478 874 2531 de
888 2477 931 2531 his
972 2480 1074 2539 venas,
1104 2475 1355 2547 remissionemque
1378 2481 1557 2546 peecatorum
1578 2482 1692 2531 tuorum
1724 2494 1773 2549 pro

133 2565 246 2637 quidem
258 2565 337 2620 nobis
349 2566 484 2620 hactenus
498 2567 572 2620 dicta
585 2566 736 2621 sufficiant.
971 2569 1077 2617 veterna
1091 2563 1182 2617 salute
1196 2564 1342 2635 percipias.
1356 2565 1399 2621 Ad
1414 2565 1472 2619 haec
1482 2565 1666 2636 philosophus
1679 2564 1774 2621 obsur-

167 2655 470 2711 Caum-Sanctus
478 2671 544 2725 ergo
552 2656 719 2711 Pachomius
728 2656 763 2710 ad
774 2655 929 2711 antefatum
972 2650 1192 2722 pet'actus,nil1il
1215 2653 1362 2723 inquisivit
1380 2654 1516 2721 ulterius,
1538 2654 1587 2708 sed
1613 2654 1771 2721 discedens,

131 2742 291 2814 episcopum
313 2759 377 2797 enm
406 2744 464 2798 suis
489 2744 632 2801 monachis
651 2745 774 2807 veniens,
797 2745 832 2798 ab
854 2745 930 2801 eoin
971 2741 1623 2813 acernenviri,resp0nsione1nquemmeoierem
1632 2748 1773 2814 laetatum·

134 2849 245 2887 summa
257 2833 591 2904 venerationesaseeptus
601 2840 652 2889 est.
663 2835 736 2889 Nam
752 2834 929 2891 festivitatem
972 2846 1026 2900 quv-
1039 2830 1158 2885 miratus
1172 2835 1226 2885 est·

134 2921 284 2978 maximam
312 2921 341 2975 in
363 2923 424 2992 ejus
443 2921 594 2977 celebravit
611 2923 740 2988 adventa,
757 2923 890 2994 deditque
905 2924 930 2977 ei
1008 2920 1075 2977 Car.
1092 2920 1227 2974 XLlll.-
1241 2920 1361 2976 Proinde
1375 2921 1544 2976 Pachomius
1559 2922 1588 2977 in
1602 2921 1705 2976 iisdem
1715 2937 1772 2977 mo-

133 3010 193 3065 loca
210 3010 257 3066 ubi
275 3017 387 3081 sperata
408 2998 580 3066 monasteria
592 3013 814 3076 conderet,sicut
825 3013 932 3067 dudum
972 3008 1103 3063 nasteriis
1114 3010 1372 3080 nuperexstructis,
1389 3010 1487 3065 diebus
1497 3011 1628 3082 plurimis
1638 3011 1759 3067 immor-a

137 3116 188 3171 per
202 3099 307 3170 scripta
314 3105 470 3170 rogaverat,
484 3118 545 3171 quaa
555 3101 641 3155 etiam
647 3100 813 3156 venerabilis
819 3101 860 3157 vir
868 3118 930 3157 cum
941 3103 1018 3172 ctus
1033 3105 1084 3151 ost·
1101 3098 1206 3153 Exinde
1221 3098 1361 3171 profectus
1376 3106 1427 3164 est,
1445 3107 1530 3171 utque
1545 3101 1580 3156 ad
1595 3100 1667 3157 illud
1676 3115 1773 3157 mum·

133 3188 280 3247 alaeritate
299 3189 464 3244 construxit.
481 3190 515 3244 Et
529 3207 590 3244 curn
603 3190 731 3245 niaeerive
746 3192 891 3245 munimen
901 3191 930 3244 in
972 3187 1101 3253 sterium,
1114 3189 1188 3257 quod
1203 3187 1256 3242 sub
1271 3189 1333 3258 ejus
1348 3189 1773 3261 eratditionc,pervenit.Qusrn

134 3277 252 3332 circuitu
267 3277 392 3345 duceret,
409 3294 444 3331 ne
466 3278 529 3349 quis
544 3279 625 3333 facile
649 3284 743 3350 posset
764 3279 928 3351 irrumpere,
971 3292 1036 3329 cum
1051 3275 1153 3330 fratres
1167 3293 1274 3342 orriires,
1290 3277 1319 3332 in
1335 3294 1481 3333 occursum
1501 3280 1563 3350 ejus
1577 3284 1772 3350 properantes

133 3366 248 3437 quidam
266 3367 430 3438 pestilentes
453 3367 588 3431 homines,
606 3385 676 3438 quos
701 3367 804 3422 diaboli
819 3368 932 3422 cacavit
971 3381 1083 3419 summa
1098 3365 1277 3420 veneratione
1291 3367 1475 3438 susciperent,
1488 3368 1645 3423 infantulus
1657 3367 1773 3438 quidem

135 3454 248 3520 invidia,
277 3461 357 3510 nocte
382 3456 615 3526 venientesque
635 3463 797 3511 constructa
819 3457 932 3511 fuerant
972 3453 1006 3507 de
1021 3453 1082 3524 ipsa
1096 3455 1321 3524 congregatione,
1340 3456 1387 3526 qui
1401 3457 1475 3510 inter
1497 3457 1567 3511 alios
1587 3462 1766 3513 occurrerat.

132 3542 324 3598 destruebant.
335 3544 389 3598 Sed
401 3560 456 3599 non
468 3545 494 3597 in
507 3545 623 3614 longum
637 3544 821 3614 malignitatis
833 3562 930 3601 eorum
972 3543 1093 3597 clamare
1107 3542 1190 3613 erepit
1204 3560 1235 3597 ac
1249 3544 1342 3598 dicere
1357 3562 1362 3596 :
1383 3545 1461 3611 Vere,
1483 3546 1576 3611 Pater,
1589 3562 1621 3601 ev
1636 3563 1695 3616 quo
1707 3545 1771 3601 hino

132 3649 216 3704 poena
230 3632 318 3687 dilata
330 3637 373 3685 est
399 3633 469 3686 Nam
479 3649 542 3687 euin
559 3649 642 3686 senex
655 3633 806 3704 discipulos
816 3651 881 3688 snos
895 3636 930 3690 ad
976 3630 1137 3697 utubulusti,
1153 3632 1247 3686 uullus
1262 3631 1342 3687 nobis
1357 3634 1434 3687 olera
1447 3651 1499 3690 uec
1514 3635 1645 3705 legumen
1661 3632 1774 3705 aliquod

132 3720 312 3775 tolerantiam
335 3726 534 3785 commoneret,
559 3726 588 3775 et
601 3721 642 3775 illi
667 3722 831 3792 nequissimi
850 3725 932 3793 juxta
973 3719 1054 3772 nait.
1066 3719 1109 3772 dd
1122 3735 1206 3789 quom
1218 3722 1694 3793 sanetus-pataracinarespondit:
1711 3722 1773 3777 Noa

133 3808 365 3863 consuetudinem
379 3809 583 3874 convenissent,
594 3816 624 3864 ut
641 3811 796 3865 facinorum
815 3829 931 3867 suorum
973 3807 1155 3872 corrtvistevis
1174 3808 1273 3873 filimi,
1290 3826 1341 3878 ego
1353 3811 1552 3880 jamcoquam.
1570 3812 1774 3883 Ingressusque

132 3901 224 3967 coepta
237 3898 411 3967 perficerent,
420 3897 454 3951 ab
463 3899 562 3967 angelo
572 3899 683 3954 Domini
698 3901 826 3971 protinus
842 3902 931 3957 exusti
973 3897 1256 3968 monasterium‚post
1265 3899 1421 3953 orationem
1431 3901 1552 3955 venitad
1566 3901 1733 3971 coquinam3
1746 3906 1775 3957 et

133 3991 208 4050 aunt,
222 3993 251 4041 et
263 3985 340 4039 velat
349 4002 413 4040 cera
426 4003 443 4039 a
457 3986 526 4041 facie
540 3986 614 4057 ignis
628 3989 662 4041 ad
678 3988 797 4044 nihilum
812 3996 878 4044 sunt
887 4007 932 4045 re-
973 3985 1118 4041 iuvuuieus
1128 3986 1244 4042 fratrem
1260 3988 1440 4059 quinequitiae
1456 3995 1586 4060 praeerat,
1595 3989 1722 4061 psiathos
1738 3990 1774 4059 tid

136 4075 221 4131 (lacti.
239 4075 351 4131 Fratres
363 4092 431 4145 ergo
442 4077 573 4131 velociter
582 4077 743 4132 universum
753 4096 932 4135 consumma·
974 4080 1026 4141 est,
1037 4076 1156 4145 tegetes)
1165 4083 1411 4148 0perantoru,quas
1418 4083 1521 4132 mattas
1531 4079 1631 4148 vulgus
1641 4079 1773 4150 appellat,

135 4169 235 4220 verunt
249 4163 414 4232 aedifrcium;
433 4165 463 4221 in
478 4183 532 4236 quo
546 4164 645 4222 beatus
657 4167 823 4223 Pachomius
832 4169 934 4225 eonsti-
974 4163 1142 4221 aitadeum:
1160 4165 1210 4220 Dic
1221 4166 1301 4230 milii,
1311 4166 1407 4221 tiator.
1423 4174 1560 4237 quantum
1574 4169 1713 4239 temporis
1724 4168 1775 4225 ha-

133 4252 189 4308 tuit
199 4253 359 4320 riionaehos,
381 4253 525 4325 religiosos
551 4255 638 4319 vires,
655 4255 757 4327 quibus
772 4258 933 4314 Smnnelem
974 4251 1135 4323 bouesque
1149 4270 1204 4307 non
1220 4254 1319 4309 coxisti
1331 4254 1463 4311 iratribus
1477 4256 1774 4327 oleravelleguminaf

132 4343 295 4414 praeposuit,
308 4342 426 4399 hilarem
442 4343 544 4410 virum,
562 4350 591 4398 et
605 4345 678 4399 dono
694 4345 864 4416 frugalitatis
874 4347 932 4401 exi·
974 4341 1027 4406 Qui
1041 4342 1186 4413 respoudit
1202 4361 1207 4395 ἰ
1235 4343 1307 4397 Sunt
1321 4344 1379 4398 suro
1401 4344 1456 4401 duu
1470 4361 1591 4401 meuses·
1610 4345 1647 4401 Et
1661 4350 1773 4403 motus

132 4430 231 4485 mium.
249 4431 322 4496 Quia
347 4446 411 4484 vero
426 4432 558 4502 praedicta
573 4434 744 4490 monasteria
771 4435 800 4488 in
828 4435 930 4490 subur·
940 4429 1138 4486 DPachomius
1151 4431 1209 4486 ait:
1223 4432 1316 4495 Quaere
1329 4439 1427 4488 contra
1438 4442 1607 4504 praeceptum
1623 4433 1718 4491 faeere
1730 4450 1774 4491 vo-

132 4518 205 4575 bano
220 4519 334 4576 fuerant
343 4519 481 4585 instituta,
499 4521 572 4575 idem
587 4528 700 4578 sanetus
715 4523 753 4577 ibi
768 4524 856 4579 voluit
870 4542 930 4581 ma·
972 4519 1057 4586 luisti,
1071 4525 1191 4597 attenta
1200 4519 1317 4575 fratrum
1328 4523 1519 4592 negligeretur
1528 4523 1639 4577 utilitas
1645 4524 1711 4588 toul
1722 4520 1772 4579 aab

133 4625 200 4663 nere
231 4609 347 4673 diutius,
379 4626 468 4680 usque
495 4610 562 4664 dum
590 4610 619 4667 hi
647 4629 716 4683 quos
743 4612 928 4681 ordinaverat,
972 4609 1072 4663 humili
1083 4608 1272 4668 satisfactione
1288 4611 1632 4683 respondit:0ptaveram
1647 4612 1769 4684 quiden,

134 4697 239 4757 Christi
253 4699 572 4756 muneralirruarentur.
974 4698 1139 4753 venerahilis
1165 4700 1258 4768 Pater,
1288 4701 1412 4771 quotidie
1439 4701 1556 4771 implere
1584 4701 1772 4759 ministerium

170 4786 235 4838 Car.
245 4787 481 4845 llhll.-lnterea
490 4788 672 4859 philosophus
684 4789 798 4860 quidam
813 4791 932 4848 civitatis
974 4804 1083 4856 meum,
1095 4787 1144 4842 sed
1158 4789 1224 4859 quia
1239 4788 1375 4860 quidquid
1385 4788 1613 4860 coquebam,non
1620 4805 1773 4849 consume·

134 4873 232 4945 ipsius,
249 4875 345 4931 audita
359 4894 502 4932 servorum
519 4877 569 4932 Dei
585 4877 724 4948 opinione,
733 4880 809 4933 venit
822 4880 858 4934 ad
873 4897 929 4947 eos,
974 4875 1057 4930 batur
1071 4892 1089 4931 a
1101 4876 1245 4943 fratribus,
1258 4878 1325 4950 quia
1338 4895 1435 4933 omnes
1446 4878 1587 4935 abstinent
1596 4879 1659 4951 (soli
1671 4879 1772 4951 quippo

134 4961 206 5017 scire
228 4963 323 5020 volens
342 4965 410 5034 quid
429 4973 533 5032 essent,
560 4967 660 5038 quidve
676 4969 890 5038 profiterentur3
906 4976 935 5025 et
974 4967 1054 5038 pueri
1073 4967 1179 5039 aliquid
1198 4974 1316 5024 coctura
1330 4969 1511 5040 percipiunt),
1526 4985 1561 5023 ne
1577 4973 1659 5025 tanto
1678 4966 1774 5025 labore

134 5051 232 5105 videns
245 5051 354 5122 aliquos
364 5055 558 5122 exmonachis,
569 5055 609 5110 ait
623 5056 658 5110 ad
669 5073 716 5110 eos
730 5075 736 5110 ι
748 5057 854 5113 locate
865 5058 934 5113 mihi
975 5062 1081 5127 parata
1090 5056 1775 5130 projicerenturexpensm,proptereapulmcntum

134 5141 248 5195 Patrem
264 5146 399 5209 vestrum,
413 5144 526 5213 quiade
540 5144 623 5200 relius
638 5146 801 5203 necessariis
820 5164 884 5202 cum
901 5164 934 5202 eo
975 5162 1032 5201 non
1050 5146 1119 5201 coxi.
1138 5148 1177 5202 At
1191 5163 1226 5201 ne
1242 5148 1348 5202 otiosus
1362 5164 1461 5213 essem,
1491 5148 1617 5219 psiathos
1634 5144 1688 5218 (40)
1704 5144 1775 5217 elegi

135 5229 330 5299 disputaturus
340 5246 415 5287 sum.
436 5233 506 5287 Cum
521 5234 696 5301 cogitavisset
711 5241 805 5291 autem
822 5243 934 5292 sanctus
976 5251 1039 5289 curn
1057 5235 1192 5290 fratribus
1210 5241 1313 5301 texere,
1331 5237 1422 5293 sciens
1433 5253 1523 5293 unum
1533 5237 1569 5291 dc
1583 5236 1627 5291 his
1642 5235 1691 5307 qui
1706 5235 1776 5291 mihi

133 5317 248 5388 virquia
256 5318 439 5390 philosophus
453 5327 535 5385 esset,
549 5323 627 5378 misit
641 5325 677 5379 ad
700 5342 764 5379 euin
773 5326 934 5381 Cornelium
976 5324 1101 5394 deputati
1117 5326 1226 5380 suntad
1239 5342 1308 5397 opus
1328 5326 1488 5397 hujusmodi
1504 5342 1584 5397 posse
1595 5325 1736 5389 sufficere,
1745 5330 1777 5381 ut

135 5413 164 5464 et
177 5407 365 5474 Theodorum,
383 5409 546 5480 praecipiens
560 5412 600 5465 eis
611 5418 643 5466 ut
657 5413 692 5468 ad
709 5431 742 5467 ea
756 5432 820 5484 qam
839 5414 935 5471 scisci·
976 5430 1076 5482 parvas
1090 5430 1177 5480 escaS,
1192 5415 1220 5468 id
1237 5420 1289 5482 est,
1305 5416 1391 5471 olivas
1401 5423 1430 5471 et
1448 5414 1581 5470 herbulas
1592 5415 1629 5470 ad
1644 5414 1777 5471 refectio·

135 5497 236 5552 faverit
249 5497 384 5569 prudenti
399 5499 580 5569 responsione
595 5501 934 5574 satisfacerent.Egreesus
975 5518 1039 5556 nem
1054 5502 1188 5558 fratribus
1203 5505 1525 5576 pararetlirecoudiens
1539 5504 1730 5561 pachomius:
1743 5503 1779 5561 ia

134 5586 223 5661 igitur
236 5587 273 5643 ad
284 5603 350 5647 eum
364 5589 548 5660 philosophus
559 5589 612 5647 ait:
625 5589 730 5649 ldnltuv
738 5592 832 5651 adnos
841 5610 933 5651 sermo
974 5597 1044 5662 quot
1053 5599 1129 5661 suut,
1137 5593 1239 5665 inquit,
1247 5593 1361 5666 psiathi,
1373 5600 1479 5666 queste
1487 5594 1587 5651 fecisse
1595 5593 1779 5661 amarunt
