3818 6120
138 274 187 330 601
337 273 422 331 VITA
440 274 850 335 emmeramensem
868 279 1037 339 EREMITAE
1056 283 1100 338 ET
1117 280 1300 338 JOSAPHAT
1320 279 1430 338 INDIAE
1449 279 1567 336 REGIS.
1719 277 1775 336 602

136 401 239 475 abysse
253 418 331 474 spem
346 402 448 457 anima
454 402 620 458 meadefixi.
629 403 724 460 Vitam
735 420 828 461 meam
835 405 935 478 guber·
945 409 1067 470 Aadhec
1083 407 1213 475 habebat,
1224 425 1258 462 ac
1266 409 1355 463 multa
1368 424 1432 463 eum
1447 406 1633 462 admiratione
1648 407 1684 462 ad
1698 406 1772 477 grati

136 508 182 558 na,
198 491 248 564 qui
263 508 308 547 res
323 508 421 547 omnes
441 492 570 548 conditas
586 492 731 565 sapientie
749 495 934 567 previdentia,
978 498 1064 553 animi
1077 497 1309 569 significationem
1328 497 1418 552 Deum
1431 497 1562 552 laudibus
1571 496 1717 552 efferebat.

135 581 214 637 omni
222 598 352 637 sermone
361 581 558 654 praestantiori,
572 583 736 641 moderaris.
745 584 781 639 Et
789 589 886 639 notam
892 585 936 640 fac
1013 587 1116 642 Mansit
1125 592 1220 642 autem
1231 587 1265 640 ad
1275 591 1430 641 extremum
1440 602 1529 658 usqne
1539 603 1603 642 vere
1618 585 1773 656 angelicam

134 671 205 727 mihi
213 671 297 737 riam,
306 671 336 725 in
351 687 406 742 qua
421 669 562 725 ambulem
575 690 581 738 ;
594 678 679 742 atque
689 678 722 727 ut
739 671 828 728 bonus
843 690 875 728 ac
885 674 935 729 he·
977 676 1005 730 in
1020 681 1097 730 terra
1108 677 1194 731 vitam
1208 677 1322 741 ducens,
1331 693 1363 730 ac
1372 675 1480 730 duriori
1491 676 1627 745 religiosa·
1636 675 1772 730 exercita·

133 761 239 832 nigrim
255 761 338 825 Deus,
348 778 399 832 per
408 759 507 815 famuli
516 760 557 815 tui
567 760 698 815 Barlaam
709 778 806 833 preces
821 780 853 817 ac
867 781 935 835 sup·
977 766 1060 820 tionis
1074 782 1177 836 genere
1192 771 1255 836 post
1270 765 1344 819 senis
1359 765 1511 819 discessum
1522 770 1615 820 utens.
1626 765 1699 820 Nam
1709 780 1773 819 cum

134 850 301 921 plicationes
315 866 361 904 me
375 850 605 920 serra,queniam
621 856 652 905 tu
663 850 737 905 Deus
751 867 834 907 meus
847 870 886 919 es,
903 870 935 908 ac
976 871 1051 909 anne
1065 854 1155 909 aetatis
1168 854 1303 926 vigesimo
1314 854 1412 926 quinte
1423 870 1539 924 regnum
1552 858 1696 909 terrenum
1710 851 1774 907 reli·

133 946 162 994 te
173 939 301 1010 glorifice
314 939 437 1004 Patrem,
449 943 479 993 et
492 938 603 1006 Filium,
616 944 645 994 et
655 939 791 1011 Spiritum
806 948 934 997 sanctum
977 945 1092 1015 quisset,
1104 943 1534 1014 monasticaequeritsceertamen
1543 943 1684 1008 subiisset,
1694 942 1774 1014 quiu-

132 1026 162 1083 in
179 1029 292 1083 saecula.
308 1028 876 1102 Amen.aneratieneperfunctus,juxta
890 1048 935 1085 se·
977 1050 1030 1105 que
1046 1039 1073 1088 et
1087 1033 1205 1103 triginta
1218 1049 1306 1087 annes
1329 1033 1358 1086 in
1377 1031 1536 1086 vastissima
1558 1049 1591 1085 ea
1611 1031 1770 1096 solitudine,

132 1119 263 1190 pulcrum
275 1118 346 1172 flens
355 1117 490 1183 consedit,
503 1134 535 1172 ac
547 1118 647 1172 sedens
656 1117 833 1174 obdormivit.
842 1121 933 1192 Atque
974 1122 1090 1195 perinde
1104 1139 1136 1177 ac
1151 1123 1174 1177 si
1187 1123 1264 1177 nulla
1275 1122 1368 1178 camis
1388 1127 1467 1192 parte
1483 1125 1633 1185 constaret,
1649 1121 1773 1175 humana

133 1207 327 1264 formidandos
341 1207 404 1262 illes
418 1207 580 1279 viros,ques
595 1206 673 1278 prius
687 1215 880 1279 conspexerat,
897 1210 932 1265 ad
974 1212 1133 1267 conditione
1147 1211 1338 1266 sublimiorem
1352 1211 1437 1265 vitem
1452 1211 1528 1280 egit:
1553 1210 1593 1264 sic
1611 1226 1722 1280 nempe,
1739 1214 1771 1264 ut

132 1315 164 1353 se
177 1298 332 1362 venientes,
344 1313 429 1368 seque
441 1297 476 1351 ad
487 1296 640 1351 maximum
655 1297 735 1352 illum
750 1303 779 1352 et
792 1298 934 1353 admiran·
975 1301 1079 1356 multas
1090 1300 1354 1373 quidemhominum
1365 1300 1474 1354 animas
1482 1298 1635 1371 apestiiere
1643 1303 1772 1370 serpente

133 1388 202 1443 dum
227 1403 360 1458 campum
384 1385 527 1451 ducentes,
550 1391 635 1456 atque
662 1386 692 1441 in
714 1386 932 1442 illustrissimam
975 1391 1053 1462 prius
1063 1389 1239 1455 abstraxerit,
1256 1389 1501 1461 Deoqueintogras
1512 1393 1541 1443 et
1551 1388 1705 1443 incolumes
1716 1403 1772 1441 ser·

131 1477 211 1532 illam
238 1493 271 1530 ac
296 1474 552 1548 splendidissimam
586 1475 729 1530 civitatem
756 1476 934 1533 introducen-
975 1480 1088 1547 raverit,
1098 1480 1223 1551 eaquein
1233 1495 1263 1534 re
1278 1479 1458 1550 apostolicam
1470 1479 1591 1549 gratiam
1607 1482 1772 1532 consecutus

129 1572 184 1634 tes,
200 1565 305 1621 intueri
321 1564 372 1619 sibi
393 1564 469 1619 risus
489 1570 541 1619 est.
561 1564 632 1620 Cum
656 1571 751 1620 autem
781 1568 840 1639 ipse
867 1584 933 1639 per·
974 1567 1020 1637 sit,
1035 1569 1178 1640 animique
1188 1568 1272 1623 eham
1282 1568 1442 1623 inductione
1453 1573 1561 1639 martyr
1576 1567 1724 1633 exstiterit,
1739 1582 1771 1620 nc

129 1661 191 1711 tam
212 1655 419 1726 ingrederetur,
440 1653 489 1708 alii
509 1653 562 1725 ipsi
592 1652 701 1708 obviam
729 1654 858 1724 suerunt,
888 1657 932 1711 in·
974 1659 1117 1714 Christum
1135 1659 1164 1712 in
1174 1674 1273 1728 regum
1288 1656 1645 1729 actyrannerumeculiset
1656 1661 1771 1727 aspectu

129 1745 209 1816 genti
224 1745 331 1799 lumine
345 1743 459 1816 perfusi,
473 1759 646 1814 coronasque
659 1744 799 1814 ejusmodi
809 1733 961 1816 pulchri-B
975 1749 1072 1803 fidenti
1088 1748 1182 1802 anime
1196 1746 1338 1801 confessus
1348 1747 1394 1813 sit,
1411 1746 1674 1816 vocalissimumque
1683 1745 1771 1817 ipsius

129 1835 232 1890 tudine
245 1835 423 1901 collucentes,
436 1832 584 1904 quaenulla
598 1833 725 1888 eratione
741 1834 857 1905 exprimi
871 1852 932 1906 pes·
973 1838 1131 1909 mejestatis
1153 1854 1310 1910 praeconem
1332 1853 1395 1890 sese
1414 1835 1565 1907 praebuerit
1580 1853 1586 1902 ;
1610 1835 1770 1905 multosque

131 1924 179 1991 sit,
192 1929 218 1979 et
229 1924 327 1996 quales
337 1938 484 1996 nunquam
493 1922 707 1978 mortaleseculi
716 1930 929 1995 conspexerunt,
973 1944 1086 1983 rursum
1101 1943 1201 1999 pravos
1226 1926 1341 1998 spiritus
1364 1925 1394 1979 in
1422 1924 1574 1979 solitudine
1602 1923 1768 1996 profligarit,

129 2013 263 2069 manibus
277 2018 415 2068 tenentes.
430 2013 618 2067 Percontante
633 2017 728 2067 autem
741 2013 876 2084 iosaphat
886 2030 932 2069 cu·
973 2034 1127 2088 omnesque
1139 2016 1243 2071 Christi
1252 2015 1278 2069 ri
1288 2032 1320 2070 ac
1334 2014 1461 2087 potentia
1471 2013 1620 2085 superarit,
1638 2012 1772 2067 coelcstis·

126 2104 244 2174 J'usnam
253 2107 347 2157 essent
357 2101 589 2173 splendidissimae
600 2100 655 2155 illm
666 2118 775 2157 coronae
784 2118 854 2173 quas
866 2119 930 2174 pcr-
974 2124 1028 2178 que
1040 2106 1259 2178 beneticiiatque
1269 2104 1367 2176 gratim
1378 2103 1518 2158 uberrime
1529 2102 1667 2174 particeps
1679 2101 1770 2156 iactus

129 2193 252 2264 spiceret
268 2211 274 2246 :
291 2193 352 2247 Tua
375 2192 488 2264 quidem
513 2208 570 2247 una
591 2197 635 2246 est
649 2193 866 2264 (responderunt
879 2193 929 2254 illit
973 2196 1019 2251 sit.
1032 2195 1111 2251 Unde
1126 2195 1210 2250 etiam
1221 2194 1308 2249 animi
1319 2193 1430 2248 oculum
1441 2192 1476 2246 ab
1489 2192 1565 2246 omni
1579 2197 1693 2246 terrena
1706 2190 1772 2246 cali-

129 2281 184 2337 tibi
198 2282 233 2337 eb
249 2283 351 2337 multas
367 2298 414 2336 eas
436 2281 545 2336 animas
561 2281 662 2353 quibus
677 2282 797 2337 salutern
812 2283 930 2338 attulisti
972 2284 1038 2356 gine
1050 2301 1153 2356 purum
1172 2283 1302 2349 habebat,
1319 2299 1351 2336 ac
1366 2282 1460 2337 futura
1471 2286 1606 2353 tanquam
1621 2280 1770 2352 praesentia

129 2372 265 2437 conlecta,
284 2388 357 2426 nunc
373 2388 437 2425 vero
463 2370 498 2425 ob
518 2370 655 2441 religiosae
678 2370 741 2425 ritae
760 2371 933 2427 exercitatio·
973 2373 1170 2445 prospiciebat,
1184 2373 1367 2444 Clrristusquc
1381 2369 1670 2443 ipsirerumomnium
1681 2369 1771 2424 instar

129 2477 207 2526 nem,
222 2460 268 2515 cui
282 2460 332 2515 das
346 2476 472 2531 operam,
489 2460 643 2516 studiosius
657 2464 686 2514 et
709 2460 867 2515 accuratius
881 2461 932 2514 ad·
974 2468 1043 2528 erat,
1060 2462 1204 2517 Christum
1222 2460 1379 2533 expetebat,
1401 2461 1544 2515 Christum
1568 2474 1624 2514 nen
1642 2474 1723 2513 secus
1741 2475 1773 2512 ac

129 2556 241 2617 ornata,
253 2549 277 2604 si
291 2549 406 2621 quidem
420 2553 535 2604 strenue
548 2548 644 2604 anime
654 2549 761 2604 samad
775 2554 932 2604 extremum
974 2557 1141 2623 praesentem
1153 2550 1294 2616 cernebat,
1318 2549 1420 2604 Christi
1439 2548 1677 2621 pulchritudinem
1698 2563 1771 2602 nun-

129 2638 399 2711 usqueperagraris.
409 2639 505 2693 Altera
515 2643 610 2693 autem
620 2638 860 2711 tuaquequeipsa
874 2643 930 2705 est;
974 2659 1059 2712 quam
1074 2657 1130 2696 nen
1139 2640 1310 2705 intuebatur,
1326 2640 1408 2710 juxta
1417 2639 1485 2693 illud
1497 2638 1658 2710 Prophetae:
1674 2635 1773 2692 Prori-

128 2745 227 2784 verum
239 2729 311 2799 patn'
321 2734 380 2793 tue,
388 2727 477 2799 quiab
487 2727 733 2799 improbavivendi
746 2727 856 2782 ratione
865 2744 931 2798 epe·
973 2730 1073 2785 debam
1081 2729 1266 2785 Dominumin
1276 2734 1425 2801 conspectu
1436 2744 1499 2784 meo
1508 2744 1629 2799 semper,
1639 2726 1772 2798 queniam

127 2835 162 2872 ra
176 2820 227 2872 tu‘a
240 2818 363 2881 deflerit,
377 2817 542 2889 sincereque
556 2817 650 2871 anime
669 2816 796 2888 resipuit,
816 2833 847 2871 ac
871 2833 932 2870 sese
974 2838 991 2874 a
1015 2820 1120 2874 dextris
1141 2824 1184 2874 cst
1210 2819 1288 2884 milri,
1314 2836 1349 2873 ne
1372 2820 1643 2887 eommoveartPsel.
1660 2823 1712 2885 xv).
1732 2816 1772 2870 Ac

129 2908 167 2962 ad
183 2907 488 2974 Dominumcenrertit,
503 2923 564 2961 earn
579 2905 703 2978 praebeas
715 2911 839 2977 oportet,
856 2907 933 2960 losa·
974 2926 1086 2964 rursum
1104 2928 1109 2962 :
1126 2909 1250 2964 Adhaesit
1273 2909 1368 2963 anima
1383 2925 1446 2962 mea
1458 2912 1522 2979 post
1536 2912 1573 2972 te,
1590 2923 1635 2961 me
1651 2906 1774 2977 suscepit

128 2998 309 3069 phatautem
324 3013 460 3050 eamrem
484 2996 599 3050 moleste
620 2996 693 3050 ferre
722 2993 877 3050 videbatur.
899 2995 934 3050 Et
974 3000 1087 3054 dextera
1110 2997 1373 3069 mellentensi).
1399 2997 1508 3052 Etenim
1534 3013 1565 3050 re
1592 3012 1659 3050 vera
1684 2995 1773 3068 ipsius

129 3086 181 3160 qui
195 3087 256 3142 sieri
268 3091 360 3158 potest
369 3085 536 3158 (inquiebat)
545 3090 578 3140 ut
591 3090 671 3157 pater
679 3101 759 3139 meus
767 3085 852 3139 unius
862 3055 962 3139 dun·C
974 3089 1069 3144 anima
1078 3094 1142 3160 pest
1155 3087 1297 3143 Christum
1313 3086 1439 3152 adhaesit,
1458 3084 1617 3139 firmissimo
1632 3099 1705 3139 nexu
1718 3082 1773 3154 ipsi

128 3183 210 3233 taxat
221 3175 390 3248 penitentia
399 3176 501 3246 gratia,
515 3174 595 3246 paria
602 3173 681 3241 mihi,
695 3173 791 3245 quitot
800 3180 932 3230 aetantes
973 3179 1111 3250 copulata.
1127 3179 1224 3249 Neque
1239 3176 1315 3230 enim
1324 3174 1359 3229 ab
1370 3174 1536 3229 admiranda
1549 3173 1598 3228 illa
1608 3172 1772 3245 operatione

128 3265 242 3321 labores
263 3265 410 3330 exantlavi,
433 3263 569 3318 beneficia
588 3263 798 3334 consequatur?
821 3264 886 3318 llaec
900 3269 933 3319 ut
973 3268 1097 3332 descivit,
1115 3284 1166 3321 nec
1187 3265 1326 3337 religiesae
1340 3281 1397 3319 suae
1414 3262 1620 3319 exercitationis
1645 3261 1772 3333 regulam

128 3356 211 3423 dixit,
226 3355 406 3411 Barlaamum
426 3352 572 3409 confestim
590 3353 643 3408 sibi
664 3353 758 3408 videre
782 3351 858 3408 risus
879 3358 930 3420 est,
973 3357 1141 3413 immutarit.
1157 3355 1230 3421 Quin
1240 3355 1334 3428 potius
1341 3353 1376 3408 ab
1386 3353 1466 3409 initio
1478 3352 1513 3407 ad
1521 3354 1606 3408 ssnem
1620 3355 1771 3423 nequeat-

128 3447 208 3502 relut
219 3445 329 3519 probris
343 3462 373 3500 se
387 3444 582 3511 insectantem,
592 3459 625 3498 ac
636 3442 775 3498 dicentem
788 3462 793 3497 :
808 3443 844 3498 Hi
854 3450 929 3511 sunt,
973 3464 1027 3519 que
1041 3446 1076 3502 ab
1086 3447 1201 3502 ineunte
1215 3449 1297 3500 aetate
1308 3461 1397 3516 usque
1411 3443 1446 3497 ad
1461 3448 1519 3497 tam
1533 3446 1693 3514 provectam
1704 3445 1771 3496 atn-

128 3552 146 3590 e
162 3535 308 3607 iosaphat,
318 3532 538 3600 sermenesmei,
557 3531 779 3604 quosquondam
793 3531 829 3586 ad
842 3535 870 3587 te
885 3532 933 3586 ha·
973 3542 1030 3593 nem
1039 3537 1167 3592 eamdem
1178 3535 1265 3590 animi
1275 3533 1450 3590 alacritatem
1459 3531 1693 3599 retinuimus
1703 3531 1770 3597 imo,

128 3624 195 3681 hui:
208 3624 343 3679 nimirum
352 3623 411 3679 sere
419 3628 520 3679 etcum
534 3622 569 3677 ad
577 3621 706 3693 ingentes
716 3637 783 3694 opes
791 3621 932 3693 pervenis·
973 3633 1007 3682 ιιι
1018 3626 1121 3681 rectius
1135 3626 1243 3696 loquar,
1256 3622 1291 3678 ad
1301 3621 1495 3678 sublimiorem
1503 3619 1627 3692 quetidie
1640 3618 1771 3674 virtutem

128 3731 186 3780 ses,
196 3731 253 3769 non
261 3715 320 3786 jhm
335 3713 459 3767 liberalis
472 3728 504 3768 ae
513 3710 644 3784 profusus
656 3728 742 3779 esses,
758 3728 790 3766 ac
805 3715 836 3765 tu
851 3711 886 3766 ob
902 3711 930 3766 id
975 3715 1158 3789 precessit,ac
1168 3709 1551 3786 purioremdivinebenesrcio
1561 3707 1772 3781 contemplatio·

128 3803 367 3875 serbumaneipiti
374 3803 545 3858 animeeras.
555 3801 637 3857 Nunc
644 3806 740 3857 autem
750 3817 873 3872 quonam
882 3818 932 3873 pa·
974 3823 1040 3861 nem
1054 3809 1220 3860 consecutus
1236 3808 1288 3857 est.

129 3899 179 3949 rto
189 3909 287 3965 parem
298 3892 349 3947 tibi
357 3892 463 3948 honere
471 3896 580 3963 patrem
591 3907 652 3946 esse
660 3890 777 3945 moleste
791 3889 891 3956 tulisti,
901 3907 932 3946 ac
1009 3894 1137 3966 Denique
1152 3909 1215 3948 cum
1225 3893 1349 3947 adhunc
1363 3892 1478 3948 medum
1493 3890 1616 3957 risisset,
1642 3895 1671 3944 et
1684 3905 1773 3962 usquc

130 4000 190 4040 non
205 3982 298 4056 petius
317 3983 370 4037 hec
384 3981 498 4037 nemine
519 3981 647 4036 laetitiam
661 3979 755 4035 anime
769 3979 930 4052 concepisti,
975 3984 1045 4039 adeo
1055 3984 1170 4055 dignam
1183 3983 1328 4038 vocatione
1340 3999 1392 4037 sua
1405 3998 1520 4054 operam
1532 3981 1581 4036 eia
1594 3997 1650 4052 que
1659 3985 1774 4036 recatus

130 4071 267 4145 queniam
280 4073 376 4128 multae
394 4079 450 4127 tue
466 4087 516 4143 pre
538 4087 571 4127 eo
591 4069 658 4125 susae
675 4085 772 4142 preces
796 4069 933 4125 exaudita
974 4072 1066 4128 tuerat
1075 4072 1251 4140 reddidisset,
1270 4071 1462 4142 mundumque
1472 4070 1525 4126 sibi
1536 4070 1589 4142 ipsi
1604 4087 1637 4124 ac
1651 4070 1774 4143 seipsum

129 4162 223 4218 sunt?
237 4163 251 4218 J
254 4163 373 4234 esaphat
386 4167 492 4228 autern,
512 4178 563 4235 pre
579 4177 611 4215 ee
626 4177 658 4215 ac
681 4158 797 4226 solebat,
819 4159 854 4213 ad
869 4175 934 4215 eum
976 4161 1081 4217 mundo
1093 4161 1284 4228 crucifixisset,
1298 4160 1334 4216 ad
1344 4160 1435 4216 Deum
1444 4159 1521 4231 pacis
1535 4158 1565 4214 in
1578 4175 1645 4231 pace
1660 4157 1772 4230 migrat,

129 4253 207 4308 dixit
223 4271 230 4306 :
247 4253 370 4323 Ignosce,
383 4256 473 4324 pater,
485 4251 608 4322 ignosce.
618 4248 840 4305 Ubinamautem
855 4248 932 4303 habi·
975 4257 1060 4323 atque
1074 4250 1110 4305 ad
1130 4250 1291 4316 Dominum,
1308 4250 1389 4320 cujus
1402 4253 1539 4320 perpetua
1556 4247 1697 4320 cupiditas
1710 4263 1775 4301 eum

130 4348 185 4411 tes,
196 4342 239 4398 sac
253 4340 655 4413 intelligam.TancBarlaam:
668 4339 701 4394 In
711 4338 764 4393 hac
777 4338 932 4410 pulcherri·
977 4343 1114 4407 tenuerat,
1126 4337 1468 4411 proficiscitur,rultuique
1476 4335 1587 4393 Domini
1595 4351 1664 4408 pure
1673 4351 1706 4390 ac
1715 4334 1776 4390 sine

130 4450 181 4488 ma
195 4437 280 4505 atque
293 4431 399 4503 ingenti
405 4430 518 4485 civitate
527 4429 700 4485 domicilium
710 4432 889 4496 nactussum,
904 4428 933 4483 in
977 4430 1062 4487 ullius
1071 4429 1112 4484 rei
1125 4428 1293 4501 interpositu
1304 4432 1429 4500 apparet,
1441 4442 1530 4499 eaque
1537 4427 1598 4497 jam
1607 4424 1661 4497 ipsi
1666 4440 1775 4498 praepa·

129 4522 227 4579 medie
241 4521 319 4578 urbis
333 4520 403 4587 sice,
418 4520 556 4575 immenso
570 4519 677 4574 lumine
688 4517 935 4573 coruscanti.Rur·
975 4525 1038 4575 rata
1050 4517 1258 4590 gleriaecerona
1272 4522 1432 4583 exornatur,
1444 4515 1528 4588 idque
1535 4513 1668 4570 divinitus
1676 4529 1776 4569 cense-

130 4628 196 4667 sum
211 4617 305 4667 autem
312 4610 449 4682 iosaphat
455 4609 510 4665 sibi
517 4625 581 4664 curn
592 4626 626 4663 eo
635 4624 719 4679 agere
729 4606 885 4675 videbatur,
902 4612 934 4662 ut
976 4611 1081 4684 quitur,
1096 4614 1129 4665 ut
1143 4607 1286 4663 Christum
1295 4612 1402 4674 cernat,
1416 4623 1481 4662 cum
1490 4605 1602 4662 Christe
1613 4605 1660 4671 sit,
1670 4602 1775 4660 Christi

131 4709 217 4765 abeo
232 4706 790 4781 inIpsiustabcrnaculumabduceretur,
807 4705 935 4763 cemiter-
975 4699 1184 4773 pulchritudine
1205 4703 1341 4771 perpetue
1363 4697 1493 4762 exsultet,
1518 4695 1547 4750 in
1571 4697 1651 4766 quus
1676 4710 1777 4750 manus

131 4824 190 4882 que
200 4808 574 4881 hospitieexciperetur.llle
584 4806 812 4861 autemnondum
820 4811 933 4879 tempus
976 4788 1173 4846 00m¹11011dsti²
1189 4788 1293 4855 animas
1311 4787 1347 4843 “d
1357 4786 1482 4841 limium
1492 4783 1637 4855 regionem
1652 4783 1774 4853 iffissssfib

130 4908 232 4963 ,desse
246 4907 400 4979 respondit,
421 4911 453 4962 up
480 4906 515 4960 ad
536 4907 585 4961 ip„
608 4905 788 4961 tabernacula
815 4904 933 4973 miset,
976 4879 1025 4936 nbi
1041 4879 1216 4953 epulantium
1231 4894 1326 4945 senus,
1342 4874 1391 4933 ubi
1408 4874 1567 4930 laetantium
1582 4874 1719 4931 habitatio
1735 4880 1778 4931 est

989 4973 1061 5027 Psol.
1079 4974 1146 5038 xm).

1010 5060 1180 5116 Praeclarum
1191 5064 1286 5115 autem
1295 5057 1384 5132 ipsius
1398 5056 1522 5130 eorporis
1532 5056 1575 5113 vir
1585 5057 1699 5130 quidam
1714 5073 1778 5114 san·

131 5005 237 5080 quippe
251 5005 299 5078 qui
309 5003 837 5079 corporissarcinaadhuepremtretur.
854 5001 934 5068 Quod
974 4973 987 5046 (

131 5105 159 5162 si
171 5105 238 5162 serti
253 5106 357 5171 anime,
375 5105 477 5179 inquit,
490 5105 519 5159 in
535 5109 631 5160 sancto
647 5104 711 5160 vitae
729 5119 843 5176 genere,
860 5102 935 5158 velut

131 5205 185 5262 tibi
198 5203 337 5271 mandavi,
355 5204 522 5277 perstiteris,
536 5205 687 5276 aliquande
698 5209 761 5276 pest
774 5202 879 5273 venies,
889 5208 935 5259 at-

976 5157 1047 5217 ctus,
1060 5151 1108 5223 qui
1118 5166 1174 5206 non
1184 5150 1267 5221 longe
1277 5148 1312 5204 ab
1321 5163 1354 5204 ee
1366 5147 1521 5215 habitabat,
1535 5148 1639 5221 quique
1652 5147 1708 5204 iter
1722 5147 1777 5220 ipsi

131 5321 189 5378 que
212 5303 310 5360 cadem
324 5303 505 5360 tabernacula
521 5308 548 5360 ct
563 5303 691 5359 camdem
704 5301 831 5360 lentitiam
841 5303 936 5374 acglo·
975 5238 1779 5402 {3333thggupslggffg:sgffl¹ffizvclffisqgssffl

131 5404 207 5460 sim
218 5404 407 5476 fflffiequel'lss
424 5419 590 5476 messumqlle
605 5404 635 5459 1¹¹
649 5402 851 5475 Sssmlioel'ssllffl
867 5402 932 5458 esi&
975 5421 1037 5488 fuit,
1049 5420 1274 5477 eosacresanctis
1283 5419 1411 5476 cantibus
1421 5424 1530 5488 ornate,
1543 5418 1722 5493 profusisque
1737 5416 1778 5471 la·

131 5503 319 5577 Erperrectus
330 5508 425 5562 autern
435 5504 579 5577 iosaphat,
591 5501 772 5560 animamilla
782 5502 933 5575 luceatque
975 5511 1087 5586 cr'ymis,
1100 5527 1162 5585 que
1172 5510 1259 5584 ipsius
1267 5525 1337 5582 erga
1347 5509 1484 5584 iosaphat
1492 5509 1597 5567 amoris
1604 5507 1711 5565 indices
1730 5521 1776 5560 es·

129 5602 209 5660 omni
222 5603 360 5662 sermonis
373 5605 507 5665 facultate
522 5605 679 5666 sublimiori
687 5604 779 5680 gloria
788 5602 933 5679 perfusum
974 5606 1047 5673 sent,
1064 5601 1184 5678 aliisque
1201 5600 1331 5662 omnibns
1341 5600 1425 5662 rebus
1441 5616 1503 5675 que
1517 5599 1593 5676 apud
1604 5593 1779 5657 Christianos
