3832 6120
145 293 196 351 143
654 291 701 345 DE
719 290 813 345 Vl'l'lS
831 287 979 371 pannuli
998 287 1105 344 LIBER
1123 291 1267 347 PRIMUS.
1723 295 1777 354 tlt

144 413 936 491 eorporisdomicilio,etmembrisexoneratamortalibuS,
947 413 1093 472 Anomine
1106 419 1155 469 tuo
1170 416 1309 471 daemonia
1333 419 1476 488 ejecimus,
1493 426 1522 474 et
1540 421 1568 474 in
1590 422 1703 475 nominc
1727 425 1777 476 tuo

143 525 207 564 cum
221 508 264 561 his
274 523 344 578 quos
357 505 432 558 videt
446 503 524 583 abire
538 502 652 557 festinat
661 503 696 556 ad
707 504 817 556 coelum.
829 503 938 556 Horum
979 501 1097 556 virtutes
1121 505 1224 558 multas
1251 506 1367 560 fecimus
1380 507 1490 575 (Motllr.
1507 509 1578 575 rull
1596 510 1777 580 respondebit

142 602 222 651 tanta
235 594 394 665 benignitas
409 597 461 658 est,
472 597 505 646 ut
515 592 538 645 si
551 591 613 662 quis
627 608 677 662 pro
686 591 844 646 conditione
856 589 938 660 fragi-
979 591 1118 646 Dominus
1136 611 1141 644 :
1157 594 1247 648 Amen
1261 594 1322 649 dico
1336 595 1422 663 vobis,
1431 613 1486 651 non
1501 599 1564 652 novi
1578 600 1776 666 vos,discedite

140 680 636 748 litatishumanae,mirofueriteorum
644 680 752 750 fulgore
759 679 935 750 perterritus,
978 695 996 732 a
1006 696 1059 746 me,
1072 681 1192 751 operarii
1206 683 1444 754 iniquitatisNon
1459 687 1534 740 enim
1550 689 1627 742 novit
1638 689 1776 743 Dominus

141 790 253 828 omnem
275 772 407 827 continuo
433 787 465 825 ex
494 770 576 824 corde
604 769 733 823 auferant
754 773 870 822 metum.
894 769 938 822 lto
978 769 1205 840 viasimpiorum.
1219 772 1278 826 Hoc
1287 790 1353 843 ergo
1368 790 1537 847 mmuopere
1552 778 1777 847 postulemus‚ut

141 862 254 917 Gabriel
268 878 332 916 cum
346 860 485 916 Zacharia
502 860 663 929 loqueretur
684 859 713 912 in
728 858 834 928 templo
853 858 937 925 (Luca
978 858 1082 911 donum
1097 859 1247 929 spirituum
1261 861 1509 918 discernendorum
1524 883 1685 935 mereamur
1703 866 1775 921 acci-

140 953 203 1023 xn);
221 957 250 1006 et
263 950 355 1021 angeli
370 966 434 1004 eum
446 947 572 1003 divinum
581 947 704 1017 Virginis
716 953 829 1018 partum
841 951 936 1015 pasto·
977 961 1062 1014 pere3
1084 964 1157 1018 quo,
1185 951 1337 1006 secuudum
1366 953 1535 1008 sententiam
1555 956 1774 1026 scripturarum,

138 1040 216 1096 ribus
243 1040 406 1095 nuntiarent
422 1038 527 1108 inacta.
553 1043 660 1106 xxv1n),
674 1040 703 1090 et
728 1035 776 1106 qui
798 1033 937 1088 Dominici
977 1036 1053 1091 omni
1068 1038 1179 1107 spiritui
1194 1055 1250 1094 non
1265 1041 1412 1096 credamus
1428 1044 1452 1110 (Ι
1464 1046 1544 1098 Jocrt.
1560 1048 1609 1113 μ’).

138 1129 263 1200 corporis
283 1128 404 1200 agebant
431 1126 569 1195 excubias,
594 1125 701 1180 securis
721 1123 878 1177 videntium
907 1139 936 1176 se
1013 1126 1078 1179 Car.
1093 1127 1358 1184 llll.—Volueram
1374 1131 1486 1201 quidem
1498 1134 1557 1203 jam
1573 1133 1775 1189 liniresermo·

138 1218 280 1273 mentibus
299 1217 486 1281 θὸῒθῃᾶθΰῖθδ,
507 1232 543 1270 1¹0
566 1218 725 1269 metuerent
748 1210 933 1282 imperabant.
977 1216 1346 1288 uem,etsilenti0premere
1359 1223 1777 1293 quaecunquemeaeaccideraut

137 1308 229 1362 Metus
244 1307 320 1362 enim
334 1322 390 1360 non
403 1311 514 1360 tantum
528 1320 675 1374 expavere
689 1301 786 1366 animi,
798 1304 936 1371 qnantum
978 1308 1036 1371 46
1049 1307 1194 1377 parvitati;
1207 1307 1257 1361 sed
1267 1324 1302 1361 ne
1315 1310 1420 1380 putetis
1434 1328 1479 1365 me
1493 1311 1598 1366 frustra
1607 1329 1776 1367 commemo-

138 1411 172 1450 ex
185 1413 352 1468 magnarum
368 1411 462 1449 rerum
477 1410 550 1465 saepe
559 1392 695 1446 incutitur
707 1394 830 1461 aspectu.
844 1387 937 1442 Pessi·
977 1411 1054 1448 rasse
1067 1411 1128 1464 quae
1144 1395 1254 1449 evenire
1276 1413 1332 1451 non
1355 1405 1477 1469 possent,
1495 1400 1596 1455 idcirco
1611 1401 1686 1464 (lieet
1704 1401 1775 1457 insi-

137 1501 249 1539 morum
263 1502 328 1539 vero
342 1485 435 1539 vultus
450 1489 552 1547 truces,
567 1481 676 1535 sonitus
699 1478 814 1541 horridi,
830 1476 936 1531 sordidi
977 1483 1056 1554 piens
1074 1485 1148 1545 siam,
1166 1490 1261 1539 tamen
1275 1486 1420 1548 Digamus,
1435 1488 1481 1559 qui
1494 1495 1607 1544 secreta,
1620 1491 1721 1545 mentis
1732 1496 1775 1545 est

137 1574 285 1645 cogitatus,
295 1574 410 1645 plausus
425 1577 573 1642 motusque
584 1569 856 1640 indisciplinatorum
872 1566 936 1619 ado·
977 1571 1126 1643 inspector,
1144 1575 1221 1628 novit
1233 1591 1288 1629 nou
1303 1590 1347 1629 me
1362 1593 1446 1630 causa
1456 1579 1609 1646 jactantiae,
1625 1579 1674 1633 sed
1688 1579 1774 1633 vestri

137 1661 177 1716 les
191 1667 304 1717 eentum
320 1662 363 1715 vel
377 1662 559 1728 latronum30
575 1660 677 1731 quibus
690 1657 836 1713 confestim
851 1656 937 1711 timor
976 1662 1069 1732 gratia
1090 1662 1229 1734 profectus
1259 1664 1312 1718 ii00
1337 1665 1448 1734 facere),
1465 1684 1554 1737 pauca
1573 1668 1711 1739 replicabo
1738 1669 1773 1723 dg

136 1749 247 1814 animae,
257 1750 488 1821 sensibustorpor
498 1749 635 1803 incutitur
643 1767 649 1814 3
657 1747 752 1802 odium
764 1746 935 1801 Christiano·
944 1724 967 1784 Β
977 1751 1115 1821 plurimis.
1130 1753 1245 1816 Quoties
1257 1771 1301 1808 me
1317 1755 1411 1809 nimiis
1425 1756 1555 1811 laudibus
1570 1758 1668 1811 (efferre
1680 1757 1774 1812 conati

136 1856 210 1906 rum,
224 1840 427 1894 monachorum
447 1856 550 1893 moeror
568 1843 598 1892 et
611 1837 735 1902 taedium,
752 1852 867 1890 suorum
890 1852 936 1888 re·
976 1846 1051 1904 sunt,
1064 1858 1126 1895 cum
1138 1859 1155 1894 a
1166 1859 1211 1896 me
1225 1843 1254 1897 iu
1263 1844 1376 1898 nomine
1386 1845 1497 1899 Domini
1512 1845 1658 1899 maledieta
1671 1846 1775 1916 recipe·

135 1929 270 1996 cordatio,
287 1935 378 1984 metus
392 1929 501 1991 mortis,
522 1928 622 1999 cupido
643 1925 783 1997 nequitiae,
800 1925 935 1980 lassitudo
977 1932 1040 1979 rent
1056 1926 1108 1994 (59)
1127 1927 1132 1979 !
1151 1927 1260 1997 quoties
1279 1936 1431 1999 augmenta
1454 1930 1509 1983 Nili
1536 1930 1659 1984 fluminis
1680 1931 1776 1985 futura

135 2014 257 2081 rimutis,
278 2015 369 2069 cordis
392 2013 542 2068 hebetatio
560 2014 589 2068 Sr
610 2012 698 2083 igitur
719 2017 782 2083 post
803 2010 934 2064 timorem
977 2015 1115 2082 dixerunt,
1141 2033 1205 2071 eum
1222 2034 1295 2071 ame
1318 2018 1469 2077 audirent:
1484 2019 1518 2073 Et
1536 2020 1588 2074 hoe
1604 2020 1637 2073 ad
1653 2025 1776 2074 vestram

135 2103 251 2158 horrore
261 2111 435 2176 conceptum.
446 2102 611 2159 successerit
617 2102 753 2173 gaudium
764 2107 792 2155 et
800 2101 835 2155 ud
845 2102 934 2156 Deum
977 2105 1044 2174 quid
1056 2107 1180 2176 pertinet
1192 2109 1309 2162 curaml
1323 2109 1432 2180 quoties
1452 2108 1613 2163 minitantes
1629 2113 1661 2163 ut
1672 2109 1777 2162 milites

136 2193 239 2250 fiducia
258 2199 342 2265 atque
362 2194 510 2248 ineffabilis
524 2192 656 2258 charitas,
681 2191 789 2245 venisse
813 2190 934 2245 sciamus
976 2191 1088 2254 armati,
1104 2192 1308 2263 scorpionibus,
1325 2194 1418 2264 equis,
1438 2193 1547 2258 belluis,
1564 2199 1593 2248 et
1612 2194 1696 2247 variis
1720 2211 1777 2248 ser·

135 2283 280 2349 auxilium,
290 2283 357 2354 quia
366 2283 502 2337 securitas
512 2282 613 2338 animae
623 2280 769 2352 praesentis
778 2279 934 2349 majestatis
975 2280 1105 2349 pentibus
1115 2281 1584 2348 circumdederuntme,etdomum
1594 2282 1622 2336 in
1633 2299 1775 2352 quaeram

135 2371 271 2427 indicium
284 2377 335 2426 est.
353 2371 399 2427 Sic
412 2388 534 2442 nauaque
556 2376 585 2425 et
606 2370 749 2424 Abraham
773 2369 934 2440 patriarcha
974 2368 1161 2438 repleverunt,
1178 2388 1240 2425 eum
1266 2388 1317 2442 ego
1343 2389 1358 2426 e
1384 2377 1483 2426 rantra
1507 2372 1655 2442 psallerem
1671 2390 1677 2423 z
1695 2370 1730 2424 Hi
1744 2369 1774 2425 in

135 2461 232 2516 ridens
251 2462 352 2528 Deum,
367 2460 480 2531 gavisus
504 2465 547 2514 est
566 2462 655 2526 (fourr.
672 2461 740 2528 vin),
762 2464 791 2512 et
811 2460 933 2514 loannes
974 2456 1102 2512 curribus
1116 2459 1182 2513 ethi
1193 2459 1221 2513 in
1237 2461 1488 2530 equisnosautem
1501 2459 1649 2514 innomine
1661 2459 1773 2513 Domini

135 2567 198 2604 cum
221 2550 339 2604 Mariam
365 2549 557 2621 supervenisse
587 2549 713 2612 sentiret,
730 2564 790 2618 quac
813 2547 842 2600 in
862 2547 933 2602 sacri
974 2545 1024 2600 Dei
1036 2548 1125 2601 nostri
1135 2547 1377 2618 magnificabimur
1389 2550 1545 2617 (Psoi-xix).
1562 2548 1597 2602 Et
1610 2547 1704 2602 statim
1721 2547 1773 2601 mi·

135 2638 241 2693 ventris
265 2639 386 2710 hospitio
411 2637 602 2693 universitatis
624 2635 753 2707 gestabat
775 2641 931 2705 parentem,
973 2635 1124 2690 sericordia
1134 2637 1239 2691 Christi
1252 2637 1430 2708 fugabantur.
1448 2638 1575 2702 Quodam
1587 2643 1681 2691 auum
1697 2643 1771 2691 tem·

135 2728 284 2782 exsultavit
297 2728 417 2783 necdum
445 2731 528 2781 uatus
543 2727 572 2780 in
590 2724 724 2796 gaudium
753 2725 837 2791 (luca
857 2731 887 2789 1).
903 2722 932 2777 Si
973 2741 1041 2796 porc
1051 2742 1114 2779 cum
1125 2725 1232 2796 ingenti
1242 2726 1769 2791 lucerenientes.dixerunt:l⁴'cnimus,

136 2821 231 2871 autem
245 2817 358 2872 incussa
370 2816 488 2871 formido
507 2814 703 2888 permanserit,
723 2814 813 2867 hostis
827 2817 870 2866 est
885 2811 932 2882 qui
972 2812 1086 2879 Antoni,
1107 2818 1234 2868 nostrum
1256 2814 1308 2868 tibi
1335 2815 1458 2886 praebere
1482 2815 1628 2886 fulgorem.
1647 2816 1682 2869 Et
1706 2832 1769 2885 ego,

135 2905 246 2961 ridetur
262 2925 268 2960 :
284 2907 418 2978 quoniam
438 2923 489 2960 nee
507 2905 632 2960 refovere
656 2903 742 2968 novit,
759 2907 791 2957 ut
820 2900 932 2971 Gabriel
974 2901 1075 2956 clausis
1089 2903 1186 2969 oculis,
1204 2903 1270 2974 quia
1283 2905 1373 2959 lucem
1389 2904 1491 2958 diaboli
1508 2904 1680 2975 dedignabar
1693 2905 1770 2976 aspi·

135 3000 284 3066 parentem
306 2994 452 3066 Virginem
474 3010 511 3049 ne
533 2995 633 3048 timeat
651 2992 734 3062 jubet
749 2991 883 3060 literali:
905 2995 934 3044 et
973 3007 1046 3056 cere,
1064 2991 1189 3055 orabam,
1207 2998 1235 3045 et
1249 2991 1322 3046 dieto
1337 2993 1419 3047 citius
1433 2992 1584 3063 impiorum
1599 2993 1695 3047 lumen
1722 3010 1770 3046 cx-

135 3082 218 3139 sieuti
238 3087 365 3155 pastores
379 3082 479 3137 nuntio
493 3081 627 3136 consolati
642 3085 709 3135 sunt
725 3080 827 3145 (Ibidl.
843 3077 1176 3149 Quin-Gstinguebatur.
1188 3081 1255 3134 Post
1262 3097 1372 3135 menses
1380 3085 1474 3134 autem
1485 3097 1589 3151 paucos
1605 3097 1772 3134 cumeorum

135 3172 193 3226 imo
219 3189 350 3244 pavorem
379 3172 512 3242 duplicat,
533 3177 562 3225 et
589 3186 677 3240 usque
701 3169 735 3223 ad
764 3167 932 3238 profundam
973 3184 1018 3221 me
1038 3170 1200 3239 psallerent,
1215 3175 1243 3223 et
1256 3170 1291 3224 de
1306 3169 1456 3239 Scripturis
1472 3168 1585 3223 sibimet
1598 3170 1771 3223 sermocina-

135 3260 289 3332 impietatis
308 3261 424 3327 foveam,
441 3265 473 3315 ut
495 3259 547 3314 sibi
569 3258 697 3313 homines
719 3261 933 3328 prosternantur
973 3258 1081 3318 rentur,
1097 3271 1148 3324 ego
1164 3260 1298 3324 tanquam
1318 3253 1419 3308 surdus
1434 3270 1489 3308 non
1505 3253 1663 3308 audiebam.
1685 3254 1770 3307 Corn·

135 3349 264 3422 impellit.
281 3351 385 3405 Exinde
400 3349 502 3404 misera
514 3348 668 3419 gentilitas,
684 3345 829 3401 dominica>
844 3345 932 3399 iuter·
973 3348 1120 3397 moverunt
1140 3342 1290 3413 aliquando
1311 3343 1519 3397 ‘monasterium
1547 3359 1640 3396 meum
1656 3340 1723 3411 (51),
1741 3348 1770 3396 et

134 3438 265 3494 dictionis
279 3439 388 3511 ignara,
404 3440 473 3494 falso
495 3439 636 3493 daemones
655 3437 722 3491 deos
736 3435 850 3506 opinata
872 3439 927 3490 est.
973 3448 1024 3502 ego
1040 3438 1134 3487 mente
1158 3431 1293 3487 immobili
1317 3433 1469 3486 Dominum
1491 3431 1668 3503 deprecabar.
1689 3432 1769 3502 Saepe

135 3528 360 3583 Christianorum
383 3534 477 3582 autem
501 3527 618 3598 populos
640 3525 682 3579 his
695 3524 812 3578 fallaciis
826 3522 931 3576 irretiri
972 3521 1114 3593 strepitus,
1132 3539 1204 3594 saepc
1223 3522 1395 3588 saltationes,
1423 3538 1496 3592 saepe
1523 3521 1620 3575 sibilos
1645 3520 1769 3591 ingesse-

135 3633 192 3672 uon
201 3633 301 3689 passus
313 3621 356 3671 est
364 3616 509 3682 Dominus,
524 3615 571 3686 qui
585 3613 727 3669 diabolum
740 3613 771 3666 in
782 3611 931 3682 Evangelio
972 3616 1053 3677 runt;
1067 3616 1096 3665 et
1105 3627 1150 3665 me
1160 3612 1305 3683 psallente,
1317 3627 1402 3665 sonus
1414 3627 1510 3665 eorum
1521 3627 1552 3664 1n
1564 3627 1646 3664 voces
1660 3609 1768 3664 llebiles

134 3705 268 3761 audacter
282 3705 336 3760 sibi
358 3704 544 3777 principatum
569 3703 694 3758 omnium
713 3707 930 3773 praesumentem
971 3699 1140 3754 vertebatur.

135 3795 248 3867 repulit,
263 3794 359 3849 diceus
374 3813 380 3848 ε
397 3794 474 3848 Vade
493 3798 578 3858 retro,
596 3793 709 3847 Satana.
732 3791 872 3863 Scriptum
888 3797 931 3847 est
1007 3789 1173 3853 Creditisne,
1190 3790 1279 3852 filioli,
1296 3789 1369 3861 quod
1385 3789 1510 3844 dicturus
1525 3806 1588 3843 sum
1598 3787 1768 3842 vobislVidi

135 3885 211 3940 enim
227 3883 400 3939 :Dominum
419 3884 509 3937 Deum
524 3888 604 3937 tuum
624 3881 762 3948 adorabis,
779 3886 808 3935 et
822 3881 862 3936 illi
878 3883 929 3936 soli
971 3876 1121 3947 aliquando
1144 3878 1286 3933 diabolum
1309 3878 1447 3934 excelsum
1463 3894 1587 3950 corpore,
1603 3877 1696 3949 quise
1716 3877 1768 3931 Dei

134 3974 238 4029 servies
249 3973 355 4042 (natta.
372 3986 413 4038 1v;
429 3973 506 4026 Dent.
522 3986 550 4026 u
565 3977 588 4025 ct
603 3973 642 4043 x).
659 3972 768 4026 Horum
781 3971 929 4026 verborum
971 3964 1104 4021 virtutem
1116 3972 1145 4021 et
1152 3967 1354 4039 providentiam
1370 3985 1454 4023 ausus
1465 3973 1508 4022 est
1523 3968 1624 4031 dicere,
1637 3973 1666 4020 et
1680 3967 1720 4020 ait
1730 3966 1767 4020 ad

134 4063 221 4119 etiam
231 4063 311 4118 nobis
322 4062 435 4118 licentia
444 4068 487 4117 est
496 4063 613 4130 tributa,
629 4062 697 4134 quia
705 4061 807 4116 idcirco
820 4062 930 4118 loeutus
970 4071 1035 4109 me:
1051 4056 1122 4120 Quid
1136 4057 1185 4123 ns,
1198 4064 1230 4112 ut
1244 4075 1261 4112 a
1275 4057 1378 4112 metibi
1393 4058 1521 4124 donetur,
1533 4056 1655 4112 Antoni?
1664 4056 1702 4110 At
1714 4072 1767 4126 ego

51 4192 60 4211 ,
133 4157 178 4220 eut
201 4154 277 4221 talia,
301 4160 334 4208 ut
361 4152 515 4209 similitudo
539 4157 779 4208 tentamentorum
808 4152 930 4208 auctoris
970 4147 1148 4218 sputaculum
1163 4146 1220 4216 (52)
1234 4147 1388 4202 maximum
1404 4147 1433 4201 in
1448 4165 1479 4202 os
1499 4149 1560 4218 ejus
1578 4147 1767 4218 ingeminans,

133 4224 223 4298 nostri
238 4244 416 4316 frangeretur
429 4243 556 4317 eloquiis.
970 4239 1060 4289 totum
1076 4253 1120 4290 ure
1135 4236 1164 4290 in
1179 4253 1243 4290 eum
1255 4237 1358 4291 Christi
1373 4237 1486 4291 nomine
1497 4242 1632 4300 armatus,
1645 4236 1766 4307 ingessi:

169 4334 235 4388 One.
245 4332 319 4390 xlx.
331 4371 362 4382 -
371 4336 444 4390 lllud
457 4351 577 4406 quoque,
590 4333 646 4388 mei
655 4333 823 4400 charissimi,
836 4333 930 4388 admo-
971 4329 999 4378 et
1012 4325 1107 4379 statim
1121 4326 1168 4380 ille
1189 4343 1321 4398 procerus
1332 4336 1446 4398 aspectu
1461 4326 1534 4381 inter
1546 4325 1652 4380 medias
1666 4341 1768 4380 manus

133 4440 195 4490 neo,
208 4430 241 4480 ut
252 4425 314 4479 vitae
328 4424 418 4495 magis
432 4424 469 4478 sit
483 4423 569 4489 vobis,
582 4439 667 4494 quam
677 4422 822 4493 signorum
830 4415 1098 4491 sollici-Detulevit.
1114 4416 1258 4485 Jejunanti
1282 4416 1366 4471 etiam
1381 4415 1451 4470 mihi
1465 4416 1540 4470 visus
1556 4421 1599 4470 est
1622 4420 1654 4470 ut
1668 4431 1768 4469 mona·

134 4513 322 4569 tudo.Nullus
334 4530 368 4568 ex
381 4512 457 4566 vobis
470 4511 652 4578 benefaciens,
664 4518 714 4566 aut
728 4512 786 4582 ipse
799 4510 931 4583 superbia
970 4505 1052 4572 chum
1069 4511 1097 4559 et
1109 4523 1195 4576 panes
1204 4506 1379 4572 Offeresssihis
1394 4505 1569 4560 sermonibus
1585 4504 1722 4567 suadebat
1736 4508 1769 4559 ut

110 4608 118 4617 '
131 4596 310 4668 intumescat,
318 4607 367 4657 aut
376 4600 512 4673 despiciat
522 4617 569 4655 eos
579 4601 627 4672 qui
637 4601 728 4655 facere
737 4617 794 4655 non
801 4605 928 4673 possunt.
970 4611 1105 4661 vescerer,
1114 4599 1143 4649 et
1154 4595 1222 4650 huic
1232 4596 1338 4668 aliquid
1351 4596 1529 4666 indulgerem
1539 4594 1717 4667 corpusculo:
1733 4594 1768 4648 Et

133 4691 379 4747 Conversationem
397 4691 488 4761 magis
506 4690 670 4745 scrutamini
685 4689 860 4760 singulorum
876 4707 882 4742 :
900 4690 930 4745 in
969 4689 1012 4748 tu,
1023 4685 1124 4756 inquit,
1134 4685 1217 4740 homo
1227 4703 1267 4756 es,
1274 4689 1303 4740 et
1316 4687 1441 4741 humana
1449 4685 1601 4757 fragilitate
1613 4683 1768 4739 circumda·

133 4779 186 4833 hac
195 4779 253 4834 vita
262 4784 290 4833 et
298 4778 403 4834 imitari
412 4797 459 4834 vos
470 4797 531 4851 quae
540 4779 664 4852 perfecta
675 4779 886 4845 suntconvenit,
899 4786 928 4835 et
969 4775 1008 4830 ris
1019 4775 1114 4841 ;labor
1121 4775 1267 4847 paululum
1281 4776 1469 4847 conquiescat,
1482 4792 1517 4830 ne
1531 4774 1667 4846 aegritudo
1677 4772 1774 4829 subri.

133 4868 251 4940 implere
267 4884 328 4938 quae
343 4868 453 4923 desunt.
465 4869 538 4923 Nam
552 4869 632 4940 signa
646 4867 737 4922 facere
752 4884 806 4923 non
820 4873 863 4923 est
877 4886 930 4923 no·
970 4865 1038 4937 piat.
1050 4865 1126 4920 lllieo
1141 4865 1262 4919 luridam
1272 4865 1372 4920 faeiem
1382 4865 1520 4937 serpentis
1532 4864 1649 4936 agnovi3
1662 4871 1691 4920 et
1703 4881 1768 4921 cum

133 4961 198 5011 strae
213 4957 368 5028 parvitatis,
382 4958 431 5011 sed
445 4958 559 5012 Domini
571 4957 727 5029 potestatis,
743 4957 791 5029 qui
804 4959 839 5012 ad
850 4957 930 5014 disci·
970 4955 1145 5010 adcensueta
1151 4953 1770 5025 Christimunimentaconfugerem,tanquam

134 5044 216 5116 pulos
224 5044 425 5116 glorianteS,iu
434 5045 584 5116 Evangelio
592 5046 645 5101 ait:
657 5048 699 5102 Ne
707 5047 854 5118 gaudeatis
864 5047 931 5119 quia
970 5061 1021 5116 per
1029 5044 1181 5098 fenestram
1190 5043 1284 5098 fumus
1295 5042 1646 5110 laberetur,evanuit.lluri
1658 5059 1771 5115 quoque

134 5134 275 5189 daenrones
302 5134 379 5188 vobis
401 5133 519 5204 subjecti
546 5142 621 5202 sunt,
642 5137 692 5191 sed
719 5135 793 5208 quod
816 5136 931 5191 nomina
970 5132 1126 5204 decipulam
1137 5132 1205 5186 mihi
1215 5133 1244 5187 iu
1258 5134 1368 5187 deserto
1380 5133 1542 5204 frequenter
1555 5132 1685 5199 tetendit;
1695 5131 1771 5204 quod

133 5229 226 5279 vestra
240 5223 344 5295 scripta
366 5229 434 5278 sunt
451 5224 480 5277 in
503 5225 580 5279 coelis
608 5227 694 5292 (Luca
718 5227 756 5296 xi.
778 5226 931 5280 Nominum
971 5221 1033 5276 ideo
1048 5222 1192 5287 offerebat,
1208 5228 1240 5276 ut
1267 5223 1389 5277 autvisu
1416 5221 1542 5276 irretiret
1569 5238 1614 5276 me
1628 5227 1678 5276 aut
1691 5227 1771 5276 tactu

135 5313 210 5368 enim
224 5313 252 5367 iu
262 5313 333 5368 libre
342 5314 404 5368 vilae
419 5313 597 5385 conscriptio.
608 5314 802 5371 testimonium
816 5320 859 5370 est
874 5315 929 5371 vir-
971 5313 1197 5368 commacularet.
1214 5313 1292 5384 Saepe
1306 5328 1417 5382 quoque
1431 5329 1477 5366 me
1492 5328 1509 5365 a
1526 5310 1698 5366 daemonibus
1713 5327 1770 5365 non

42 5405 46 5412 '
135 5402 204 5457 tutis
220 5408 249 5456 et
270 5403 385 5470 meriti3
411 5403 535 5474 expulsio
563 5408 657 5457 autern
682 5404 802 5472 Satanae,
818 5404 930 5475 largitio
970 5401 1594 5474 denegoverberatumcanebamauccmsic:
1608 5401 1709 5456 Nullus
1724 5418 1769 5454 me

135 5492 287 5547 Salvamris
301 5496 352 5547 est.
367 5491 447 5547 Unde
462 5492 507 5547 his
521 5492 568 5562 qui
583 5508 639 5546 non
655 5492 684 5547 in
702 5492 764 5549 ritae
778 5493 928 5556 laboribus,
970 5493 1112 5566 separabit
1138 5510 1155 5548 a
1169 5491 1306 5547 charitate
1325 5491 1428 5547 Christi
1443 5493 1529 5560 (floria
1544 5495 1612 5559 vrn).
1629 5490 1672 5544 Ad
1687 5491 1768 5561 cujus

135 5581 184 5638 sed
199 5581 229 5637 in
242 5581 377 5654 prodigiis
386 5581 575 5651 exsultabunt,
591 5582 750 5638 dicentibus
767 5601 774 5637 z
789 5584 889 5640 Nonne
900 5583 929 5639 in
970 5583 1043 5639 vocis
1057 5582 1194 5649 auditum,
1210 5582 1240 5637 in
1259 5580 1420 5638 seinvicem
1434 5581 1605 5646 defurentes,
1620 5597 1677 5636 non
1691 5596 1765 5646 meo,
