3818 6120
134 278 188 336 bib
335 278 420 335 VITA
438 278 660 336 SANOE'ORUM
674 280 850 335 BARLMM
870 277 1043 335 EREMITAE
1062 276 1106 332 ΕΤ
1123 276 1307 333 tessellae
1326 275 1438 332 INDIAE
1457 276 1573 336 REGIS.
1715 282 1772 347 ωδ

133 405 172 460 tis
186 403 280 459 locum
292 403 487 475 proficiscaris,
509 420 567 458 nen
581 405 656 459 altra
669 409 697 459 te
712 404 832 460 retinere
847 411 932 476 atque
941 403 1088 468 Abenum,
1103 403 1177 473 qnod
1187 408 1267 457 tanta
1276 403 1401 459 auimmu
1415 404 1558 476 voluptate
1572 407 1773 478 perfundat-ut

131 495 338 567 impedimento
356 493 408 547 tibi
422 510 484 547 esse
507 494 606 548 audeo.
623 494 676 548 Abi
691 493 777 565 igitur
798 495 857 548 Dei.
868 512 935 565 pace
975 492 1050 548 Deus
1065 509 1095 546 se
1106 492 1198 563 ipsum
1209 492 1244 545 iis
1259 508 1277 545 a
1290 493 1391 562 quibus
1405 493 1533 564 diligitur
1544 495 1668 552 donans:
1689 501 1771 570 eujus

135 590 293 655 captasse
306 598 375 637 meae
396 583 516 638 miseriae
529 583 559 637 in
575 584 714 654 praeclaris
726 584 784 638 tuis
799 583 834 637 ad
843 582 936 637 Demi·
976 587 1006 635 et
1018 581 1197 651 pulchritudo
1212 597 1341 635 sermone
1355 583 1433 635 omni
1444 584 1773 661 praestantiorestetpo-

136 688 206 727 num
212 671 341 744 precibus
349 672 515 726 memoriam
524 688 559 727 ne
569 672 749 737 intermittas,
758 672 934 744 quotandcm
976 669 1065 723 tentia
1079 669 1190 728 invicta.
1207 675 1235 723 et
1247 670 1555 741 gloriasempitemaet
1568 674 1729 747 quusbons
1738 694 1773 733 ea

136 762 173 817 ad
187 767 217 815 te
231 761 377 833 pervenire
390 778 422 815 ae
438 761 538 815 faciem
554 767 634 816 tuam
650 762 808 833 perspicere
824 778 934 834 queam.
977 773 1039 830 quse
1052 755 1140 829 ipsius
1159 759 1264 812 amices
1278 765 1404 825 manent,
1420 762 1515 816 omnia
1530 780 1591 835 quae
1610 767 1698 821 oculis
1711 783 1772 822 cer-

172 850 265 906 Unam
279 856 376 905 auam
388 850 643 921 rematepestulo,
659 850 803 914 nimirum,
820 855 938 922 ut,que-
978 855 1085 901 uantur
1095 846 1361 917 imcomparabiliter
1382 851 1553 906 antecellunt
1569 872 1574 906 :
1590 870 1651 924 quae
1675 857 1773 910 oculus

136 939 216 995 mam
231 956 283 1011 pre
295 938 719 1009 tuisreligiesaeiitaesodalibus
730 938 800 993 nihil
813 939 937 1011 accipere
978 951 1035 991 nen
1054 935 1131 1002 vidit,
1149 951 1200 990 nec
1218 936 1295 990 auris
1314 937 1429 1001 audivit,
1451 955 1503 993 nec
1526 941 1556 995 in
1582 959 1631 997 cer
1645 944 1774 999 heminis

137 1029 261 1094 soluisti,
276 1030 378 1084 saltem
389 1045 441 1100 pro
458 1033 487 1083 te
502 1029 633 1099 exignum
648 1027 755 1099 aliquid
769 1029 893 1100 pecnnia
908 1029 937 1084 in
978 1024 1166 1079 ascenderunt
1180 1027 1205 1095 l!
1217 1024 1275 1096 der.
1289 1030 1317 1091 nl
1332 1025 1345 1078 ?
1363 1026 1490 1089 Quorum
1504 1029 1612 1084 uanam
1625 1032 1678 1086 tibi
1692 1032 1775 1088 rebu-

139 1119 244 1173 victum
255 1117 829 1188 acresteminindumentnmaccipiasllle
842 1124 936 1172 antem
979 1113 1101 1167 stissima
1112 1114 1163 1168 Dei
1179 1130 1263 1168 maun
1279 1119 1359 1185 septe
1383 1132 1415 1169 ac
1428 1116 1537 1171 munite
1561 1118 1699 1183 heredem
1714 1139 1775 1178 esse

138 1206 175 1261 ad
190 1223 254 1261 eum
270 1205 429 1277 respondit:
440 1206 510 1260 Cum
526 1221 576 1275 pre
586 1205 720 1259 fratribus
734 1205 938 1260 meienihilate
979 1203 1125 1272 contingat
1142 1203 1148 1255 l

142 1295 297 1366 acceperim
311 1298 412 1365 [neque
426 1294 501 1348 enim
513 1284 552 1347 illi
568 1293 672 1365 aliquid
689 1311 722 1348 ex
741 1294 937 1364 hujusmundi
1015 1291 1099 1361 Regis
1114 1292 1440 1365 autem-siliuslacrymis
1455 1295 1593 1365 perfusae,
1609 1298 1775 1367 angebatur,

139 1384 445 1455 rebus,aqaibusultro
455 1400 516 1438 sese
525 1389 715 1448 removerunt,
727 1383 853 1454 accipere
868 1399 938 1455 opius
979 1395 1012 1433 ac
1026 1396 1137 1435 summa
1152 1381 1280 1439 molestis
1293 1382 1476 1450 afficiebatur,
1493 1391 1525 1438 ut
1539 1384 1585 1455 qui
1596 1384 1632 1439 ab
1644 1389 1784 1442 amantis-¹

134 1470 268 1541 habent),
289 1488 412 1542 quonam
427 1472 541 1527 tandem
557 1476 638 1542 paeto
653 1471 722 1524 mihi
736 1473 765 1526 id
780 1472 935 1542 acquiram,
979 1467 1051 1522 sime
1061 1475 1141 1539 patre
1156 1471 1428 1540 acpraestantissimo
1442 1474 1577 1542 magistre
1592 1476 1713 1546 relinqui
1725 1477 1779 1530 mi-

139 1563 215 1633 qned
228 1561 296 1632 ipsis
309 1561 460 1615 interdixit
480 1562 552 1615 Nam
568 1561 592 1614 si
607 1561 789 1631 pecuniarum
801 1560 938 1631 possessio
980 1558 1056 1611 ninie
1080 1558 1242 1613 sustineret.
1260 1561 1295 1613 Et
1311 1561 1451 1631 quisnam,
1480 1560 1634 1633 inquiebat,
1652 1566 1777 1635 oPater,

138 1650 214 1706 bena
228 1657 309 1716 esset,
331 1650 388 1704 illis
402 1655 477 1704 certe
502 1654 568 1703 ante
591 1667 636 1703 me
659 1666 707 1704 eas
728 1649 937 1720 impertiissem.
980 1652 1044 1700 tuas
1059 1653 1153 1718 partes
1167 1648 1301 1719 explebit?
1321 1655 1371 1702 ant
1387 1666 1471 1720 quem
1486 1651 1600 1705 tandem
1615 1653 1779 1723 hujusmodi

132 1740 280 1805 Quoniam
292 1745 388 1794 autem
399 1739 544 1793 exitiosam
555 1755 653 1793 earum
663 1739 867 1809 possessionem
879 1754 939 1792 esse
950 1741 1121 1820 praetorem
1133 1753 1166 1790 ac
1179 1737 1278 1792 ducem
1292 1739 1424 1808 consequi
1439 1740 1553 1810 petere?
1567 1746 1726 1812 etquenam
1735 1760 1779 1798 so-

137 1828 206 1894 scie,
221 1845 273 1882 nec
286 1829 358 1895 illos,
375 1844 427 1882 nee
440 1843 486 1882 me
498 1829 567 1882 item
584 1828 746 1898 thusmedi
761 1827 870 1898 laqueis
885 1827 939 1881 im·
980 1824 1047 1878 latio
1057 1825 1227 1880 desiderium
1234 1827 1466 1883 tuilenibolllcce
1476 1828 1550 1883 enim
1562 1846 1607 1885 me
1618 1830 1779 1902 imprqbnm

137 1916 242 1987 plicato
251 1917 273 1972 ¹.
980 1929 1013 1967 ac
1026 1913 1083 1967 relr,
1095 1915 1159 1968 'lem
1170 1931 1281 1969 serrum
1292 1915 1328 1968 ad
1343 1917 1431 1970 Deum
1442 1917 1718 1989 adduxisti,atque.in
1728 1919 1778 1989 lilii

174 2006 248 2063 Cum
261 2005 350 2077 igitur
362 2022 399 2059 ne
412 2006 465 2060 hec
476 2021 588 2077 queque
594 2005 647 2076 ipsi
656 2005 826 2077 persuadere
835 2003 940 2076 potuis·
981 2008 1009 2056 et
1024 2003 1142 2057 haeredis
1157 2004 1246 2058 classe
1260 2005 1411 2071 collocasti,
1428 2022 1461 2060 ac
1475 2023 1520 2060 me
1540 2008 1679 2078 perditum
1693 2015 1779 2079 atque

136 2100 191 2159 set,
200 2093 238 2147 ad
248 2094 366 2148 alteram
378 2093 542 2164 petitionem
554 2110 667 2148 rursum
677 2110 707 2148 se
719 2092 935 2163 convestiasup-
980 2090 1111 2146 omnibus
1119 2092 1779 2167 bestiispraedamexpesitumexquisiistmm

136 2186 258 2256 plexque
273 2183 308 2237 ab
323 2201 357 2238 eo
370 2182 452 2255 petiit
465 2199 500 2236 ne
509 2198 607 2257 preces
617 2183 806 2237 snasemnine
817 2182 939 2252 neglige·
980 2186 1009 2235 et
1016 2197 1079 2235 eum
1089 2182 1123 2235 iis
1131 2181 1182 2237 Dei
1201 2182 1297 2236 eribus
1312 2200 1373 2254 quse
1387 2184 1504 2239 minime
1519 2184 1718 2241 aberraverant
1730 2187 1778 2240 ed-

136 2280 190 2340 ret,
199 2291 253 2328 nee
266 2291 297 2328 se
313 2265 390 2327 omni
401 2260 540 2326 intestitiae
550 2287 654 2342 genere
665 2272 938 2343 profligaret,verum
980 2271 1165 2343 pulasti(Lu-c.
1173 2274 1315 2343 xv),atque
1326 2272 1563 2345 compendiariam
1571 2275 1776 2329 veritatisaiam

135 2368 171 2418 ut
180 2362 317 2418 detritum
328 2361 397 2416 illud
405 2370 433 2415 et
443 2366 768 2433 asperumacvetustate
782 2360 938 2414 confectam
980 2361 1051 2415 mihi
1069 2361 1269 2416 demonstrasti
1279 2364 1362 2430 (Psoi.
1376 2364 1481 2433 unsar),
1499 2378 1599 2433 meque
1608 2362 1778 2418 detenebris

135 2451 255 2525 pallium
268 2457 337 2520 (tum
347 2451 382 2505 ad
392 2451 530 2520 religiosae
539 2450 666 2518 magistri
679 2450 723 2504 sui
734 2449 796 2503 ritae
807 2448 939 2503 refricari·
980 2455 1010 2505 et
1024 2449 1123 2504 umbra
1132 2451 1231 2505 mertis
1244 2451 1365 2506 eduxisti
1382 2453 1475 2517 (Lace,
1492 2459 1522 2518 ι),
1533 2469 1566 2507 ae
1575 2453 1660 2523 pedes
1671 2468 1749 2506 meos
1762 2467 1778 2506 e

134 2540 204 2595 &m
219 2541 396 2599 memoriam,
412 2540 515 2594 tumad
529 2538 690 2609 presidium
700 2537 938 2591 adversusomnes
979 2539 1088 2594 lubrica
1096 2544 1124 2594 et
1132 2541 1286 2595 exitiosaae
1296 2557 1428 2612 perversa
1438 2546 1558 2596 etcurva
1568 2540 1776 2608 viaextrasisti.

135 2630 250 2686 Satanae
266 2630 388 2696 afflatus)
405 2628 458 2682 sibi
468 2628 651 2699 relinqueret,
667 2633 752 2698 atque
766 2626 825 2697 ipse
841 2642 890 2697 pro
905 2642 938 2679 ee
979 2630 1081 2699 Magna
1092 2629 1433 2686 etadmiraadamihiate
1444 2629 1518 2684 bona
1528 2635 1591 2685 orta
1604 2634 1680 2695 snat,
1692 2634 1778 2700 atque

136 2710 213 2773 aliud
226 2718 384 2790 acciperet:
400 2734 456 2788 que
470 2717 585 2784 scilicet,
602 2717 705 2786 inquit,
723 2715 752 2769 id
771 2714 846 2785 quod
861 2731 878 2767 a
892 2730 938 2768 rue
979 2719 1129 2788 ejusmodi,
1141 2719 1454 2789 utsingularemeorum
1461 2719 1779 2789 magnitudinemanlla

131 2806 237 2862 datum
249 2807 342 2870 suerit,
359 2807 540 2878 perspiciens,
557 2805 725 2861 humilitatis
746 2820 817 2858 meae
830 2819 938 2857 memo·
980 2807 1069 2861 oratio
1078 2808 1318 2878 consequipossit.
1330 2809 1495 2879 Magnorum
1504 2809 1592 2879 igitur
1599 2809 1780 2880 ipseqneqne

137 2897 209 2953 riam
226 2897 357 2953 retineas.
979 2895 1662 2967 premeexignohomunculeipsinsbeneiicierum
1668 2897 1778 2953 utinam

172 2986 323 3041 Aitautem
334 3002 427 3040 senex:
437 2985 528 3039 ¹letus
538 2999 671 3038 meumac
680 2982 813 3037 detritum
821 2981 938 3053 pallium
980 2984 1019 3038 sis
1030 2984 1171 3055 particeps
1183 2985 1189 3037 l
1202 2995 1287 3055 atque
1300 2984 1327 3038 id
1345 2985 1419 3057 qued
1429 3002 1499 3040 meae
1509 2986 1665 3056 gratiaram
1674 2987 1777 3040 actieui

137 3075 189 3130 tibi
204 3075 371 3141 denodare,
388 3074 520 3145 aliudque
535 3089 637 3127 nevam
653 3072 850 3125 indumentum
865 3068 938 3125 acci-
960 3072 1061 3128 ‘deest
1070 3073 1180 3143 expleat
1190 3073 1335 3140 Dominus,
1349 3067 1481 3144 'quiselus
1495 3074 1695 3129 beneficiorum
1707 3074 1778 3129 rala-

136 3180 216 3236 pere,
229 3163 299 3217 mihi
309 3179 366 3217 nen
376 3162 590 3232 licetneexigui
599 3160 653 3215 mei
665 3159 768 3214 laberis
781 3159 939 3214 mercedem
979 3162 1056 3216 tione
1072 3176 1119 3216 ees
1133 3160 1183 3233 qui
1198 3161 1285 3232 ipsius
1298 3179 1393 3217 amere
1404 3163 1516 3233 praediti
1530 3168 1598 3217 sunt
1611 3166 1736 3234 superat

128 3250 182 3308 hic
190 3253 329 3324 recepisse
338 3253 434 3306 divina
448 3251 589 3307 sententia
598 3247 770 3322 pronuntiet.
786 3236 936 3316 Caeterum,
1015 3251 1145 3305 Bar-laam
1161 3256 1266 3318 autem,
1281 3251 1369 3322 ipsius
1379 3252 1601 3307 lamentationes
1613 3258 1775 3323 amputans,

137 3358 174 3397 ne
187 3341 361 3397 tuamanimi
370 3341 543 3395 alacritatem
559 3339 847 3405 retundam,vetusta,
859 3354 911 3391 nec
921 3353 939 3390 a
978 3341 1109 3406 surrexit,
1127 3345 1212 3411 atque
1228 3341 1264 3395 ad
1285 3341 1423 3395 orandum
1438 3359 1467 3395 so
1486 3341 1775 3412 comparavit,-mani-

137 3431 209 3486 meis
219 3431 372 3502 quidquam
383 3431 503 3490 diversa,
512 3445 547 3483 ea
556 3427 859 3497 indumentasint,qnae
867 3426 936 3480 mihi
977 3427 1085 3500 busque
1098 3429 1126 3482 in
1141 3430 1242 3483 cadum
1256 3427 1383 3494 sublatis,
1396 3428 1440 3483 his
1451 3429 1542 3483 verbis
1553 3446 1622 3485 usus
1631 3430 1775 3485 estzaeus

129 3519 188 3575 abs
200 3525 231 3574 te
240 3521 430 3591 porrigentur.
446 3519 530 3589 Regis
544 3518 639 3588 itaque
653 3517 738 3580 filius,
748 3532 814 3570 cum
823 3532 937 3586 asperos
977 3522 1006 3571 et
1020 3519 1103 3572 Pater
1112 3517 1228 3572 Domini
1242 3517 1331 3572 nestri
1341 3518 1775 3590 JesuChristi,quieaqureprins

137 3610 275 3681 quosdam
299 3626 332 3663 ac
353 3613 480 3663 vetustos
500 3623 608 3678 pannos
629 3606 810 3678 quaesivisset,
834 3621 936 3676 eosque
977 3606 1100 3661 tenebris
1121 3606 1241 3661 obducta
1263 3612 1353 3671 erant,
1379 3607 1440 3660 lnce
1454 3607 1611 3678 perfudisti,
1630 3613 1715 3678 atque
1729 3616 1790 3676 res'

137 3699 198 3753 seni
208 3698 341 3764 dedisset,
357 3699 447 3769 ipsius
459 3702 536 3751 veste
543 3696 662 3751 invicem
670 3701 794 3766 accepta,
803 3711 934 3765 rnagnam
976 3710 1074 3750 omnes
1088 3694 1225 3763 conditae,
1240 3703 1300 3750 tam
1315 3711 1377 3766 quae
1391 3700 1505 3767 aspectu
1516 3697 1678 3751 sentiuntur
1688 3712 1774 3768 quam

138 3787 204 3843 inde
218 3787 344 3843 laetitiam
359 3787 495 3857 concepit,
508 3786 606 3857 quavis
618 3801 745 3856 purpura
757 3801 789 3837 ac
801 3783 877 3853 regie
892 3800 936 3837 er·
977 3800 1039 3855 qus
1053 3784 1088 3838 ab
1103 3785 1248 3840 oculorum
1262 3801 1347 3840 sensu
1356 3791 1470 3840 remota
1480 3791 1555 3850 sunt,
1567 3801 1601 3841 ex
1612 3783 1775 3856 nihilepro-

137 3882 272 3931 eamcam
285 3875 356 3929 citra
371 3891 483 3931 omnem
498 3875 736 3945 comparationem
758 3872 935 3944 praestantia·
976 3871 1774 3944 duxisti,quifigmentumtunmeerrvertisti,necaespest

137 3980 196 4019 rem
211 3980 275 4019 eam
293 3964 466 4019 existimans.
976 3961 1169 4033 insipientiam
1185 3968 1309 4017 nestram
1332 3961 1410 4017 abire
1425 3962 1587 4034 permisisti,
1603 3964 1710 4034 gratias
1721 3963 1773 4018 tibi

171 4053 667 4123 DisinissrmnsautemBarlaamjam
673 4050 936 4122 jamquediscedere
977 4050 1096 4120 wreus,
1112 4067 1145 4104 ac
1157 4057 1213 4106 tua
1231 4051 1365 4122 potentiae
1379 4058 1407 4106 et
1421 4050 1575 4123 sapientia,
1593 4052 1644 4106 hee
1657 4057 1701 4106 est
1715 4053 1773 4106 Do·

136 4144 261 4216 capiens,
271 4160 305 4197 ea
319 4143 424 4215 quaead
437 4142 592 4197 discessum
606 4140 784 4211 pertinebant
801 4139 936 4210 loqueba·
977 4138 1054 4194 mine
1070 4145 1167 4194 nestro
1181 4141 1247 4194 lesu
1266 4139 1387 4205 Christ),
1408 4156 1556 4211 perquem
1571 4141 1658 4195 etiam
1671 4141 1773 4195 wala

136 4236 191 4299 mr,
215 4224 442 4303 postremamque
456 4231 528 4284 hanc
547 4229 602 4301 ipsi
619 4229 775 4283 doctrinam
796 4228 933 4283 adhibuit.
976 4227 1065 4282 fecisti
1076 4230 1184 4293 idean,
1195 4228 1770 4299 nosqueprolapsesetJ'aoentesexcitasti,

137 4319 309 4374 charissime
321 4320 418 4385 frater,
435 4320 536 4390 inquit,
556 4335 590 4372 ac
600 4319 765 4372 suavissime
783 4317 833 4379 sili,
850 4334 935 4388 quem
976 4316 1237 4387 etdelinqnentibus
1248 4306 1364 4387 ¹peecata
1375 4316 1515 4383 remisisti,
1528 4333 1622 4370 errore
1638 4322 1771 4386 vagantes

136 4424 186 4480 ego
201 4425 253 4480 per
267 4409 448 4479 Evangelium
461 4408 546 4479 genui
563 4411 587 4473 ll
599 4409 660 4464 Gor.
679 4411 726 4477 n),
738 4407 792 4461 seis
804 4407 849 4461 cui
865 4407 935 4478 Regi
946 4397 1121 4470 Dreduxisti,
1135 4405 1257 4476 captives
1272 4404 1426 4472 redemisti,
1444 4411 1535 4459 morte
1550 4405 1701 4461 exstinctos
1721 4422 1772 4477 per

137 4512 239 4552 nomen
261 4497 373 4562 dedisti,
395 4504 424 4551 et
443 4513 507 4551 cum
526 4513 581 4567 que
599 4503 680 4567 pacta
704 4495 823 4554 inivisti.
841 4496 934 4559 Quare
975 4493 1037 4548 Filii
1052 4493 1094 4547 tui
1108 4510 1141 4548 ac
1155 4494 1267 4548 Demim
1282 4495 1371 4549 nestri
1387 4494 1541 4565 pretiosum
1555 4493 1720 4564 sanguinem
1735 4495 1770 4549 ad

138 4586 217 4642 tirma
226 4602 363 4643 eaeerves
373 4602 486 4641 necesse
496 4594 547 4651 est,
559 4586 749 4656 atqueomnia
759 4585 864 4639 militiae
875 4600 934 4639 mn·
974 4583 1060 4637 vitam
1075 4584 1224 4641 revocasti.

136 4676 189 4742 aia,
199 4670 264 4747 quai
276 4674 307 4730 in
318 4675 480 4747 hujusmodi
486 4681 632 4746 pactorum
643 4675 892 4745 chartaprsesente
901 4690 933 4728 ae
1008 4671 1047 4726 Te
1058 4671 1145 4742 igitur
1154 4672 1267 4737 invoco,
1286 4678 1371 4744 atque
1385 4672 1561 4743 unigenitum
1573 4671 1676 4727 Filium
1689 4677 1770 4728 tuum

135 4768 267 4830 testante,
284 4770 368 4836 atque
378 4765 463 4821 etiam
478 4770 561 4836 pacta
583 4765 644 4835 ipsa
662 4765 764 4821 litteris
781 4764 932 4817 mandante
974 4765 1001 4814 et
1016 4761 1223 4816 sanctissimum
1234 4768 1317 4817 tuum
1331 4761 1629 4834 Spiritum.Respioein
1644 4763 1770 4818 eratione

134 4855 266 4909 universe
277 4854 384 4909 coelesti
394 4854 528 4920 sumita,
550 4853 714 4925 promisisti,
738 4853 824 4906 alacri
838 4853 932 4906 animo
974 4850 1121 4920 preditam
1135 4852 1208 4905 hanc
1218 4868 1307 4917 erem,
1319 4867 1441 4921 queeper
1454 4866 1500 4904 me
1513 4850 1662 4921 indignum
1682 4852 1772 4907 homi·

133 4943 309 5015 exsequaris,
325 4943 392 5007 Quae
407 4942 519 5013 quidem
534 4942 558 4996 si
569 4941 741 5013 praestiteris
751 4940 851 4995 beatus
864 4942 931 4997 eris.
974 4940 1081 4994 nemad
1091 4941 1180 4995 altare
1189 4945 1270 4995 tuum
1282 4939 1487 5011 accedit,atque
1496 4939 1772 5013 ipsiusanimamper

135 5032 273 5097 Quocirca
284 5032 335 5086 tibi
349 5032 553 5104 providendum
568 5038 610 5086 est
624 5031 738 5102 nequid
753 5031 933 5102 praesentium
973 5028 1107 5083 virtutem
1121 5046 1153 5084 ae
1162 5029 1283 5100 gratiam
1294 5035 1373 5083 tuam
1385 5029 1538 5083 sanctifica.
1554 5029 1647 5084 Visite
1659 5029 1771 5085 vineam

130 5136 226 5177 rerum
240 5122 310 5185 Dee,
323 5122 467 5193 ipsiusque
481 5121 561 5177 benis
577 5126 742 5192 anteponas.
765 5119 841 5184 Quid
857 5119 933 5174 enim
974 5117 1250 5189 hanclPsal.axx1s),
1263 5134 1383 5190 quaeper
1398 5117 1533 5190 Spiritum
1547 5125 1678 5174 mactum
1689 5126 1771 5175 tuum

130 5226 225 5266 rerum
243 5211 424 5282 pausantium
445 5216 556 5266 tantam
575 5210 692 5267 terreris
710 5210 810 5265 allerre
830 5214 930 5281 potest,
972 5207 1099 5278 plantata
1109 5213 1161 5273 est,
1178 5213 1263 5279 atque
1274 5208 1326 5261 hoc
1336 5206 1361 5261 ei
1375 5208 1420 5275 da,
1435 5213 1467 5262 ut
1476 5208 1594 5279 J'ustitim
1604 5208 1772 5263 sruotnmie-

128 5307 268 5370 quantum
283 5299 357 5371 ignis
367 5300 465 5355 aeterni
475 5301 627 5366 tuciatus,
640 5300 689 5372 qui
703 5300 744 5359 ita
757 5297 933 5363 ardet,utin-
973 5303 1017 5351 rat
1032 5315 1038 5364 3
1056 5296 1205 5350 corrobora
1219 5313 1294 5362 eum,
1318 5298 1430 5368 pactum
1444 5303 1526 5352 tunm
1550 5299 1654 5369 inipso
1666 5298 1769 5352 cendr-

128 5390 215 5445 terim
226 5390 299 5444 lueis
312 5390 405 5444 omnis
416 5405 515 5460 expers
530 5391 575 5456 sit,
589 5405 776 5460 necunquam
796 5387 932 5442 exurendi
973 5403 1054 5441 niens
1066 5405 1073 5451 3
1087 5403 1119 5441 ae
1133 5402 1183 5457 per
1205 5385 1270 5440 beni
1293 5387 1335 5440 tui
1358 5387 1479 5458 Spiritus
1495 5387 1663 5458 sapientiam
1675 5402 1740 5441 eum
1754 5402 1773 5438 a

127 5480 213 5533 linem
228 5479 327 5534 faciat‘l
336 5481 376 5533 Ac
386 5494 510 5545 rursum,
519 5479 661 5550 quodnam
676 5484 718 5532 est
733 5478 818 5549 hujus
832 5476 929 5531 mundi
972 5474 1076 5531 diaboli
1090 5475 1187 5531 hunde
1202 5480 1287 5546 atque
1301 5462 1458 5548 impostura
1470 5478 1556 5547 eripe.
1568 5477 1643 5530 Dece
1657 5490 1722 5535 eum
1730 5473 1772 5526 sa-

161 5567 172 5602 ¹
189 5568 249 5624 llec
263 5568 390 5640 intell'ge
403 5568 440 5623 de
454 5566 673 5639 divitiisquibus
683 5566 787 5639 aliquis
793 5565 927 5623 abutitur.
