3818 6120
144 238 195 297 ssr
655 229 702 287 nr
720 231 815 287 vmrs
833 227 982 287 rnrauu
1001 228 1108 285 crana
1126 227 1272 285 ramus.
1728 231 1779 290 552

143 365 286 437 phionem,
303 360 462 423 Herculem,
476 355 782 429 Apollinem,Dianam,
795 353 1040 418 Perseum,Atras
1053 351 1213 417 habentem,
1228 351 1373 422 solamque
1402 366 1465 405 cum
1489 350 1605 406 canibus
1618 356 1779 423 vagantem,

146 456 290 509 Castorem
308 457 337 505 ct
350 448 501 513 Pollucem,
518 448 664 512 Helenam,
684 444 817 509 Minoem,
831 442 941 497 Rhada·
980 446 1013 496 ut
1026 458 1138 496 cervum
1166 446 1217 495 ant
1235 457 1333 512 aprum
1354 439 1523 512 intercipiat.
1542 442 1671 505 Quonam
1695 441 1782 513 igitur

145 548 281 605 mantum,
298 538 500 609 Sarpedonem,
517 541 545 590 ct
560 551 659 590 novem
684 532 751 586 item
773 532 854 597 silias,
871 547 941 601 quas
981 532 1064 585 modo
1077 531 1130 585 dea
1143 531 1198 585 erit
1207 530 1333 585 senatrix
1347 530 1456 596 mulier,
1465 535 1494 584 et
1501 548 1566 585 cum
1575 530 1695 586 canibus
1705 531 1782 586 ober-

144 634 237 687 Musas
251 633 423 698 nuncupant.
981 619 1069 674 rans?

179 722 219 774 Ac
231 719 345 772 demum
369 717 403 770 de
420 714 583 787 Ganymede
607 727 764 767 sermonem
795 710 940 763 inducunt.
1018 711 1163 764 Postremo
1186 710 1324 764 Venerem
1349 709 1434 764 etiam
1454 710 1535 763 deam
1550 727 1612 764 esse
1627 709 1786 764 adulteram

144 809 214 864 Hinc
229 808 333 877 itaque,
351 823 366 859 o
391 823 448 869 rex,
471 802 632 858 hominibus
654 799 779 870 contigit,
803 798 883 852 utad
897 795 942 851 dei
983 797 1090 854 dicunt.
1110 799 1268 870 Aliquando
1283 798 1357 853 enim
1375 815 1438 852 cum
1459 801 1547 854 Marte
1559 797 1723 863 concubuit,
1738 797 1786 852 nli·

144 898 188 952 sui
202 896 388 951 imitationem
400 893 560 948 haecomnia
575 891 760 954 imitarentur,
768 893 852 958 atque
862 886 943 941 adul·
984 888 1096 959 quando
1107 905 1172 942 curn
1182 887 1313 954 Anchise,
1322 886 1473 958 aliquando
1483 904 1547 941 cum
1559 888 1787 957 Adonide,cujus

143 987 196 1042 teri
211 984 455 1050 cssent‚ctinsano
469 980 656 1036 masculorum
667 980 941 1041 amoretenerentur,
984 977 1069 1030 etiarn
1084 982 1204 1031 mortem
1216 976 1352 1046 deplorat,
1373 976 1512 1030 aurasium
1524 993 1606 1030 suum
1622 975 1782 1047 requirens.

142 1083 171 1131 et
185 1076 242 1129 alia
252 1074 392 1128 horrenda
405 1072 513 1141 flagitia
527 1075 731 1141 perpetrarent.
741 1063 936 1134 Quoniamigi·
984 1066 1058 1130 Quin
1072 1065 1157 1120 etiam
1171 1082 1234 1118 earn
1263 1065 1298 1118 ad
1318 1064 1422 1119 interos
1448 1065 1624 1119 descendisse
1650 1065 1742 1127 aiunt,
1754 1072 1787 1120 ut

143 1174 190 1220 tur
205 1164 287 1218 modo
301 1163 362 1216 sseri
374 1166 466 1233 potest
491 1165 523 1214 ut
542 1159 617 1213 Deus
640 1156 751 1211 adulter
762 1156 808 1220 sit,
824 1160 874 1208 aut
887 1169 941 1224 pac-
982 1154 1139 1208 Adonidem
1158 1154 1359 1225 aProserpina
1386 1155 1549 1211 redimeret.
1576 1154 1717 1210 Vidistine
1736 1171 1787 1209 un·

142 1255 212 1318 dico,
231 1257 280 1307 aut
293 1250 451 1323 parricida?
981 1260 1078 1313 quam,
1093 1261 1109 1297 o
1123 1259 1181 1308 rcx,
1197 1243 1367 1297 dementiam
1392 1243 1445 1297 hac
1468 1243 1631 1314 majorem?
1642 1243 1726 1297 deam
1742 1242 1785 1297 ui·

179 1342 252 1407 Quin
267 1341 422 1395 Vulcanum
438 1337 523 1392 ctiam
538 1335 688 1406 quemdam
710 1333 793 1387 deum
809 1348 869 1386 esse
884 1337 940 1385 tra·
981 1333 1084 1386 mirnm
1099 1333 1240 1398 inducere,
1252 1350 1312 1403 quae
1326 1331 1458 1386 adulterii
1472 1333 1589 1387 celmine
1611 1349 1643 1386 sc
1665 1331 1786 1387 obstrin-

144 1430 223 1496 dnnt,
232 1445 352 1499 eumque
363 1426 503 1489 claudum,
515 1425 704 1493 malleumque
714 1420 886 1490 acforcipem
896 1424 940 1473 te·
966 1404 1039 1492 gat,
1056 1429 1085 1476 et
1096 1423 1187 1493 ploret
1196 1439 1228 1477 ac
1240 1423 1419 1476 lamentetur.

144 1525 266 1585 nentem,
286 1523 314 1572 ct
325 1517 433 1571 feraria
448 1515 502 1569 arti
530 1514 619 1567 rictus
646 1527 730 1566 causa
744 1509 941 1580 operamdan·
1017 1511 1172 1565 Adonidenr
1191 1517 1286 1566 autern
1314 1511 1401 1565 etiam
1427 1511 1511 1565 deum
1526 1518 1690 1566 venatorem
1706 1512 1787 1567 indu·

142 1615 209 1663 tem.
220 1609 292 1678 Ergo
303 1623 397 1661 rerum
408 1604 526 1677 penuria
534 1600 687 1656 laborabat.
700 1599 785 1669 Atqui
798 1615 814 1652 a
828 1597 885 1652 Deo
895 1595 943 1651 ab
983 1605 1059 1667 cunt,
1078 1617 1198 1671 eumque
1223 1601 1258 1655 ab
1281 1618 1349 1672 apro
1371 1618 1534 1672 percussum
1556 1602 1682 1656 uiolenta
1696 1606 1787 1657 morte

141 1699 248 1764 horret,
259 1696 389 1751 claudum
402 1710 471 1757 csse,
489 1698 573 1762 atque
588 1690 735 1743 hominum
745 1704 797 1758 opc
805 1687 940 1756 indigere.
950 1689 1122 1770 Bintcriisse
1137 1690 1226 1750 aiunt,
1241 1707 1292 1744 nec
1306 1691 1336 1744 in
1350 1690 1511 1760 hujusmodi
1521 1690 1686 1744 calamitate
1705 1707 1787 1762 opem

179 1787 281 1841 Adhecc
292 1783 461 1839 Mercurium
476 1778 735 1835 etiamnohisdeum
746 1775 941 1845 inducunt‚qui
982 1778 1034 1833 sibi
1049 1778 1101 1848 ipsi
1112 1779 1212 1833 allerre
1225 1776 1359 1850 potuisse..
1376 1780 1504 1842 Quonam
1522 1779 1619 1851 itaque
1641 1784 1726 1850 pacto
1740 1781 1789 1835 ho·

142 1875 260 1946 cupidus
275 1874 322 1939 sit,
335 1879 364 1927 et
388 1872 442 1936 fur,
465 1877 494 1924 et
508 1885 617 1934 avarus,
636 1874 665 1921 et
685 1882 793 1936 magus,
816 1870 844 1918 ct
857 1864 942 1919 versi·
982 1867 1090 1921 minum
1103 1885 1199 1922 curam
1211 1873 1292 1938 geret
1306 1868 1416 1922 adulter
1428 1873 1457 1922 et
1469 1873 1593 1935 venator,
1612 1869 1723 1940 quique
1731 1869 1788 1924 rio·

141 1965 232 2036 pellis,
248 1980 280 2017 ac
293 1976 455 2016 sermonum
477 1959 625 2029 interpres.
643 1955 722 2020 Quod
746 1955 859 2025 quidem
873 1953 940 2007 item
983 1958 1058 2012 lenta
1072 1963 1162 2011 morte
1175 1958 1302 2012 interiit?

142 2054 170 2107 in
186 2052 237 2108 Dei
251 2056 381 2106 naturam
395 2048 511 2103 minime
524 2047 608 2102 cadit.
1018 2046 1083 2100 llaec
1097 2046 1193 2100 omnia
1202 2063 1234 2099 ac
1244 2046 1334 2099 multa
1346 2045 1402 2099 alia
1413 2045 1651 2114 ejusmodiadhuc
1663 2046 1785 2102 soediora

178 2140 366 2210 AEsculapium
382 2139 497 2208 insuper
517 2137 546 2189 in
561 2136 676 2189 deorum
693 2150 810 2187 numero
824 2131 938 2199 habent,
981 2140 1010 2189 et
1023 2135 1211 2202 sceleratiora,
1227 2152 1244 2189 o
1265 2152 1322 2201 rex,
1340 2137 1374 2191 de
1388 2137 1442 2191 diis
1457 2135 1515 2189 suis
1529 2135 1619 2190 Greci
1635 2135 1785 2203 inducunt

142 2230 190 2302 qui
201 2229 325 2283 medicus
338 2233 408 2293 crat,
430 2232 458 2280 ct
482 2226 633 2295 pharmaca
655 2228 748 2289 302
764 2220 937 2286 conficiebat,
981 2242 1043 2294 quar
1057 2241 1108 2279 ncc
1122 2224 1224 2290 dicore,
1240 2242 1292 2280 nec
1306 2226 1441 2280 memoria
1462 2224 1619 2279 ullomodo
1644 2238 1787 2297 usurpare

140 2325 227 2389 atque
242 2318 404 2388 emplastra,
420 2315 508 2368 victus
522 2313 641 2385 parandi
653 2328 738 2365 causa
750 2313 825 2378 lnam
839 2310 867 2363 in
878 2325 940 2380 ege·
981 2313 1023 2366 sas
1037 2318 1088 2367 est.
1106 2313 1184 2368 Unde
1199 2314 1327 2369 homines
1343 2315 1428 2369 adiis
1441 2314 1499 2369 suis
1522 2313 1703 2368 occasionem
1718 2314 1786 2369 arri·

139 2501 202 2567 pter
214 2493 354 2566 Tyndarei
373 2490 576 2547 Lacedaemonii
599 2488 689 2542 hlium
709 2490 807 2542 aJove
821 2486 939 2540 fulmine
979 2509 1069 2561 genus
1079 2499 1286 2563 perpetrarunt,
1304 2493 1450 2547 horrendis
1474 2492 1588 2563 flagitiis
1600 2492 1660 2546 suis
1676 2500 1785 2548 terram

141 2599 305 2655 percussum
321 2581 459 2635 interiissc
478 2585 604 2633 narrant.
621 2577 701 2641 Quod
718 2577 742 2629 si
752 2575 937 2646 AEsculapius,
980 2586 1009 2634 ct
1023 2597 1117 2635 aerem
1131 2581 1364 2638 contaminantes

139 2690 203 2727 cum
214 2673 283 2726 deus
302 2677 385 2738 esset,
403 2687 435 2724 ac
450 2669 567 2723 fulmine
594 2672 798 2738 percuteretur,
814 2664 867 2718 sibi
886 2663 939 2735 ipsi
1016 2670 1139 2741 AEgyptii
1154 2677 1248 2725 autem
1260 2686 1307 2724 eos
1314 2670 1435 2724 stultitia
1443 2675 1473 2724 et
1481 2670 1635 2725 stoliditate
1648 2688 1787 2743 superan-

138 2761 270 2832 0pitulari
284 2759 418 2831 nequivit,
434 2758 482 2829 qui
496 2756 777 2825 tandcmaliisopem
796 2753 869 2808 ferre
888 2770 940 2824 po·
980 2764 1033 2824 tes,
1048 2760 1161 2829 gravius
1189 2776 1274 2830 quam
1294 2760 1360 2814 ullae
1382 2759 1443 2814 aliae
1458 2759 1587 2813 nationes
1603 2760 1784 2816 aberrarunt

141 2851 230 2904 terit?
980 2848 1077 2918 Neque
1092 2848 1167 2902 enim
1183 2849 1344 2904 Graecorum
1372 2848 1439 2902 deos
1453 2848 1580 2902 venerari
1595 2848 1666 2903 satis
1682 2848 1787 2906 habue-

176 2941 248 2995 Mars
262 2939 348 2993 ctiam
361 2936 396 2992 ab
410 2937 445 2990 iis
460 2936 529 2990 deus
543 2934 607 2988 belli
622 2933 764 2988 studiosus
787 2938 816 2987 ct
826 2932 938 2986 iracun·
980 2941 1056 3004 runt;
1070 2937 1291 3008 reruminsnper
1299 2937 1382 2993 bruta
1392 2937 1558 3004 animantia,
1566 2941 1626 2991 tarn
1635 2938 1786 2993 terrestria

139 3029 201 3095 dus,
219 3045 251 3082 ac
265 3028 403 3099 pecudum
419 3026 594 3095 aliarumque
621 3040 716 3077 rerum
731 3022 847 3094 cupidus
860 3021 940 3075 indu·
950 3031 1063 3095 ssqnam
1079 3025 1109 3080 in
1125 3026 1205 3096 aquis
1219 3027 1359 3096 degentia,
1375 3032 1434 3080 tarn
1449 3027 1550 3097 stirpes
1569 3044 1656 3097 quam
1672 3028 1784 3098 plantas

139 3118 220 3172 citur.
233 3117 323 3181 Quem
338 3117 406 3170 item
419 3120 526 3186 postea,
540 3130 605 3168 cum
619 3113 758 3166 Venerem
777 3116 939 3182 constupra·
979 3114 1008 3167 in
1025 3114 1142 3169 deorum
1156 3131 1273 3169 numero
1287 3115 1456 3178 habuerunt,
1472 3119 1556 3186 atque
1572 3115 1651 3169 omni
1667 3115 1783 3171 insanis

138 3217 190 3276 ret,
206 3227 224 3263 a
237 3225 325 3280 puero
332 3207 469 3277 Cupidine
485 3203 648 3259 acVulcano
663 3202 781 3256 vinculis
792 3200 939 3256 astrictum
979 3204 1140 3259 aclibidinis
1148 3220 1251 3274 genere
1260 3204 1374 3275 gravius
1393 3221 1479 3274 quam
1489 3205 1793 3290 ullaeterrtenatioaes‘

138 3299 223 3353 fuisse
237 3298 343 3351 dicunt.
360 3296 414 3361 Qui
427 3295 514 3365 igitur
528 3294 602 3348 Deus
611 3292 634 3346 is
649 3309 709 3346 csse
721 3298 816 3362 queat,
830 3290 877 3361 qui
891 3306 940 3344 cu·
979 3310 1040 3347 sese
1057 3300 1288 3364 conspurcarunt.
1302 3293 1466 3364 Antiquitas
1481 3293 1556 3347 enim
1583 3293 1692 3348 Isidem
1713 3294 1780 3349 cole·

137 3388 253 3460 piditatc
266 3389 377 3457 flagrat,
394 3402 427 3439 ac
440 3383 519 3438 bellis
532 3382 697 3447 delectatur,
713 3381 938 3450 adulteriumque
978 3383 1056 3447 bant,
1073 3382 1163 3437 uirum
1183 3382 1266 3436 simul
1280 3398 1313 3435 ac
1326 3382 1441 3436 fratrem
1457 3381 1597 3436 Osiridem
1614 3382 1776 3447 habentem,

138 3487 290 3552 perpetrat,
308 3497 340 3534 a‘:
355 3477 472 3532 vinculis
487 3474 707 3544 constringitur?
979 3472 1027 3544 qui
1043 3471 1156 3526 afratre
1166 3471 1360 3542 suoTyphone
1374 3470 1557 3525 obtruncatus
1568 3477 1622 3526 est.
1632 3472 1729 3543 anue
1746 3473 1775 3527 de

174 3571 296 3624 Rursum
311 3575 406 3622 autem
422 3566 562 3622 Bacchum
589 3563 664 3617 inter
685 3564 752 3617 deos
775 3568 936 3629 numerant,
978 3577 1063 3615 causa
1073 3561 1125 3616 Isis
1135 3577 1197 3614 cnm
1208 3560 1265 3613 filio
1277 3576 1328 3614 sno
1339 3560 1394 3615 Oro
1413 3560 1443 3614 in
1459 3558 1578 3631 Byblum
1596 3560 1689 3632 Syrius
1700 3560 1773 3633 fugit

137 3659 352 3715 nocturnalesta
364 3653 743 3722 celebrantemtemulentitc
756 3653 935 3723 magistrum,
978 3649 1118 3704 Osiridcm
1133 3665 1271 3720 quarens,
1283 3654 1367 3719 atque
1384 3647 1482 3703 acerbe
1501 3649 1676 3716 lamentans,
1688 3648 1773 3722 'quoad

138 3751 313 3820 aliorumque
325 3763 423 3801 uxores
432 3742 935 3808 abstrahentem,suroremstuantem,
977 3738 1092 3792 tandem
1107 3740 1179 3793 Orus
1186 3737 1328 3800 crevisset,
1344 3754 1377 3791 ac
1386 3738 1550 3809 Typhonem
1566 3738 1601 3793 de
1616 3730 1711 3794 medio
1723 3755 1772 3794 sus·

137 3838 300 3909 lugientem,
317 3853 348 3889 ac
375 3840 517 3906 postremo
532 3832 710 3888 aTitanibus
728 3830 936 3885 obtruncatum.
978 3827 1098 3881 tulisset.
1115 3827 1187 3896 Ergo
1202 3844 1253 3881 aec
1278 3827 1329 3881 lsis
1348 3826 1427 3880 fratri
1442 3843 1492 3881 suo
1506 3843 1539 3880 ac
1553 3827 1614 3881 viro
1637 3828 1769 3900 suppetias

137 3928 216 3992 Quod
228 3927 253 3981 si
269 3926 393 3980 bacchus
407 3940 471 3978 cnm
486 3922 709 3986 interimeretur,
730 3919 783 3973 sibi
805 3919 859 3989 ipsi
874 3920 935 3989 opi·
978 3917 1050 3971 ferre
1063 3916 1162 3987 potuit,
1178 3932 1230 3970 nec
1246 3915 1345 3981 Osiris,
1362 3932 1425 3969 curn
1442 3933 1460 3968 a
1472 3915 1610 3987 Typhone
1625 3918 1768 3973 trucidare

136 4018 221 4072 tulari
237 4033 292 4071 non
307 4015 407 4086 potuit,
422 4029 520 4067 rerum
536 4017 564 4066 et
583 4012 677 4066 surore
698 4026 821 4082 praeceps
835 4007 938 4079 ageba·
977 4011 1033 4072 tur,
1047 4005 1099 4060 sihi
1114 4005 1168 4075 ipsi
1195 4004 1299 4059 auxilio
1324 4021 1384 4059 cssc
1399 4004 1499 4075 potuit,
1514 4021 1568 4059 nec
1590 4006 1715 4079 denique
1726 4006 1768 4076 Ty·

136 4112 192 4174 tur,
208 4115 236 4160 ct
250 4104 379 4159 ebrietati
403 4100 542 4167 studebat,
565 4105 594 4155 et
610 4097 794 4171 profugiebat,
812 4112 934 4168 quonam
976 4095 1050 4167 phun
1064 4093 1217 4173 fratricida,
1231 4110 1296 4148 cum
1309 4094 1334 4147 ei
1345 4093 1379 4147 ab
1395 4095 1451 4148 Oro
1473 4099 1502 4148 et
1515 4093 1590 4148 lside
1605 4096 1721 4151 exitium
1733 4093 1766 4148 as·

135 4201 217 4267 pacto
231 4195 301 4249 deus
312 4211 373 4248 esse
389 4191 496 4263 queat?
975 4183 1089 4250 seretur,
1106 4182 1229 4254 scipsum
1244 4200 1262 4236 a
1275 4187 1365 4236 morte
1381 4182 1530 4237 vindicare.
1549 4183 1586 4238 Et
1598 4189 1699 4240 tamen
1714 4198 1767 4238 eum

168 4286 241 4341 Tum
257 4290 352 4339 antem
368 4282 515 4336 Herculem
531 4278 681 4343 inducunt,
695 4278 743 4350 qui
759 4294 789 4332 se
809 4276 872 4330 vino
888 4275 935 4330 ob-
975 4273 1004 4327 hi
1019 4272 1053 4327 ob
1070 4272 1230 4342 hujusmodi
1245 4271 1420 4326 calamitates
1433 4272 1469 4326 ad
1483 4272 1634 4328 hominnm
1648 4274 1764 4329 aeddan

135 4380 209 4441 ruat,
226 4379 311 4443 atque
322 4373 351 4424 in
365 4371 489 4424 furorem
504 4375 578 4432 ruat,
594 4384 715 4439 suosque
730 4367 803 4422 Alios
810 4367 932 4437 jugulet,
941 4390 966 4448 D
975 4361 1177 4433 pervenissent,
1190 4378 1207 4415 a
1219 4360 1313 4415 stultis
1327 4361 1464 4432 AEgyptiis
1479 4361 1516 4414 dii
1531 4361 1624 4416 habiti
1639 4369 1713 4418 sunt.

135 4481 167 4517 ac
182 4460 283 4515 deinde
306 4458 427 4511 llammis
441 4456 606 4527 absumptus
620 4458 750 4510 intereat.
767 4457 821 4521 Qui
839 4461 934 4510 autem
1012 4450 1085 4515 Quin
1099 4466 1191 4521 neque
1214 4450 1258 4503 his
1273 4455 1323 4504 aut
1338 4449 1454 4520 reliquis
1468 4449 1597 4520 gentium
1614 4450 1765 4506 numinibus

136 4552 211 4606 Deus
226 4564 287 4602 csse
302 4547 326 4600 is
350 4551 443 4615 queat,
456 4544 504 4614 qui
520 4560 550 4597 se
573 4545 637 4598 rino
660 4544 762 4610 obruit,
786 4561 819 4598 ac
831 4544 934 4599 libcros
976 4538 1634 4604 contenti,brutaenimanimantiainrexerunt.
1644 4537 1766 4596 Nonnulli

136 4654 201 4691 suos
212 4635 370 4698 obtruncat,
381 4632 509 4702 ignisque
517 4630 618 4684 ardore
629 4632 865 4700 conllagratthut
879 4647 934 4702 quo
976 4628 1080 4682 etenim
1094 4629 1220 4698 ipsorum
1235 4644 1324 4694 orem,
1340 4627 1389 4681 alii
1405 4626 1524 4693 hircum,
1541 4629 1590 4682 alii
1615 4630 1730 4684 vitulum
1743 4633 1767 4681 et

135 4725 250 4779 tandem
265 4724 347 4778 modo
363 4721 424 4776 aliis
439 4719 542 4774 auxilio
554 4735 614 4773 esse
626 4718 739 4789 poterit,
757 4719 805 4789 qni
819 4718 872 4773 sibi
886 4736 934 4774 au·
976 4735 1067 4784 suem,
1082 4717 1130 4771 ulii
1153 4733 1266 4771 cerrum
1288 4721 1317 4770 et
1337 4716 1506 4788 accipitrem,
1523 4717 1572 4771 alii
1587 4719 1727 4774 vulturem
1743 4720 1768 4769 et

134 4809 231 4863 xillum
247 4810 347 4863 allerre
359 4823 415 4860 non
430 4803 543 4876 potuit?
975 4806 1110 4878 aquilam,
1126 4805 1175 4859 alii
1188 4804 1376 4872 crocodilum;
1394 4805 1507 4877 quidam
1517 4805 1614 4873 selem,
1630 4814 1766 4869 etesnem,

171 4899 310 4953 Praeterea
332 4895 491 4967 Apollinem
519 4888 665 4959 inducunt,
676 4891 781 4946 inuidia
806 4891 933 4946 laboran-
975 4900 1004 4948 et
1018 4895 1124 4966 lupum,
1141 4900 1169 4948 ct
1182 4894 1303 4959 simiam,
1318 4898 1347 4947 cl
1360 4893 1520 4954 draconem,
1534 4892 1768 4967 etaspidem3alii

134 4991 202 5052 tem,
216 4993 301 5057 atque
327 5002 422 5039 arcum
439 4989 468 5037 et
494 4984 666 5054 pharetram.
683 4998 715 5034 ac
729 4997 931 5052 nonnunquam
974 5001 1066 5056 cepas,
1082 4989 1111 5038 et
1130 4984 1194 5049 alia,
1211 4990 1240 5036 et
1268 4982 1373 5054 spinas,
1388 4989 1559 5055 caeterasque
1581 5001 1631 5040 res
1649 4985 1768 5041 conditas

135 5074 221 5129 ctiam
232 5074 369 5128 citharam
384 5078 413 5126 et
433 5072 531 5126 tibiam
547 5077 700 5136 tenentem,
717 5070 932 5142 hominibusque
973 5072 1332 5127 coluerunthchomines
1349 5072 1445 5127 miseri
1460 5073 1530 5127 nihil
1545 5074 1664 5130 omnino
1675 5073 1768 5129 ririum

133 5170 256 5235 quaestns
270 5179 353 5217 causa
366 5161 496 5216 vaticinia
507 5162 646 5216 edentem.
659 5159 765 5229 Egebat
780 5160 876 5229 igitur.
884 5163 933 5215 At·
974 5161 1018 5215 his
1032 5162 1162 5216 omnibus
1177 5161 1261 5216 rebus
1276 5161 1368 5215 inesse
1385 5162 1522 5217 sentiunt.
1533 5163 1609 5218 Nam
1630 5181 1695 5219 curn
1709 5164 1769 5218 deos

132 5253 181 5324 qui
191 5252 254 5305 sreri
266 5268 321 5306 non
335 5255 427 5321 potest
440 5255 473 5304 ut
486 5251 560 5305 Deus
575 5256 657 5321 egeat
668 5255 697 5306 et
710 5249 843 5317 invideat,
852 5257 881 5304 et
896 5250 932 5304 ci·
973 5267 1039 5305 suos
1054 5251 1090 5304 ab
1103 5251 1165 5305 aliis
1182 5250 1342 5306 hominibus
1352 5256 1381 5305 et
1394 5251 1510 5318 comedi,
1525 5258 1553 5306 ct
1564 5253 1635 5324 igns
1644 5252 1767 5317 cremari

130 5342 275 5397 tharoedus
290 5340 335 5394 sit.
973 5343 1002 5393 ct
1012 5340 1137 5410 jugulari
1147 5345 1232 5411 atque
1247 5339 1389 5411 corrumpi
1400 5339 1523 5408 rideant,
1530 5357 1589 5395 non
1603 5346 1770 5414 tameupm·

167 5430 271 5485 Eodem
283 5428 369 5484 etiam
383 5427 465 5482 modo
474 5428 592 5482 Dianam
603 5427 691 5499 ipsius
708 5444 833 5483 sororem
848 5427 929 5482 indu·
971 5428 1035 5483 inde
1048 5445 1095 5483 eos
1109 5430 1176 5484 deos
1186 5446 1243 5483 non
1257 5445 1319 5483 csse
1328 5427 1537 5485 intellexerunt.

130 5525 208 5587 cunt,
224 5517 366 5574 venationi
378 5516 549 5585 studentem,
564 5523 650 5588 atque
674 5532 771 5572 arcum
785 5522 814 5571 ct
829 5517 929 5588 phare·
1007 5517 1142 5582 Quocirca
1157 5535 1259 5590 magno
1274 5534 1369 5572 errore
1383 5523 1445 5574 tum
1459 5519 1599 5592 AEgyptii,
1618 5527 1684 5578 tum
1697 5519 1775 5578 Chal-
