3832 6120
131 281 183 341 535
492 282 496 287 ’
647 278 696 335 DE
712 280 807 335 VITIS
826 280 975 336 PATRUM
993 281 1101 337 LIBER
1119 280 1264 337 ramus.
1720 273 1776 332 535

131 411 191 464 lum
211 424 334 479 unquam
356 411 466 459 tautum
486 405 615 458 maeroris
634 421 665 457 ex
686 405 743 458 filio
758 404 1080 466 contraxisseAinheias
1095 406 1203 460 iverim.
1217 406 1352 461 Tenebris
1375 406 1450 459 enim
1466 405 1534 475 suga
1543 401 1664 468 relictis,
1680 400 1716 456 ad
1729 401 1776 455 lu-

130 499 224 562 eredo,
241 502 376 568 quantum
393 510 467 547 nune
489 511 521 546 ex
541 498 569 546 te
593 494 728 546 contrairi.
745 495 836 547 llleam
857 493 933 547 enim
974 511 1034 549 cem
1055 495 1173 558 accurri,
1193 512 1225 549 ac
1240 496 1336 550 relicto
1352 511 1448 549 errore
1462 494 1498 548 ad
1509 493 1658 547 veritatem
1669 507 1713 544 me
1727 490 1778 543 ad·

79 594 82 599 ’
132 587 263 641 canitiem
275 586 409 638 dedecore
419 582 544 649 allecisti,
556 600 588 636 ac
600 583 690 636 lucem
701 583 844 637 oculorum
859 599 934 636 meo·
972 584 1052 654 iunxi
1070 602 1075 637 ε
1094 584 1248 655 nuntioque
1272 583 1446 639 damonibus
1468 582 1595 648 remisso,
1621 580 1658 634 ad
1672 578 1779 634 Christi

133 692 196 729 rum
212 673 363 736 abstulisti,
384 689 591 742 nervorumque
612 688 738 726 meorum
763 671 848 725 robur
863 671 935 725 exci·
974 674 1087 728 ordines
1102 691 1147 728 me
1157 674 1326 745 contuli,qui
1337 674 1387 728 Dei
1399 672 1493 727 Patris
1507 671 1593 726 Filius
1607 686 1640 724 ac
1652 667 1779 724 Verbum

133 765 209 818 disti.
225 764 321 817 Timor
335 762 420 825 euim,
445 776 529 831 quem
544 766 594 815 tua
612 777 697 815 causa
714 761 859 826 timebam,
874 777 935 814 eve·
975 769 1027 829 cst,
1045 765 1181 834 cujusque
1198 763 1284 817 verbo
1298 763 1393 817 omnia
1410 779 1442 815 ex
1457 762 1546 815 nihilo
1558 760 1588 814 in
1603 764 1697 813 ortum
1712 773 1780 828 pro·

135 852 177 906 nit
191 852 280 907 mihi:
296 859 325 904 et
339 851 413 922 quod
428 850 553 911 verebar,
570 850 670 903 accidit
680 850 759 903 mihi.
776 850 935 920 Factusque
976 853 1061 906 ducta
1074 857 1149 919 sunt,
1167 852 1271 923 quique
1291 851 1382 906 efficto
1405 867 1421 904 e
1440 855 1517 904 terra
1531 848 1647 903 homine
1664 847 1780 901 vitalem

135 958 197 995 sum
213 941 341 994 hostibus
356 940 425 993 meis
439 939 636 1005 inludibrium,
655 944 683 992 et
697 939 726 992 in
738 939 826 992 risum
840 940 936 992 adver·
977 941 1030 1011 ipsi
1044 941 1174 1012 spiritum
1188 940 1351 1004 insufflavit,
1364 956 1484 1010 eumque
1502 939 1532 993 in
1539 937 1690 1008 voluptatis
1699 951 1783 1007 para·

136 1029 219 1084 sariis
232 1029 303 1083 meis
320 1030 384 1096 (lob.
399 1032 451 1096 ιιι).
469 1029 561 1083 Stulta
574 1033 668 1082 mente
680 1044 712 1080 ac
726 1027 826 1098 puerili
841 1028 936 1082 animo
977 1030 1047 1097 diso,
1072 1037 1104 1084 ut
1131 1030 1187 1084 illic
1210 1031 1333 1099 degeret,
1359 1029 1513 1084 collocavit.
1538 1027 1664 1096 Cumque
1691 1024 1783 1096 ipsius

137 1118 323 1189 impostorum
344 1115 435 1170 verbis
454 1117 538 1169 sulem
553 1115 714 1179 adhibuisti,
732 1120 816 1186 atque
830 1116 936 1186 impro·
977 1119 1143 1173 mandatum
1156 1119 1297 1182 violasset,
1308 1117 1449 1187 mortique
1463 1115 1581 1187 proinde
1591 1115 1784 1169 obnoxiumse

130 1207 237 1262 borum
252 1212 281 1261 et
294 1207 494 1261 malevolorum
508 1206 653 1259 hominum
663 1204 810 1259 eonsilium
820 1205 936 1259 consilio
978 1208 1156 1274 reddidisset,
1172 1213 1257 1278 atque
1281 1206 1414 1261 horrendi
1434 1204 1532 1259 mundi
1548 1204 1682 1275 principis
1701 1208 1785 1274 piete-

139 1312 202 1349 meo
214 1295 357 1365 antiquius
366 1295 480 1360 habens,
493 1295 647 1348 acdeorum
658 1300 819 1348 nostrorum
830 1294 937 1347 cultum
978 1296 1045 1349 stati
1059 1295 1234 1365 subjecisset,
1254 1312 1310 1349 non
1326 1301 1422 1349 tamen
1444 1293 1538 1347 omnia
1556 1292 1647 1346 lacere
1661 1290 1784 1357 destitit,

139 1386 310 1456 relinquens,
328 1387 364 1439 ad
378 1386 463 1439 alicui
474 1385 523 1439 Dei
534 1385 639 1438 cultum
650 1390 678 1438 te
688 1385 841 1439 contulisti.
853 1383 939 1447 Quid·
980 1401 1035 1454 quo
1046 1384 1156 1437 eumad
1167 1384 1315 1454 pristinam
1328 1382 1495 1453 dignitatem
1505 1387 1655 1435 revocaret.
1672 1381 1788 1450 hcpro-

139 1491 206 1528 nam
221 1474 282 1540 tibi,
297 1475 347 1537 fili,
368 1474 397 1527 iu
412 1480 536 1528 mentem
550 1475 635 1538 venit,
654 1480 685 1527 ut
698 1475 758 1527 hac
771 1474 890 1536 diceres,
907 1488 940 1526 ac
980 1479 1077 1543 pterea
1090 1473 1138 1526 ille
1158 1490 1252 1526 rerum
1277 1472 1404 1526 omnium
1423 1470 1727 1526 conditarumellector
1739 1484 1788 1538 ge·

141 1569 182 1628 tu,
197 1580 280 1634 quem
303 1563 424 1618 inomni
448 1563 597 1617 securitate
623 1563 698 1617 alere
722 1579 767 1616 me
779 1562 937 1633 sperabam,
981 1562 1113 1632 aerisque
1125 1563 1215 1616 nostri
1229 1562 1409 1626 architectus,
1422 1566 1518 1615 nostra
1537 1575 1622 1613 causa
1639 1559 1725 1611 honio
1741 1557 1788 1611 el·

141 1668 281 1723 quemque
292 1652 444 1706 senectutis
461 1669 531 1705 mea
546 1651 674 1706 baculum
689 1668 722 1705 ac
736 1650 821 1706 robur
832 1651 941 1705 habitu·
980 1652 1070 1707 sectus
1089 1654 1243 1721 astatque
1270 1650 1299 1704 in
1322 1655 1429 1703 terram
1452 1649 1576 1714 veniens,
1601 1654 1629 1701 et
1649 1664 1664 1701 e
1685 1652 1789 1701 sancta

141 1757 203 1794 rum
215 1741 409 1812 optimumque
424 1741 503 1810 regni
514 1741 569 1794 mci
579 1757 767 1794 successorem
777 1728 1097 1812 relicturumBVirgine
1123 1756 1249 1803 nascens,
1275 1755 1339 1794 cum
1367 1738 1530 1792 hominibus
1550 1735 1789 1790 consuetudinem

142 1847 187 1883 me
200 1829 405 1891 existimabam,
421 1830 527 1882 inimici
538 1835 623 1899 atque
634 1830 743 1883 hostilis
753 1830 782 1882 in
797 1846 842 1882 me
854 1829 942 1882 animi
983 1830 1082 1884 habuit
1097 1829 1225 1896 (barach,
1243 1833 1296 1896 111).
1322 1830 1362 1882 hc
1386 1844 1436 1898 pro
1460 1825 1541 1880 nobis
1565 1824 1683 1895 ingratis
1699 1823 1788 1878 servis

143 1924 342 1987 argumentum
357 1917 486 1970 exhibere
501 1919 616 1971 minime
629 1917 793 1972 dubitares?
982 1919 1119 1974 Dominus
1136 1922 1257 1970 mortem
1279 1916 1374 1983 subiit,
1391 1916 1545 1987 etquidem
1560 1918 1681 1968 mortem
1695 1912 1789 1968 crucis

178 2008 222 2060 lln
240 2023 296 2060 non
316 2012 534 2061 consentaneum
547 2013 609 2061 crat
622 2012 654 2060 ut
672 2007 741 2061 mihi
755 2008 849 2078 potius
864 2023 943 2077 pare·
984 2009 1115 2076 (Philipp.
1132 2005 1174 2077 11),
1190 2011 1223 2060 ut
1237 2006 1366 2060 videlicet
1382 2005 1487 2076 peccati
1500 2003 1630 2075 tyrannis
1643 2003 1678 2056 de
1693 2002 1790 2056 medio

143 2111 198 2159 res,
214 2103 448 2167 meaquesecreta
463 2097 629 2167 sequereris,
645 2113 727 2167 quam
742 2096 896 2167 versipellis
911 2113 943 2150 ae
983 2097 1139 2161 tolleretur,
1152 2095 1285 2166 priorque
1295 2094 1491 2148 condemnatio
1506 2094 1657 2156 deleretur,
1674 2108 1711 2145 ac
1725 2091 1790 2145 coeli

144 2184 235 2254 putidi
257 2184 332 2238 senis
351 2185 433 2254 nugis
457 2186 606 2256 stultisque
626 2185 801 2239 sermonibus
818 2185 941 2251 cederes,
984 2191 1071 2256 portae
1096 2184 1176 2238 nobis
1192 2201 1304 2238 rursum
1327 2188 1466 2254 paterent.
1482 2184 1556 2237 Nam
1575 2182 1641 2236 illuc
1654 2186 1791 2235 naturam

145 2273 192 2341 qui
208 2272 258 2326 tibi
272 2273 323 2326 hoc
336 2273 364 2327 in
379 2273 505 2327 animum
523 2273 650 2338 immisit,
671 2280 703 2328 ut
723 2291 773 2344 pro
793 2274 866 2328 dulei
886 2275 944 2328 vita
986 2279 1074 2341 298
1088 2278 1214 2328 nostram
1229 2273 1329 2337 evexit,
1346 2278 1430 2342 atque
1443 2273 1473 2326 in
1482 2272 1578 2341 gloriae
1587 2271 1692 2324 throno
1701 2270 1792 2324 cello-

145 2362 273 2415 acerbam
290 2362 454 2432 susciperes,
472 2379 504 2416 ac
520 2379 570 2433 pro
583 2362 756 2416 suavissimis
772 2363 879 2416 deliciis
892 2363 945 2416 du·
987 2364 1070 2428 eavit,
1088 2379 1263 2432 regnumque
1276 2363 1341 2416 finis
1355 2378 1463 2432 expers,
1479 2361 1513 2414 iis
1528 2360 1576 2431 qui
1590 2359 1679 2430 ipsius
1693 2375 1793 2414 amore

145 2467 207 2504 ram
222 2451 300 2503 illam
318 2456 346 2504 et
361 2467 488 2521 asperam
504 2451 587 2516 viam,
605 2468 689 2520 quam
704 2451 800 2505 Mmiae
815 2451 889 2505 silius
902 2458 946 2506 te·
988 2452 1197 2524 predictisunt,
1210 2451 1333 2513 donavit,
1344 2450 1472 2521 bonaque
1483 2449 1559 2504 omni
1567 2464 1698 2503 sermone
1706 2455 1793 2519 atque

146 2555 213 2593 nere
237 2539 378 2605 admonet,
399 2539 608 2609 ingredereris?
624 2541 668 2593 hn
681 2556 736 2593 non
751 2545 847 2594 autem
862 2541 946 2594 etiarn
989 2541 1087 2596 auditu
1103 2540 1300 2611 praestantiora
1310 2542 1334 2609 (l
1347 2541 1409 2596 Cer.
1425 2538 1466 2609 ιι).
1485 2540 1547 2609 lpse
1562 2537 1639 2592 enim
1654 2544 1699 2591 est
1712 2536 1795 2591 sortis

146 2643 321 2681 summorum
336 2627 452 2681 deorum
467 2627 538 2681 iram
551 2628 735 2699 pertimescis,
749 2646 784 2682 ne
793 2629 909 2683 fulmine
919 2636 947 2683 te
989 2632 1046 2698 ille,
1062 2647 1095 2684 ae
1111 2631 1188 2684 solus
1203 2634 1312 2700 potens,
1329 2630 1387 2683 Rex
1396 2644 1494 2699 regum
1506 2633 1533 2682 et
1549 2626 1689 2681 Dominus
1699 2625 1793 2680 domi·

147 2713 260 2777 feriant,
286 2721 336 2768 aut
357 2715 483 2769 tonitruo
507 2716 680 2782 interimant,
702 2723 851 2789 propterea
873 2719 948 2788 quod
989 2719 1117 2775 nantium
1133 2721 1221 2788 (apoc.
1235 2715 1304 2788 x1x),
1330 2718 1413 2788 cujus
1431 2716 1517 2771 robur
1539 2716 1674 2769 invictum
1689 2720 1744 2780 est,
1764 2719 1795 2770 et

148 2802 306 2873 repudiatis
325 2820 358 2857 ac
368 2821 418 2874 pro
427 2804 514 2858 nihilo
523 2804 666 2859 habitisiis
675 2807 724 2876 qui
734 2824 785 2860 nos
796 2813 838 2861 tot
849 2807 948 2861 tantis-
988 2809 1114 2881 potentia
1127 2806 1266 2878 ejusmodi
1281 2823 1342 2877 qua
1351 2822 1463 2860 omnem
1478 2804 1584 2876 ingenii
1597 2805 1794 2874 conjecturam

148 2908 202 2962 que
216 2891 357 2945 beneficiis
372 2893 535 2958 affecerunt,
552 2910 584 2947 ac
597 2895 676 2964 regio
691 2895 850 2950 diademate
862 2913 946 2950 orna·
988 2898 1112 2959 excedam
1123 2896 1170 2967 qui
1188 2896 1263 2950 solus
1274 2900 1448 2960 sanctusest,
1461 2899 1490 2948 et
1500 2895 1530 2948 in
1545 2892 1650 2947 sanctis
1663 2893 1793 2963 requies·

148 2982 741 3050 runt,gentesquenumerosissimasditioni
751 2991 853 3039 nostra
863 2991 947 3055 atque
987 3003 1068 3052 cens,
1079 2985 1126 3056 qui
1141 3002 1205 3039 cum
1221 2986 1305 3040 Patre
1323 2990 1353 3038 et
1364 2984 1473 3056 Spiritu
1489 2987 1585 3037 sancto
1598 2982 1792 3051 glorificatum

148 3068 267 3139 imperio
277 3068 466 3139 subjecerunt,
482 3087 515 3124 ac
525 3072 645 3142 denique
654 3078 686 3126 ut
695 3089 809 3143 precum
819 3090 947 3128 mearum
958 3077 1017 3149 cin
1035 3091 1155 3145 quorum
1178 3074 1292 3128 nomine
1306 3072 1464 3144 baptizatus
1482 3062 1555 3135 sum',
1574 3076 1603 3124 et
1617 3087 1689 3141 quos
1706 3071 1793 3127 conti·

148 3161 177 3211 et
190 3157 351 3212 orationum
360 3176 446 3230 opera
453 3159 618 3229 gignereris,
633 3178 665 3214 ac
681 3161 849 3216 dulcissimae
863 3164 948 3233 hujus
989 3171 1060 3228 teor,
1085 3163 1194 3217 celebro
1220 3168 1307 3234 atque
1322 3163 1420 3228 adoro,
1442 3177 1530 3215 unum
1542 3160 1679 3215 Deum-in
1699 3160 1793 3216 tribus

148 3247 219 3300 lucis
228 3248 367 3319 particeps
382 3251 473 3313 lieres,
491 3255 678 3321 praeterspem
694 3252 854 3318 ellecerunt,
867 3251 949 3321 eiqui
990 3253 1127 3324 personis,
1154 3251 1431 3317 consubstantialem,
1454 3267 1487 3305 ac
1500 3248 1671 3304 confusionis
1691 3266 1792 3320 exper-

149 3337 225 3390 cruei
239 3337 339 3391 affixus
353 3344 397 3392 est
411 3339 566 3392 arctissime
581 3345 609 3393 te
624 3340 802 3410 conjunxisti,
818 3340 948 3394 inanibus
990 3347 1058 3405 tem,
1074 3342 1238 3408 increatum,
1255 3340 1453 3405 immortalem,
1469 3341 1684 3409 sempiternum,
1695 3337 1793 3393 inlini·

149 3425 278 3480 videlicet
296 3427 383 3497 ipsius
407 3428 547 3481 cultorum
571 3428 718 3498 promissis
735 3429 876 3499 deceptus,
901 3429 949 3499 qui
990 3437 1061 3493 tum,
1078 3431 1112 3484 ab
1131 3429 1208 3485 enini
1228 3429 1487 3500 circumscriptione
1502 3432 1654 3492 remotum,
1673 3443 1793 3498 corpore

149 3531 221 3569 nova
239 3517 367 3586 quaedam
393 3517 493 3570 saecula
520 3518 692 3588 confingunt,
718 3524 950 3588 mortuorumque
993 3526 1147 3586 vacantem,
1164 3537 1182 3572 a
1203 3517 1461 3589 perturbationibus
1482 3522 1511 3572 et
1529 3516 1687 3571 mutatione
1706 3522 1793 3588 atque

150 3605 948 3676 corporumresurrectionemnugantur‚aliaquesexcenta,
991 3609 1171 3663 conversione
1186 3608 1319 3673 alienum,
1335 3607 1412 3661 omni
1431 3606 1551 3661 termino
1564 3611 1722 3671 carentem,
1748 3604 1795 3659 bo·

151 3697 183 3744 ut
192 3693 302 3746 stolidis
312 3693 471 3747 hominibus
483 3694 576 3748 lucum
591 3694 703 3757 iaciant,
715 3695 915 3749 introducunt?
991 3698 1088 3753 nitatis
1096 3703 1124 3752 et
1132 3698 1249 3768 justitia
1258 3713 1291 3750 ac
1299 3696 1556 3768 sempiternaelucis
1566 3695 1684 3760 fontem,
1696 3710 1793 3750 rerum

187 3781 293 3834 Verum
307 3798 382 3835 nuvae
395 3783 504 3846 saltem,
520 3783 683 3836 charissime
697 3784 747 3849 fili,
759 3784 782 3837 si
799 3784 865 3855 quid
882 3784 951 3838 mihi
991 3787 1117 3840 omnium
1132 3786 1318 3853 conditarum,
1335 3792 1466 3857 tamque
1480 3785 1556 3839 cerni
1568 3790 1688 3856 possunt
1707 3799 1793 3854 quam

152 3868 289 3938 patrituo
311 3869 560 3941 obtemperandum
578 3877 669 3941 pratas,
687 3872 800 3942 prolixis
809 3873 853 3926 his
867 3874 950 3944 nugis
992 3891 1052 3945 quae
1072 3876 1216 3929 oculorum
1236 3891 1350 3928 sensum
1372 3874 1493 3944 lugiunt,
1513 3873 1684 3938 effectorem,
1707 3879 1794 3944 atque

153 3956 269 4025 longum
279 3958 370 4012 valere
378 3959 476 4028 jussis,
486 3959 615 4030 benignis
626 3961 690 4025 diis,
699 3978 802 4030 quaeso,
812 3962 947 4029 sacrifiea,
990 3965 1085 4018 omnia
1099 3965 1289 4018 continentem
1304 3969 1333 4018 et
1350 3968 1570 4028 conservantem,
1583 3960 1717 4015 omnibus
1728 3977 1794 4032 pro·

152 4051 237 4115 atque
247 4047 555 4117 eosplurimisvictimis
570 4054 599 4102 et
612 4050 755 4103 sacrificiis
769 4051 880 4121 placare
890 4056 950 4106 stu·
991 4053 1164 4123 spicientem,
1175 4060 1260 4122 atque
1269 4052 1401 4106 inomnia
1411 4067 1529 4121 regnum
1538 4055 1567 4104 et
1579 4049 1732 4120 imperium
1742 4048 1794 4103 ob-

153 4134 279 4201 deamus,
291 4142 324 4190 ut
339 4137 425 4191 errati
440 4137 548 4191 veniam
562 4137 596 4192 ab
616 4138 684 4209 ipsis
702 4139 845 4209 impetres,
862 4140 950 4211 siqui·
992 4142 1137 4195 tinentem.
1154 4143 1252 4212 Neque
1267 4141 1343 4195 enim
1367 4140 1427 4194 sine
1447 4140 1507 4210 ipso
1521 4155 1566 4192 res
1578 4138 1638 4193 ulla
1648 4137 1725 4192 sacta
1738 4145 1792 4205 est,

152 4222 217 4276 dem
234 4224 305 4278 hanc
320 4225 374 4279 vim
390 4225 430 4279 illr
445 4226 559 4293 habent,
570 4232 603 4280 ut
616 4232 645 4281 et
657 4227 801 4283 beneficiis
811 4229 952 4301 etsuppli-
993 4248 1043 4285 nec
1064 4231 1124 4284 sine
1148 4230 1236 4301 ipsius
1255 4229 1430 4301 providentia
1452 4229 1606 4299 quidquam
1629 4227 1749 4282 conllari
1763 4243 1794 4282 so

151 4311 202 4366 ciis
216 4313 326 4368 allicere
340 4315 457 4386 possint.
993 4320 1143 4373 consistere
1158 4324 1259 4390 potest.
1280 4320 1343 4389 lpse
1362 4317 1500 4389 siquidem
1515 4322 1558 4371 est
1576 4317 1707 4371 omnium
1724 4317 1791 4381 vita,

186 4403 226 4456 lle
236 4419 287 4457 nos
300 4420 397 4458 eorum
410 4404 600 4475 quadiximus
615 4407 774 4477 exemplum
782 4406 833 4460 tibi
843 4424 951 4474 sumus,
961 4402 1118 4463 Domnium
1134 4407 1350 4477 coagmentatio,
1374 4407 1499 4461 omnium
1514 4405 1696 4471 illuminatio,
1716 4409 1795 4460 totus

151 4490 200 4561 qui
215 4491 340 4562 ipsorum
350 4492 485 4546 beneficio
495 4494 530 4547 ad
541 4495 750 4565 haeimperium
762 4496 949 4566 pervenimus,
992 4497 1119 4562 dulcedo,
1141 4513 1173 4550 ac
1186 4502 1263 4550 totus
1280 4497 1341 4551 sine
1354 4497 1413 4550 ulla
1432 4496 1580 4550 saturitate
1596 4493 1793 4549 desiderabilis

152 4586 236 4652 atque
249 4583 321 4636 hanc
335 4582 403 4653 ipsis
419 4582 545 4636 beneticii
563 4583 649 4636 vicem
672 4584 861 4654 rependimus,
877 4592 909 4639 ut
923 4591 952 4640 et
993 4586 1082 4654 <cam
1103 4587 1140 4652 v),
1162 4584 1344 4655 omniumque
1364 4600 1459 4637 rerum
1474 4583 1697 4653 expetendarum
1719 4598 1795 4637 sum·

151 4687 248 4724 eorum
257 4670 411 4725 cultoribus
421 4672 554 4725 honorem
565 4671 733 4735 tribuamus,
748 4679 831 4727 eteos
842 4674 890 4743 qui
903 4675 951 4728 ad·
992 4691 1055 4728 mus
1068 4682 1172 4728 vertex.
1184 4673 1320 4737 Quocirca
1338 4673 1428 4728 Deum
1444 4672 1528 4738 huuc,
1538 4672 1605 4743 quia
1615 4676 1699 4726 tanta
1712 4671 1794 4727 boui·

152 4759 215 4811 duei
227 4768 371 4830 nequeunt
381 4768 413 4814 ut
432 4761 501 4832 ipsis
512 4761 677 4827 sacriticent,
689 4762 832 4832 suppliciis
857 4778 951 4817 excru-
992 4769 1049 4818 tate
1063 4780 1095 4817 ac
1105 4763 1372 4835 potentiapraeditus
1386 4768 1438 4828 est,
1457 4761 1627 4832 relinquere,
1639 4767 1728 4832 atque
1740 4762 1794 4816 im·

152 4846 268 4905 olemus.
284 4849 386 4903 Multas
401 4850 487 4920 igitur
501 4850 661 4920 hujusmodi
676 4868 765 4920 negas
784 4868 952 4906 commemo·
992 4869 1076 4922 puros
1088 4852 1230 4906 daemones
1238 4852 1426 4920 vitiorumque
1436 4849 1562 4905 omnium
1571 4850 1797 4905 architectosoo·

152 4940 233 4988 rante
243 4952 318 5006 rege,
330 4944 468 4993 aenostra
480 4940 591 5010 quidem
603 4940 735 5009 dogmata
744 4941 914 5011 suggillante
924 4947 952 4995 et
992 4942 1059 5005 lere,
1076 4941 1224 5011 surdisque
1248 4956 1280 4993 ac
1304 4939 1389 4993 mutis
1409 4939 1519 5004 statuis,
1535 4955 1597 5009 quae
1616 4954 1666 4992 nec
1687 4937 1796 5011 aliquid

152 5024 325 5091 traducente,
343 5027 480 5081 idolorum
497 5035 592 5082 autem
602 5029 710 5083 cultum
718 5029 847 5083 laudibus
858 5035 887 5084 et
901 5047 951 5085 en·
992 5035 1058 5084 sunt
1071 5046 1122 5083 nec
1145 5034 1238 5096 erunt,
1254 5030 1361 5083 cultum
1376 5045 1409 5082 ac
1429 5027 1639 5082 venerationem
1655 5026 1795 5089 tribuere.

152 5112 249 5166 comiis
259 5121 454 5183 prosequente,
464 5117 654 5172 divinissimus
660 5119 772 5188 juvenis
782 5135 882 5172 remeo
891 5120 950 5174 loco
992 5121 1072 5189 ouius
1087 5119 1211 5185 tandem,
1223 5136 1239 5173 o
1251 5123 1340 5189 pater,
1349 5117 1474 5171 stultitia
1489 5133 1521 5170 ac
1533 5116 1685 5171 dementiae
1695 5116 1797 5172 fueriti

152 5201 327 5266 cssevidens,
340 5211 438 5258 utnon
450 5207 511 5276 jam
526 5209 661 5277 angulum
672 5214 701 5261 et
714 5208 845 5273 latebras,
856 5225 950 5263 verum
992 5209 1143 5278 Ecquando
1159 5208 1234 5261 enim
1255 5224 1305 5261 vox
1317 5206 1352 5259 ab
1367 5206 1435 5276 ipsis
1449 5205 1547 5260 audita
1558 5206 1624 5259 est?
1640 5205 1796 5276 Ecquando

150 5289 349 5345 candelabrum
361 5293 453 5362 potius
465 5297 947 5366 acspeculumdesideraret(iilattb.
991 5298 1033 5350 vel
1059 5298 1189 5367 exiguum
1211 5297 1255 5362 iis,
1270 5297 1318 5367 qui
1341 5312 1437 5367 preces
1461 5296 1496 5349 ad
1515 5296 1589 5366 ipsos
1609 5294 1795 5363 adhibebant,

149 5384 186 5448 v),
201 5397 256 5451 quo
271 5380 400 5435 omnibus
415 5382 443 5436 in
458 5384 603 5454 perspicuo
620 5392 702 5451 esset,
727 5387 856 5441 libertate
871 5403 903 5441 ac
917 5388 950 5441 ll-
990 5388 1146 5441 dederunt?
1157 5387 1306 5459 Ecquando
1318 5385 1509 5452 ambularunt,
1520 5392 1571 5441 aut
1580 5387 1796 5442 sensumullum

149 5469 234 5524 dueia
247 5471 356 5541 plenus,
372 5471 407 5524 ad
423 5472 497 5526 huuc
509 5473 623 5527 modum
639 5475 749 5530 locutus
759 5481 801 5530 est
817 5494 822 5528 :
991 5477 1177 5547 acceperunt?
1190 5478 1263 5531 Nam
1273 5492 1364 5545 neque
1375 5475 1404 5528 hi
1417 5475 1464 5546 qui
1476 5473 1589 5529 stabant
1598 5474 1737 5530 sessionis
1745 5492 1797 5532 uu·

184 5559 264 5626 Quod
282 5576 300 5613 a
319 5577 365 5615 me
388 5560 492 5614 sactum
520 5566 571 5627 est,
595 5563 709 5629 ahere,
731 5565 952 5636 haudquaquam
991 5582 1076 5636 quam
1086 5563 1796 5638 meminerunt,necquisedebantstantesunquam
