<?xml version="1.0" encoding="UTF-8"?>
<!DOCTYPE html PUBLIC "-//W3C//DTD XHTML 1.0 Transitional//EN"
    "http://www.w3.org/TR/xhtml1/DTD/xhtml1-transitional.dtd">
<html xmlns="http://www.w3.org/1999/xhtml" xml:lang="en" lang="en">
 <head>
  <title>
</title>
<meta http-equiv="Content-Type" content="text/html;charset=utf-8" />
  <meta name='ocr-system' content='tesseract 3.04.00' />
  <meta name='ocr-capabilities' content='ocr_page ocr_carea ocr_par ocr_line ocrx_word'/>
</head>
<body>
  <div class='ocr_page' id='page_1' title='image "./patrologiaecurs38unkngoog/patrologiaecurs38unkngoog_0470.png"; bbox 0 0 3818 6120; ppageno 0'>
   <div class='ocr_carea' id='block_1_1' title="bbox 139 248 1783 328">
    <p class='ocr_par' dir='ltr' id='par_1_1' title="bbox 139 248 1783 328">
     <span class='ocr_line' id='line_1_1' title="bbox 139 248 1783 328; baseline 0.004 -23"><span class='ocrx_word' id='word_1_1' title='bbox 139 259 201 321; x_wconf 67' lang='lat' dir='ltr'><strong>qqq.</strong></span> <span class='ocrx_word' id='word_1_2' title='bbox 776 251 894 309; x_wconf 65' lang='lat' dir='ltr'><strong>VERBA</strong></span> <span class='ocrx_word' id='word_1_3' title='bbox 912 248 1112 311; x_wconf 84' lang='lat' dir='ltr'>SENIORUM.</span> <span class='ocrx_word' id='word_1_4' title='bbox 1730 267 1783 328; x_wconf 76' lang='lat'><strong>930</strong></span> 
     </span>
    </p>
   </div>
   <div class='ocr_carea' id='block_1_2' title="bbox 131 377 1795 5369">
    <p class='ocr_par' dir='ltr' id='par_1_2' title="bbox 131 377 1795 5369">
     <span class='ocr_line' id='line_1_2' title="bbox 136 377 1783 454; baseline 0.007 -12"><span class='ocrx_word' id='word_1_5' title='bbox 136 404 176 445; x_wconf 91' lang='lat' dir='ltr'><strong>an</strong></span> <span class='ocrx_word' id='word_1_6' title='bbox 191 388 221 443; x_wconf 91' lang='lat' dir='ltr'><strong>in</strong></span> <span class='ocrx_word' id='word_1_7' title='bbox 235 384 387 448; x_wconf 80' lang='lat' dir='ltr'>laboribus,</span> <span class='ocrx_word' id='word_1_8' title='bbox 402 382 446 438; x_wconf 84' lang='lat' dir='ltr'><strong>vel</strong></span> <span class='ocrx_word' id='word_1_9' title='bbox 460 382 489 437; x_wconf 94' lang='lat' dir='ltr'><strong>in</strong></span> <span class='ocrx_word' id='word_1_10' title='bbox 503 380 614 453; x_wconf 86' lang='lat' dir='ltr'><strong>vigiliis,</strong></span> <span class='ocrx_word' id='word_1_11' title='bbox 630 385 680 436; x_wconf 89' lang='lat' dir='ltr'><strong>aut</strong></span> <span class='ocrx_word' id='word_1_12' title='bbox 694 380 723 435; x_wconf 92' lang='lat' dir='ltr'><strong>in</strong></span> <span class='ocrx_word' id='word_1_13' title='bbox 733 377 1093 452; x_wconf 82' lang='lat' dir='ltr'><strong>misericordia.Araplesti</strong></span> <span class='ocrx_word' id='word_1_14' title='bbox 1117 382 1256 439; x_wconf 81' lang='lat' dir='ltr'><strong>fenestras</strong></span> <span class='ocrx_word' id='word_1_15' title='bbox 1271 383 1305 441; x_wconf 90' lang='lat' dir='ltr'><strong>de</strong></span> <span class='ocrx_word' id='word_1_16' title='bbox 1320 386 1435 445; x_wconf 89' lang='lat' dir='ltr'><strong>chartis.</strong></span> <span class='ocrx_word' id='word_1_17' title='bbox 1451 389 1487 446; x_wconf 86' lang='lat' dir='ltr'><strong>Et</strong></span> <span class='ocrx_word' id='word_1_18' title='bbox 1500 391 1601 448; x_wconf 88' lang='lat' dir='ltr'><strong>tertius</strong></span> <span class='ocrx_word' id='word_1_19' title='bbox 1614 392 1696 450; x_wconf 89' lang='lat' dir='ltr'><strong>dixit:</strong></span> <span class='ocrx_word' id='word_1_20' title='bbox 1718 395 1783 454; x_wconf 87' lang='lat' dir='ltr'><strong>liihi</strong></span> 
     </span>
     <span class='ocr_line' id='line_1_3' title="bbox 137 462 1781 554; baseline 0.004 -21"><span class='ocrx_word' id='word_1_21' title='bbox 137 475 336 551; x_wconf 86' lang='lat' dir='ltr'><strong>Etrespoudit:</strong></span> <span class='ocrx_word' id='word_1_22' title='bbox 348 475 381 530; x_wconf 93' lang='lat' dir='ltr'><strong>In</strong></span> <span class='ocrx_word' id='word_1_23' title='bbox 388 472 433 528; x_wconf 91' lang='lat' dir='ltr'><strong>his</strong></span> <span class='ocrx_word' id='word_1_24' title='bbox 442 489 504 545; x_wconf 84' lang='lat' dir='ltr'><strong>quae</strong></span> <span class='ocrx_word' id='word_1_25' title='bbox 514 470 747 536; x_wconf 88' lang='lat' dir='ltr'><strong>numerasti,etin</strong></span> <span class='ocrx_word' id='word_1_26' title='bbox 757 469 936 524; x_wconf 82' lang='lat' dir='ltr'><strong>discretione.</strong></span> <span class='ocrx_word' id='word_1_27' title='bbox 980 467 1009 523; x_wconf 87' lang='lat' dir='ltr'><strong>in</strong></span> <span class='ocrx_word' id='word_1_28' title='bbox 1015 469 1167 527; x_wconf 77' lang='lat' dir='ltr'><strong>focularem</strong></span> <span class='ocrx_word' id='word_1_29' title='bbox 1176 472 1269 529; x_wconf 84' lang='lat' dir='ltr'><strong>herbae</strong></span> <span class='ocrx_word' id='word_1_30' title='bbox 1278 477 1477 534; x_wconf 89' lang='lat' dir='ltr'><strong>ascenderunt.</strong></span> <span class='ocrx_word' id='word_1_31' title='bbox 1489 480 1675 554; x_wconf 85' lang='lat' dir='ltr'><strong>Etrespondit</strong></span> <span class='ocrx_word' id='word_1_32' title='bbox 1686 462 1781 553; x_wconf 88' lang='lat' dir='ltr'><strong>senex,</strong></span> 
     </span>
     <span class='ocr_line' id='line_1_4' title="bbox 137 559 1667 641; baseline 0.003 -18"><span class='ocrx_word' id='word_1_33' title='bbox 137 567 207 623; x_wconf 88' lang='lat' dir='ltr'><strong>Dioo</strong></span> <span class='ocrx_word' id='word_1_34' title='bbox 221 566 297 621; x_wconf 88' lang='lat' dir='ltr'><strong>enim</strong></span> <span class='ocrx_word' id='word_1_35' title='bbox 311 563 363 619; x_wconf 91' lang='lat' dir='ltr'><strong>tibi</strong></span> <span class='ocrx_word' id='word_1_36' title='bbox 376 563 444 636; x_wconf 90' lang='lat' dir='ltr'><strong>quia</strong></span> <span class='ocrx_word' id='word_1_37' title='bbox 456 561 535 616; x_wconf 92' lang='lat' dir='ltr'><strong>multi</strong></span> <span class='ocrx_word' id='word_1_38' title='bbox 551 560 712 616; x_wconf 85' lang='lat' dir='ltr'><strong>aillixerunt</strong></span> <span class='ocrx_word' id='word_1_39' title='bbox 721 575 835 615; x_wconf 84' lang='lat' dir='ltr'><strong>carnem</strong></span> <span class='ocrx_word' id='word_1_40' title='bbox 845 574 936 624; x_wconf 81' lang='lat' dir='ltr'><strong>suain,</strong></span> <span class='ocrx_word' id='word_1_41' title='bbox 980 563 1008 613; x_wconf 85' lang='lat' dir='ltr'><strong>ct</strong></span> <span class='ocrx_word' id='word_1_42' title='bbox 1022 559 1108 615; x_wconf 81' lang='lat' dir='ltr'><strong>dixit:</strong></span> <span class='ocrx_word' id='word_1_43' title='bbox 1126 563 1161 617; x_wconf 86' lang='lat' dir='ltr'><strong>Et</strong></span> <span class='ocrx_word' id='word_1_44' title='bbox 1173 567 1204 617; x_wconf 92' lang='lat' dir='ltr'><strong>tu</strong></span> <span class='ocrx_word' id='word_1_45' title='bbox 1219 564 1349 636; x_wconf 84' lang='lat' dir='ltr'><strong>expulisti</strong></span> <span class='ocrx_word' id='word_1_46' title='bbox 1364 583 1380 621; x_wconf 89' lang='lat' dir='ltr'><strong>a</strong></span> <span class='ocrx_word' id='word_1_47' title='bbox 1395 573 1424 622; x_wconf 88' lang='lat' dir='ltr'><strong>te</strong></span> <span class='ocrx_word' id='word_1_48' title='bbox 1434 568 1667 641; x_wconf 79' lang='lat' dir='ltr'><strong>hospitalitatem.</strong></span> 
     </span>
     <span class='ocr_line' id='line_1_5' title="bbox 137 648 1783 733; baseline 0.004 -21"><span class='ocrx_word' id='word_1_49' title='bbox 137 661 176 723; x_wconf 87' lang='lat' dir='ltr'><strong>et,</strong></span> <span class='ocrx_word' id='word_1_50' title='bbox 189 655 258 728; x_wconf 90' lang='lat' dir='ltr'><strong>quia</strong></span> <span class='ocrx_word' id='word_1_51' title='bbox 271 654 331 709; x_wconf 90' lang='lat' dir='ltr'><strong>sine</strong></span> <span class='ocrx_word' id='word_1_52' title='bbox 340 650 509 708; x_wconf 82' lang='lat' dir='ltr'><strong>discretione</strong></span> <span class='ocrx_word' id='word_1_53' title='bbox 523 650 576 705; x_wconf 94' lang='lat' dir='ltr'><strong>hoc</strong></span> <span class='ocrx_word' id='word_1_54' title='bbox 586 649 734 717; x_wconf 83' lang='lat' dir='ltr'><strong>iaciebant,</strong></span> <span class='ocrx_word' id='word_1_55' title='bbox 750 648 880 704; x_wconf 87' lang='lat' dir='ltr'><strong>abierunt</strong></span> <span class='ocrx_word' id='word_1_56' title='bbox 892 664 938 701; x_wconf 81' lang='lat' dir='ltr'><strong>va·</strong></span> <span class='ocrx_word' id='word_1_57' title='bbox 1016 648 1060 704; x_wconf 75' lang='lat'><strong>95.</strong></span> <span class='ocrx_word' id='word_1_58' title='bbox 1074 649 1268 707; x_wconf 83' lang='lat' dir='ltr'><strong>Narraverunt</strong></span> <span class='ocrx_word' id='word_1_59' title='bbox 1277 654 1393 725; x_wconf 89' lang='lat' dir='ltr'><strong>quidam</strong></span> <span class='ocrx_word' id='word_1_60' title='bbox 1404 656 1521 714; x_wconf 88' lang='lat' dir='ltr'><strong>Patrum</strong></span> <span class='ocrx_word' id='word_1_61' title='bbox 1532 660 1567 716; x_wconf 93' lang='lat' dir='ltr'><strong>de</strong></span> <span class='ocrx_word' id='word_1_62' title='bbox 1578 661 1701 733; x_wconf 89' lang='lat' dir='ltr'><strong>quodam</strong></span> <span class='ocrx_word' id='word_1_63' title='bbox 1715 679 1783 720; x_wconf 88' lang='lat' dir='ltr'><strong>sene</strong></span> 
     </span>
     <span class='ocr_line' id='line_1_6' title="bbox 135 736 1782 821; baseline 0.005 -20"><span class='ocrx_word' id='word_1_64' title='bbox 135 744 263 801; x_wconf 88' lang='lat' dir='ltr'><strong>cuinihil</strong></span> <span class='ocrx_word' id='word_1_65' title='bbox 272 742 418 798; x_wconf 88' lang='lat' dir='ltr'><strong>habentes.</strong></span> <span class='ocrx_word' id='word_1_66' title='bbox 434 741 472 796; x_wconf 88' lang='lat' dir='ltr'><strong>Os</strong></span> <span class='ocrx_word' id='word_1_67' title='bbox 481 745 609 795; x_wconf 87' lang='lat' dir='ltr'><strong>nostrum</strong></span> <span class='ocrx_word' id='word_1_68' title='bbox 618 739 653 794; x_wconf 92' lang='lat' dir='ltr'><strong>de</strong></span> <span class='ocrx_word' id='word_1_69' title='bbox 662 738 771 809; x_wconf 87' lang='lat' dir='ltr'><strong>jejunio</strong></span> <span class='ocrx_word' id='word_1_70' title='bbox 781 738 859 804; x_wconf 84' lang='lat' dir='ltr'><strong>fetet,</strong></span> <span class='ocrx_word' id='word_1_71' title='bbox 872 736 939 791; x_wconf 84' lang='lat' dir='ltr'><strong>scri·</strong></span> <span class='ocrx_word' id='word_1_72' title='bbox 980 752 1093 810; x_wconf 84' lang='lat' dir='ltr'><strong>magno,</strong></span> <span class='ocrx_word' id='word_1_73' title='bbox 1107 740 1173 811; x_wconf 89' lang='lat' dir='ltr'><strong>quia</strong></span> <span class='ocrx_word' id='word_1_74' title='bbox 1184 741 1208 795; x_wconf 93' lang='lat' dir='ltr'><strong>si</strong></span> <span class='ocrx_word' id='word_1_75' title='bbox 1214 742 1451 817; x_wconf 87' lang='lat' dir='ltr'><strong>veniebataliquis</strong></span> <span class='ocrx_word' id='word_1_76' title='bbox 1463 747 1638 821; x_wconf 88' lang='lat' dir='ltr'><strong>interrogare</strong></span> <span class='ocrx_word' id='word_1_77' title='bbox 1646 769 1711 808; x_wconf 89' lang='lat' dir='ltr'><strong>eum</strong></span> <span class='ocrx_word' id='word_1_78' title='bbox 1720 769 1782 807; x_wconf 88' lang='lat' dir='ltr'><strong>ser-</strong></span> 
     </span>
     <span class='ocr_line' id='line_1_7' title="bbox 136 827 1780 914; baseline 0.005 -24"><span class='ocrx_word' id='word_1_79' title='bbox 136 838 339 908; x_wconf 87' lang='lat' dir='ltr'><strong>pturasomnes</strong></span> <span class='ocrx_word' id='word_1_80' title='bbox 349 828 498 887; x_wconf 90' lang='lat' dir='ltr'><strong>didicimus</strong></span> <span class='ocrx_word' id='word_1_81' title='bbox 509 849 515 884; x_wconf 96' lang='lat'><strong>:</strong></span> <span class='ocrx_word' id='word_1_82' title='bbox 528 846 561 883; x_wconf 88' lang='lat' dir='ltr'><strong>ex</strong></span> <span class='ocrx_word' id='word_1_83' title='bbox 570 829 653 884; x_wconf 90' lang='lat' dir='ltr'><strong>cordo</strong></span> <span class='ocrx_word' id='word_1_84' title='bbox 663 827 752 883; x_wconf 76' lang='lat' dir='ltr'><strong>Dauid</strong></span> <span class='ocrx_word' id='word_1_85' title='bbox 763 842 939 882; x_wconf 88' lang='lat' dir='ltr'><strong>consumma·</strong></span> <span class='ocrx_word' id='word_1_86' title='bbox 979 842 1101 897; x_wconf 90' lang='lat' dir='ltr'><strong>monem,</strong></span> <span class='ocrx_word' id='word_1_87' title='bbox 1114 828 1161 885; x_wconf 90' lang='lat' dir='ltr'><strong>ille</strong></span> <span class='ocrx_word' id='word_1_88' title='bbox 1173 846 1237 886; x_wconf 88' lang='lat' dir='ltr'><strong>cum</strong></span> <span class='ocrx_word' id='word_1_89' title='bbox 1252 849 1356 904; x_wconf 89' lang='lat' dir='ltr'><strong>magna</strong></span> <span class='ocrx_word' id='word_1_90' title='bbox 1369 834 1472 891; x_wconf 80' lang='lat' dir='ltr'><strong>fiducia</strong></span> <span class='ocrx_word' id='word_1_91' title='bbox 1487 838 1598 894; x_wconf 88' lang='lat' dir='ltr'><strong>dicebat</strong></span> <span class='ocrx_word' id='word_1_92' title='bbox 1612 859 1618 895; x_wconf 92' lang='lat'><strong>:</strong></span> <span class='ocrx_word' id='word_1_93' title='bbox 1642 842 1713 898; x_wconf 86' lang='lat' dir='ltr'><strong>Ecce</strong></span> <span class='ocrx_word' id='word_1_94' title='bbox 1728 858 1780 914; x_wconf 87' lang='lat' dir='ltr'><strong>ego</strong></span> 
     </span>
     <span class='ocr_line' id='line_1_8' title="bbox 136 915 1782 1003; baseline 0.005 -25"><span class='ocrx_word' id='word_1_95' title='bbox 136 923 238 991; x_wconf 85' lang='lat' dir='ltr'><strong>vimus,</strong></span> <span class='ocrx_word' id='word_1_96' title='bbox 252 928 281 978; x_wconf 90' lang='lat' dir='ltr'><strong>et</strong></span> <span class='ocrx_word' id='word_1_97' title='bbox 295 920 370 994; x_wconf 92' lang='lat' dir='ltr'><strong>quod</strong></span> <span class='ocrx_word' id='word_1_98' title='bbox 384 920 458 976; x_wconf 87' lang='lat' dir='ltr'><strong>Deus</strong></span> <span class='ocrx_word' id='word_1_99' title='bbox 471 918 591 991; x_wconf 84' lang='lat' dir='ltr'><strong>requirit</strong></span> <span class='ocrx_word' id='word_1_100' title='bbox 602 934 658 973; x_wconf 92' lang='lat' dir='ltr'><strong>non</strong></span> <span class='ocrx_word' id='word_1_101' title='bbox 672 916 819 984; x_wconf 90' lang='lat' dir='ltr'><strong>habemus,</strong></span> <span class='ocrx_word' id='word_1_102' title='bbox 833 915 939 971; x_wconf 90' lang='lat' dir='ltr'><strong>scilicet</strong></span> <span class='ocrx_word' id='word_1_103' title='bbox 979 917 1102 989; x_wconf 92' lang='lat' dir='ltr'><strong>suscipio</strong></span> <span class='ocrx_word' id='word_1_104' title='bbox 1115 935 1265 990; x_wconf 84' lang='lat' dir='ltr'><strong>personam</strong></span> <span class='ocrx_word' id='word_1_105' title='bbox 1276 922 1375 990; x_wconf 86' lang='lat' dir='ltr'><strong>Dei,et</strong></span> <span class='ocrx_word' id='word_1_106' title='bbox 1387 924 1469 980; x_wconf 83' lang='lat' dir='ltr'><strong>sedeo</strong></span> <span class='ocrx_word' id='word_1_107' title='bbox 1479 926 1508 980; x_wconf 94' lang='lat' dir='ltr'><strong>in</strong></span> <span class='ocrx_word' id='word_1_108' title='bbox 1518 928 1699 999; x_wconf 75' lang='lat' dir='ltr'><strong>sedeJudicii,</strong></span> <span class='ocrx_word' id='word_1_109' title='bbox 1713 931 1782 1003; x_wconf 90' lang='lat' dir='ltr'><strong>quid</strong></span> 
     </span>
     <span class='ocr_line' id='line_1_9' title="bbox 135 1006 1780 1085; baseline 0.009 -27"><span class='ocrx_word' id='word_1_110' title='bbox 135 1013 340 1069; x_wconf 68' lang='lat' dir='ltr'><strong>humilitatem.</strong></span> <span class='ocrx_word' id='word_1_111' title='bbox 979 1022 1046 1078; x_wconf 88' lang='lat' dir='ltr'><strong>ergo</strong></span> <span class='ocrx_word' id='word_1_112' title='bbox 1057 1006 1097 1062; x_wconf 83' lang='lat' dir='ltr'><strong>vis</strong></span> <span class='ocrx_word' id='word_1_113' title='bbox 1111 1014 1144 1063; x_wconf 86' lang='lat' dir='ltr'><strong>ut</strong></span> <span class='ocrx_word' id='word_1_114' title='bbox 1156 1008 1257 1064; x_wconf 77' lang='lat' dir='ltr'><strong>faciam</strong></span> <span class='ocrx_word' id='word_1_115' title='bbox 1272 1011 1343 1066; x_wconf 84' lang='lat' dir='ltr'><strong>tibil</strong></span> <span class='ocrx_word' id='word_1_116' title='bbox 1358 1013 1388 1068; x_wconf 87' lang='lat' dir='ltr'><strong>si</strong></span> <span class='ocrx_word' id='word_1_117' title='bbox 1402 1029 1469 1085; x_wconf 87' lang='lat' dir='ltr'><strong>ergo</strong></span> <span class='ocrx_word' id='word_1_118' title='bbox 1481 1014 1583 1070; x_wconf 85' lang='lat' dir='ltr'><strong>dixeris</strong></span> <span class='ocrx_word' id='word_1_119' title='bbox 1595 1016 1675 1084; x_wconf 90' lang='lat' dir='ltr'><strong>mibi,</strong></span> <span class='ocrx_word' id='word_1_120' title='bbox 1692 1019 1780 1074; x_wconf 91' lang='lat' dir='ltr'><strong>mise-</strong></span> 
     </span>
     <span class='ocr_line' id='line_1_10' title="bbox 172 1092 1780 1175; baseline 0.002 -15"><span class='ocrx_word' id='word_1_121' title='bbox 172 1101 218 1160; x_wconf 74' lang='lat' dir='ltr'><strong>tt.</strong></span> <span class='ocrx_word' id='word_1_122' title='bbox 241 1102 340 1157; x_wconf 85' lang='lat' dir='ltr'><strong>Frater</strong></span> <span class='ocrx_word' id='word_1_123' title='bbox 366 1097 551 1170; x_wconf 89' lang='lat' dir='ltr'><strong>interrogavit</strong></span> <span class='ocrx_word' id='word_1_124' title='bbox 574 1113 680 1162; x_wconf 90' lang='lat' dir='ltr'><strong>senem,</strong></span> <span class='ocrx_word' id='word_1_125' title='bbox 705 1095 821 1151; x_wconf 91' lang='lat' dir='ltr'><strong>dicens:</strong></span> <span class='ocrx_word' id='word_1_126' title='bbox 848 1092 938 1161; x_wconf 84' lang='lat' dir='ltr'><strong>Abba,</strong></span> <span class='ocrx_word' id='word_1_127' title='bbox 979 1111 1042 1150; x_wconf 88' lang='lat' dir='ltr'><strong>rere</strong></span> <span class='ocrx_word' id='word_1_128' title='bbox 1052 1096 1122 1166; x_wconf 73' lang='lat' dir='ltr'><strong>mei,</strong></span> <span class='ocrx_word' id='word_1_129' title='bbox 1140 1097 1265 1154; x_wconf 91' lang='lat' dir='ltr'><strong>dicittibi</strong></span> <span class='ocrx_word' id='word_1_130' title='bbox 1278 1100 1372 1156; x_wconf 88' lang='lat' dir='ltr'><strong>Deus:</strong></span> <span class='ocrx_word' id='word_1_131' title='bbox 1390 1101 1420 1157; x_wconf 91' lang='lat' dir='ltr'><strong>Si</strong></span> <span class='ocrx_word' id='word_1_132' title='bbox 1429 1102 1471 1156; x_wconf 83' lang='lat' dir='ltr'><strong>vis</strong></span> <span class='ocrx_word' id='word_1_133' title='bbox 1481 1102 1655 1160; x_wconf 88' lang='lat' dir='ltr'><strong>utmiserear</strong></span> <span class='ocrx_word' id='word_1_134' title='bbox 1663 1106 1716 1175; x_wconf 92' lang='lat' dir='ltr'><strong>tui,</strong></span> <span class='ocrx_word' id='word_1_135' title='bbox 1727 1106 1780 1162; x_wconf 90' lang='lat' dir='ltr'><strong>mi-</strong></span> 
     </span>
     <span class='ocr_line' id='line_1_11' title="bbox 136 1183 1789 1263; baseline 0.002 -16"><span class='ocrx_word' id='word_1_136' title='bbox 136 1207 201 1247; x_wconf 88' lang='lat' dir='ltr'><strong>ecce</strong></span> <span class='ocrx_word' id='word_1_137' title='bbox 220 1207 272 1262; x_wconf 90' lang='lat' dir='ltr'><strong>ego</strong></span> <span class='ocrx_word' id='word_1_138' title='bbox 292 1206 361 1261; x_wconf 85' lang='lat' dir='ltr'><strong>rogo</strong></span> <span class='ocrx_word' id='word_1_139' title='bbox 380 1189 505 1244; x_wconf 87' lang='lat' dir='ltr'><strong>seniores</strong></span> <span class='ocrx_word' id='word_1_140' title='bbox 525 1195 553 1242; x_wconf 90' lang='lat' dir='ltr'><strong>et</strong></span> <span class='ocrx_word' id='word_1_141' title='bbox 576 1186 673 1241; x_wconf 91' lang='lat' dir='ltr'><strong>dicunt</strong></span> <span class='ocrx_word' id='word_1_142' title='bbox 694 1184 765 1240; x_wconf 90' lang='lat' dir='ltr'><strong>mibi</strong></span> <span class='ocrx_word' id='word_1_143' title='bbox 793 1184 828 1238; x_wconf 91' lang='lat' dir='ltr'><strong>de</strong></span> <span class='ocrx_word' id='word_1_144' title='bbox 848 1183 939 1237; x_wconf 90' lang='lat' dir='ltr'><strong>salute</strong></span> <span class='ocrx_word' id='word_1_145' title='bbox 980 1200 1074 1240; x_wconf 85' lang='lat' dir='ltr'><strong>serere</strong></span> <span class='ocrx_word' id='word_1_146' title='bbox 1091 1191 1120 1241; x_wconf 91' lang='lat' dir='ltr'><strong>ct</strong></span> <span class='ocrx_word' id='word_1_147' title='bbox 1135 1190 1164 1242; x_wconf 94' lang='lat' dir='ltr'><strong>tu</strong></span> <span class='ocrx_word' id='word_1_148' title='bbox 1183 1187 1318 1245; x_wconf 85' lang='lat' dir='ltr'><strong>fratribus</strong></span> <span class='ocrx_word' id='word_1_149' title='bbox 1332 1189 1400 1258; x_wconf 88' lang='lat' dir='ltr'><strong>tuis,</strong></span> <span class='ocrx_word' id='word_1_150' title='bbox 1415 1196 1444 1246; x_wconf 91' lang='lat' dir='ltr'><strong>et</strong></span> <span class='ocrx_word' id='word_1_151' title='bbox 1459 1207 1510 1263; x_wconf 91' lang='lat' dir='ltr'><strong>ego</strong></span> <span class='ocrx_word' id='word_1_152' title='bbox 1526 1192 1663 1250; x_wconf 89' lang='lat' dir='ltr'><strong>misereor</strong></span> <span class='ocrx_word' id='word_1_153' title='bbox 1682 1196 1789 1263; x_wconf 77' lang='lat' dir='ltr'><strong>taisi</strong></span> 
     </span>
     <span class='ocr_line' id='line_1_12' title="bbox 135 1271 1788 1356; baseline 0.004 -20"><span class='ocrx_word' id='word_1_154' title='bbox 135 1280 240 1336; x_wconf 78' lang='lat' dir='ltr'><strong>anima</strong></span> <span class='ocrx_word' id='word_1_155' title='bbox 254 1296 333 1347; x_wconf 88' lang='lat' dir='ltr'><strong>meae,</strong></span> <span class='ocrx_word' id='word_1_156' title='bbox 347 1284 376 1334; x_wconf 87' lang='lat' dir='ltr'><strong>et</strong></span> <span class='ocrx_word' id='word_1_157' title='bbox 392 1277 462 1333; x_wconf 88' lang='lat' dir='ltr'><strong>nihil</strong></span> <span class='ocrx_word' id='word_1_158' title='bbox 474 1276 582 1332; x_wconf 86' lang='lat' dir='ltr'><strong>retineo</strong></span> <span class='ocrx_word' id='word_1_159' title='bbox 592 1275 627 1329; x_wconf 89' lang='lat' dir='ltr'><strong>de</strong></span> <span class='ocrx_word' id='word_1_160' title='bbox 641 1273 731 1329; x_wconf 80' lang='lat' dir='ltr'><strong>verbis</strong></span> <span class='ocrx_word' id='word_1_161' title='bbox 742 1289 840 1328; x_wconf 89' lang='lat' dir='ltr'><strong>eorum</strong></span> <span class='ocrx_word' id='word_1_162' title='bbox 851 1291 858 1341; x_wconf 91' lang='lat'>;</span> <span class='ocrx_word' id='word_1_163' title='bbox 871 1271 936 1344; x_wconf 92' lang='lat' dir='ltr'><strong>quid</strong></span> <span class='ocrx_word' id='word_1_164' title='bbox 980 1279 1077 1330; x_wconf 89' lang='lat' dir='ltr'><strong>autem</strong></span> <span class='ocrx_word' id='word_1_165' title='bbox 1090 1275 1131 1330; x_wconf 87' lang='lat' dir='ltr'><strong>vis</strong></span> <span class='ocrx_word' id='word_1_166' title='bbox 1152 1281 1185 1331; x_wconf 88' lang='lat' dir='ltr'><strong>ut</strong></span> <span class='ocrx_word' id='word_1_167' title='bbox 1198 1277 1342 1348; x_wconf 82' lang='lat' dir='ltr'><strong>ignoscam</strong></span> <span class='ocrx_word' id='word_1_168' title='bbox 1356 1279 1417 1348; x_wconf 86' lang='lat' dir='ltr'><strong>tibi,</strong></span> <span class='ocrx_word' id='word_1_169' title='bbox 1436 1280 1548 1351; x_wconf 78' lang='lat' dir='ltr'><strong>igneam</strong></span> <span class='ocrx_word' id='word_1_170' title='bbox 1574 1288 1603 1340; x_wconf 94' lang='lat' dir='ltr'><strong>et</strong></span> <span class='ocrx_word' id='word_1_171' title='bbox 1613 1289 1645 1338; x_wconf 92' lang='lat' dir='ltr'><strong>tu</strong></span> <span class='ocrx_word' id='word_1_172' title='bbox 1657 1285 1788 1356; x_wconf 63' lang='lat' dir='ltr'><strong>proximo,</strong></span> 
     </span>
     <span class='ocr_line' id='line_1_13' title="bbox 135 1361 1782 1441; baseline 0.003 -15"><span class='ocrx_word' id='word_1_173' title='bbox 135 1375 235 1426; x_wconf 86' lang='lat' dir='ltr'><strong>autem</strong></span> <span class='ocrx_word' id='word_1_174' title='bbox 249 1370 292 1424; x_wconf 87' lang='lat' dir='ltr'><strong>vel</strong></span> <span class='ocrx_word' id='word_1_175' title='bbox 310 1385 379 1440; x_wconf 89' lang='lat' dir='ltr'><strong>rogo</strong></span> <span class='ocrx_word' id='word_1_176' title='bbox 395 1384 442 1422; x_wconf 92' lang='lat' dir='ltr'><strong>eos</strong></span> <span class='ocrx_word' id='word_1_177' title='bbox 463 1365 533 1421; x_wconf 90' lang='lat' dir='ltr'><strong>nihil</strong></span> <span class='ocrx_word' id='word_1_178' title='bbox 557 1363 732 1437; x_wconf 81' lang='lat' dir='ltr'><strong>proficiens?</strong></span> <span class='ocrx_word' id='word_1_179' title='bbox 756 1364 843 1418; x_wconf 86' lang='lat' dir='ltr'><strong>Totus</strong></span> <span class='ocrx_word' id='word_1_180' title='bbox 862 1361 938 1417; x_wconf 89' lang='lat' dir='ltr'><strong>euim</strong></span> <span class='ocrx_word' id='word_1_181' title='bbox 979 1366 1039 1419; x_wconf 88' lang='lat' dir='ltr'><strong>tuo.</strong></span> <span class='ocrx_word' id='word_1_182' title='bbox 1059 1365 1220 1437; x_wconf 91' lang='lat' dir='ltr'><strong>Nunquida</strong></span> <span class='ocrx_word' id='word_1_183' title='bbox 1233 1367 1291 1423; x_wconf 90' lang='lat' dir='ltr'><strong>Deo</strong></span> <span class='ocrx_word' id='word_1_184' title='bbox 1305 1375 1348 1424; x_wconf 89' lang='lat' dir='ltr'><strong>est</strong></span> <span class='ocrx_word' id='word_1_185' title='bbox 1361 1369 1463 1424; x_wconf 82' lang='lat' dir='ltr'><strong>causa?</strong></span> <span class='ocrx_word' id='word_1_186' title='bbox 1478 1369 1576 1441; x_wconf 86' lang='lat' dir='ltr'><strong>Absit;</strong></span> <span class='ocrx_word' id='word_1_187' title='bbox 1593 1372 1687 1429; x_wconf 87' lang='lat' dir='ltr'><strong>sedin</strong></span> <span class='ocrx_word' id='word_1_188' title='bbox 1701 1373 1782 1431; x_wconf 92' lang='lat' dir='ltr'><strong>nobis</strong></span> 
     </span>
     <span class='ocr_line' id='line_1_14' title="bbox 136 1449 1345 1527; baseline -0.002 -13"><span class='ocrx_word' id='word_1_189' title='bbox 136 1475 202 1515; x_wconf 90' lang='lat' dir='ltr'><strong>sum</strong></span> <span class='ocrx_word' id='word_1_190' title='bbox 217 1459 246 1513; x_wconf 91' lang='lat' dir='ltr'><strong>in</strong></span> <span class='ocrx_word' id='word_1_191' title='bbox 267 1455 448 1513; x_wconf 87' lang='lat' dir='ltr'><strong>immunditia</strong></span> <span class='ocrx_word' id='word_1_192' title='bbox 466 1457 550 1527; x_wconf 70' lang='lat' dir='ltr'><strong>(dull.</strong></span> <span class='ocrx_word' id='word_1_193' title='bbox 566 1459 585 1510; x_wconf 87' lang='lat' dir='ltr'><strong>t.</strong></span> <span class='ocrx_word' id='word_1_194' title='bbox 597 1469 639 1520; x_wconf 93' lang='lat'><strong>111,</strong></span> <span class='ocrx_word' id='word_1_195' title='bbox 656 1470 685 1508; x_wconf 86' lang='lat' dir='ltr'><strong>n.</strong></span> <span class='ocrx_word' id='word_1_196' title='bbox 703 1449 774 1522; x_wconf 81' lang='lat'><strong>178).</strong></span> <span class='ocrx_word' id='word_1_197' title='bbox 791 1453 879 1508; x_wconf 84' lang='lat' dir='ltr'><strong>Erant</strong></span> <span class='ocrx_word' id='word_1_198' title='bbox 893 1468 946 1507; x_wconf 88' lang='lat' dir='ltr'><strong>au·</strong></span> <span class='ocrx_word' id='word_1_199' title='bbox 986 1456 1038 1517; x_wconf 90' lang='lat' dir='ltr'><strong>est,</strong></span> <span class='ocrx_word' id='word_1_200' title='bbox 1055 1452 1079 1506; x_wconf 94' lang='lat' dir='ltr'><strong>si</strong></span> <span class='ocrx_word' id='word_1_201' title='bbox 1091 1453 1220 1508; x_wconf 83' lang='lat' dir='ltr'><strong>volumus</strong></span> <span class='ocrx_word' id='word_1_202' title='bbox 1234 1455 1345 1511; x_wconf 88' lang='lat' dir='ltr'><strong>salvari.</strong></span> 
     </span>
     <span class='ocr_line' id='line_1_15' title="bbox 136 1538 1783 1623; baseline 0.003 -19"><span class='ocrx_word' id='word_1_203' title='bbox 136 1554 197 1604; x_wconf 90' lang='lat' dir='ltr'><strong>tem</strong></span> <span class='ocrx_word' id='word_1_204' title='bbox 211 1547 266 1602; x_wconf 94' lang='lat' dir='ltr'><strong>duo</strong></span> <span class='ocrx_word' id='word_1_205' title='bbox 285 1562 351 1602; x_wconf 89' lang='lat' dir='ltr'><strong>vasa</strong></span> <span class='ocrx_word' id='word_1_206' title='bbox 373 1561 467 1604; x_wconf 87' lang='lat' dir='ltr'><strong>vacua.</strong></span> <span class='ocrx_word' id='word_1_207' title='bbox 490 1545 525 1599; x_wconf 83' lang='lat' dir='ltr'><strong>Et</strong></span> <span class='ocrx_word' id='word_1_208' title='bbox 548 1543 619 1599; x_wconf 86' lang='lat' dir='ltr'><strong>dixit</strong></span> <span class='ocrx_word' id='word_1_209' title='bbox 637 1543 661 1598; x_wconf 91' lang='lat' dir='ltr'><strong>ci</strong></span> <span class='ocrx_word' id='word_1_210' title='bbox 675 1559 779 1598; x_wconf 90' lang='lat' dir='ltr'><strong>senex:</strong></span> <span class='ocrx_word' id='word_1_211' title='bbox 805 1541 893 1610; x_wconf 84' lang='lat' dir='ltr'><strong>Vade,</strong></span> <span class='ocrx_word' id='word_1_212' title='bbox 915 1543 944 1596; x_wconf 88' lang='lat' dir='ltr'><strong>et</strong></span> <span class='ocrx_word' id='word_1_213' title='bbox 1021 1538 1065 1597; x_wconf 84' lang='lat'><strong>96.</strong></span> <span class='ocrx_word' id='word_1_214' title='bbox 1079 1541 1216 1598; x_wconf 88' lang='lat' dir='ltr'><strong>Dicebant</strong></span> <span class='ocrx_word' id='word_1_215' title='bbox 1226 1544 1261 1599; x_wconf 92' lang='lat' dir='ltr'><strong>de</strong></span> <span class='ocrx_word' id='word_1_216' title='bbox 1276 1545 1398 1617; x_wconf 88' lang='lat' dir='ltr'><strong>quodam</strong></span> <span class='ocrx_word' id='word_1_217' title='bbox 1411 1563 1478 1603; x_wconf 87' lang='lat' dir='ltr'><strong>sene</strong></span> <span class='ocrx_word' id='word_1_218' title='bbox 1490 1547 1520 1603; x_wconf 92' lang='lat' dir='ltr'><strong>in</strong></span> <span class='ocrx_word' id='word_1_219' title='bbox 1536 1549 1620 1605; x_wconf 80' lang='lat' dir='ltr'><strong>Celtis</strong></span> <span class='ocrx_word' id='word_1_220' title='bbox 1635 1550 1702 1623; x_wconf 88' lang='lat' dir='ltr'><strong>quia</strong></span> <span class='ocrx_word' id='word_1_221' title='bbox 1721 1555 1783 1610; x_wconf 85' lang='lat' dir='ltr'><strong>erat</strong></span> 
     </span>
     <span class='ocr_line' id='line_1_16' title="bbox 137 1630 1783 1714; baseline 0.002 -20"><span class='ocrx_word' id='word_1_222' title='bbox 137 1637 318 1694; x_wconf 87' lang='lat' dir='ltr'><strong>auferunum</strong></span> <span class='ocrx_word' id='word_1_223' title='bbox 328 1653 361 1692; x_wconf 90' lang='lat' dir='ltr'><strong>ex</strong></span> <span class='ocrx_word' id='word_1_224' title='bbox 377 1635 451 1691; x_wconf 84' lang='lat' dir='ltr'><strong>vasis</strong></span> <span class='ocrx_word' id='word_1_225' title='bbox 468 1633 539 1702; x_wconf 90' lang='lat' dir='ltr'><strong>istis,</strong></span> <span class='ocrx_word' id='word_1_226' title='bbox 563 1639 592 1689; x_wconf 92' lang='lat' dir='ltr'><strong>et</strong></span> <span class='ocrx_word' id='word_1_227' title='bbox 605 1633 686 1688; x_wconf 88' lang='lat' dir='ltr'><strong>mitte</strong></span> <span class='ocrx_word' id='word_1_228' title='bbox 699 1633 729 1687; x_wconf 92' lang='lat' dir='ltr'><strong>in</strong></span> <span class='ocrx_word' id='word_1_229' title='bbox 744 1649 777 1687; x_wconf 93' lang='lat' dir='ltr'><strong>eo</strong></span> <span class='ocrx_word' id='word_1_230' title='bbox 791 1632 895 1698; x_wconf 90' lang='lat' dir='ltr'><strong>oleum,</strong></span> <span class='ocrx_word' id='word_1_231' title='bbox 912 1636 942 1686; x_wconf 89' lang='lat' dir='ltr'><strong>et</strong></span> <span class='ocrx_word' id='word_1_232' title='bbox 984 1630 1262 1702; x_wconf 87' lang='lat' dir='ltr'><strong>magnuslaborator.</strong></span> <span class='ocrx_word' id='word_1_233' title='bbox 1275 1634 1455 1692; x_wconf 82' lang='lat' dir='ltr'><strong>Cumiaceret</strong></span> <span class='ocrx_word' id='word_1_234' title='bbox 1467 1654 1538 1709; x_wconf 89' lang='lat' dir='ltr'><strong>opus</strong></span> <span class='ocrx_word' id='word_1_235' title='bbox 1553 1655 1646 1707; x_wconf 88' lang='lat' dir='ltr'><strong>suum,</strong></span> <span class='ocrx_word' id='word_1_236' title='bbox 1663 1642 1783 1714; x_wconf 87' lang='lat' dir='ltr'><strong>contigit</strong></span> 
     </span>
     <span class='ocr_line' id='line_1_17' title="bbox 137 1719 1780 1797; baseline 0.002 -14"><span class='ocrx_word' id='word_1_237' title='bbox 137 1727 260 1784; x_wconf 87' lang='lat' dir='ltr'><strong>accende</strong></span> <span class='ocrx_word' id='word_1_238' title='bbox 269 1727 346 1782; x_wconf 90' lang='lat' dir='ltr'><strong>intus</strong></span> <span class='ocrx_word' id='word_1_239' title='bbox 357 1731 480 1797; x_wconf 90' lang='lat' dir='ltr'><strong>stupam,</strong></span> <span class='ocrx_word' id='word_1_240' title='bbox 494 1730 523 1780; x_wconf 91' lang='lat' dir='ltr'><strong>et</strong></span> <span class='ocrx_word' id='word_1_241' title='bbox 536 1723 655 1778; x_wconf 84' lang='lat' dir='ltr'><strong>refunde</strong></span> <span class='ocrx_word' id='word_1_242' title='bbox 664 1723 767 1788; x_wconf 89' lang='lat' dir='ltr'><strong>oleum,</strong></span> <span class='ocrx_word' id='word_1_243' title='bbox 777 1726 938 1793; x_wconf 84' lang='lat' dir='ltr'><strong>etponevas</strong></span> <span class='ocrx_word' id='word_1_244' title='bbox 949 1719 1069 1791; x_wconf 74' lang='lat' dir='ltr'><strong>Balium</strong></span> <span class='ocrx_word' id='word_1_245' title='bbox 1084 1737 1254 1793; x_wconf 88' lang='lat' dir='ltr'><strong>quemquam</strong></span> <span class='ocrx_word' id='word_1_246' title='bbox 1268 1728 1398 1780; x_wconf 87' lang='lat' dir='ltr'><strong>sanctum</strong></span> <span class='ocrx_word' id='word_1_247' title='bbox 1412 1725 1503 1781; x_wconf 85' lang='lat' dir='ltr'><strong>virum</strong></span> <span class='ocrx_word' id='word_1_248' title='bbox 1517 1727 1612 1783; x_wconf 89' lang='lat' dir='ltr'><strong>venire</strong></span> <span class='ocrx_word' id='word_1_249' title='bbox 1627 1729 1662 1784; x_wconf 85' lang='lat' dir='ltr'><strong>ad</strong></span> <span class='ocrx_word' id='word_1_250' title='bbox 1678 1730 1780 1786; x_wconf 89' lang='lat' dir='ltr'><strong>cellam</strong></span> 
     </span>
     <span class='ocr_line' id='line_1_18' title="bbox 136 1809 1780 1891; baseline 0.002 -19"><span class='ocrx_word' id='word_1_251' title='bbox 136 1816 273 1873; x_wconf 81' lang='lat' dir='ltr'><strong>inlocum</strong></span> <span class='ocrx_word' id='word_1_252' title='bbox 287 1833 380 1872; x_wconf 90' lang='lat' dir='ltr'><strong>suum.</strong></span> <span class='ocrx_word' id='word_1_253' title='bbox 395 1816 430 1870; x_wconf 86' lang='lat' dir='ltr'><strong>Et</strong></span> <span class='ocrx_word' id='word_1_254' title='bbox 444 1814 510 1869; x_wconf 88' lang='lat' dir='ltr'><strong>lecit</strong></span> <span class='ocrx_word' id='word_1_255' title='bbox 522 1813 572 1868; x_wconf 90' lang='lat' dir='ltr'><strong>sic.</strong></span> <span class='ocrx_word' id='word_1_256' title='bbox 582 1814 617 1868; x_wconf 86' lang='lat' dir='ltr'><strong>Et</strong></span> <span class='ocrx_word' id='word_1_257' title='bbox 630 1811 701 1867; x_wconf 84' lang='lat' dir='ltr'><strong>dixit</strong></span> <span class='ocrx_word' id='word_1_258' title='bbox 715 1812 755 1867; x_wconf 92' lang='lat' dir='ltr'><strong>ei:</strong></span> <span class='ocrx_word' id='word_1_259' title='bbox 768 1811 823 1866; x_wconf 84' lang='lat' dir='ltr'><strong>Fac</strong></span> <span class='ocrx_word' id='word_1_260' title='bbox 836 1812 940 1867; x_wconf 91' lang='lat' dir='ltr'><strong>iterum</strong></span> <span class='ocrx_word' id='word_1_261' title='bbox 981 1809 1053 1879; x_wconf 90' lang='lat' dir='ltr'><strong>ejus,</strong></span> <span class='ocrx_word' id='word_1_262' title='bbox 1065 1815 1094 1864; x_wconf 91' lang='lat' dir='ltr'><strong>et</strong></span> <span class='ocrx_word' id='word_1_263' title='bbox 1105 1810 1212 1866; x_wconf 88' lang='lat' dir='ltr'><strong>audivit</strong></span> <span class='ocrx_word' id='word_1_264' title='bbox 1223 1828 1289 1867; x_wconf 89' lang='lat' dir='ltr'><strong>eum</strong></span> <span class='ocrx_word' id='word_1_265' title='bbox 1301 1813 1335 1868; x_wconf 95' lang='lat' dir='ltr'><strong>de</strong></span> <span class='ocrx_word' id='word_1_266' title='bbox 1345 1813 1413 1869; x_wconf 84' lang='lat' dir='ltr'><strong>loris</strong></span> <span class='ocrx_word' id='word_1_267' title='bbox 1422 1815 1583 1887; x_wconf 84' lang='lat' dir='ltr'><strong>litigantem</strong></span> <span class='ocrx_word' id='word_1_268' title='bbox 1593 1834 1658 1874; x_wconf 90' lang='lat' dir='ltr'><strong>cum</strong></span> <span class='ocrx_word' id='word_1_269' title='bbox 1675 1819 1780 1891; x_wconf 87' lang='lat' dir='ltr'><strong>cogita·</strong></span> 
     </span>
     <span class='ocr_line' id='line_1_19' title="bbox 138 1897 1780 1978; baseline 0.001 -16"><span class='ocrx_word' id='word_1_270' title='bbox 138 1904 192 1962; x_wconf 86' lang='lat' dir='ltr'><strong>sic.</strong></span> <span class='ocrx_word' id='word_1_271' title='bbox 216 1905 251 1961; x_wconf 81' lang='lat' dir='ltr'><strong>Et</strong></span> <span class='ocrx_word' id='word_1_272' title='bbox 272 1922 337 1960; x_wconf 91' lang='lat' dir='ltr'><strong>cum</strong></span> <span class='ocrx_word' id='word_1_273' title='bbox 358 1903 470 1960; x_wconf 83' lang='lat' dir='ltr'><strong>fecisset</strong></span> <span class='ocrx_word' id='word_1_274' title='bbox 497 1905 550 1959; x_wconf 94' lang='lat' dir='ltr'><strong>hoc</strong></span> <span class='ocrx_word' id='word_1_275' title='bbox 564 1902 676 1975; x_wconf 83' lang='lat' dir='ltr'><strong>saepius,</strong></span> <span class='ocrx_word' id='word_1_276' title='bbox 690 1901 760 1956; x_wconf 89' lang='lat' dir='ltr'><strong>dixit</strong></span> <span class='ocrx_word' id='word_1_277' title='bbox 781 1902 806 1956; x_wconf 90' lang='lat' dir='ltr'><strong>ei</strong></span> <span class='ocrx_word' id='word_1_278' title='bbox 831 1917 937 1957; x_wconf 90' lang='lat' dir='ltr'><strong>senex:</strong></span> <span class='ocrx_word' id='word_1_279' title='bbox 981 1897 1114 1964; x_wconf 85' lang='lat' dir='ltr'><strong>tionibus,</strong></span> <span class='ocrx_word' id='word_1_280' title='bbox 1128 1905 1157 1955; x_wconf 91' lang='lat' dir='ltr'><strong>et</strong></span> <span class='ocrx_word' id='word_1_281' title='bbox 1165 1899 1486 1976; x_wconf 82' lang='lat' dir='ltr'><strong>dicentem:Usquequo</strong></span> <span class='ocrx_word' id='word_1_282' title='bbox 1494 1912 1610 1978; x_wconf 87' lang='lat' dir='ltr'><strong>propter</strong></span> <span class='ocrx_word' id='word_1_283' title='bbox 1620 1923 1710 1964; x_wconf 91' lang='lat' dir='ltr'><strong>unum</strong></span> <span class='ocrx_word' id='word_1_284' title='bbox 1720 1926 1780 1964; x_wconf 83' lang='lat' dir='ltr'><strong>ver-</strong></span> 
     </span>
     <span class='ocr_line' id='line_1_20' title="bbox 139 1984 1781 2069; baseline 0.002 -18"><span class='ocrx_word' id='word_1_285' title='bbox 139 1995 219 2051; x_wconf 75' lang='lat' dir='ltr'><strong>Alter</strong></span> <span class='ocrx_word' id='word_1_286' title='bbox 231 1994 314 2051; x_wconf 89' lang='lat' dir='ltr'><strong>modo</strong></span> <span class='ocrx_word' id='word_1_287' title='bbox 322 1999 442 2066; x_wconf 88' lang='lat' dir='ltr'><strong>utraque</strong></span> <span class='ocrx_word' id='word_1_288' title='bbox 455 2009 531 2060; x_wconf 89' lang='lat' dir='ltr'><strong>vasa,</strong></span> <span class='ocrx_word' id='word_1_289' title='bbox 545 1998 573 2048; x_wconf 91' lang='lat' dir='ltr'><strong>et</strong></span> <span class='ocrx_word' id='word_1_290' title='bbox 585 1991 648 2046; x_wconf 83' lang='lat' dir='ltr'><strong>ride</strong></span> <span class='ocrx_word' id='word_1_291' title='bbox 658 1991 734 2062; x_wconf 90' lang='lat' dir='ltr'><strong>quod</strong></span> <span class='ocrx_word' id='word_1_292' title='bbox 747 2007 844 2047; x_wconf 92' lang='lat' dir='ltr'><strong>eorum</strong></span> <span class='ocrx_word' id='word_1_293' title='bbox 855 2006 938 2047; x_wconf 89' lang='lat' dir='ltr'><strong>mun·</strong></span> <span class='ocrx_word' id='word_1_294' title='bbox 981 1984 1048 2042; x_wconf 89' lang='lat' dir='ltr'><strong>bum</strong></span> <span class='ocrx_word' id='word_1_295' title='bbox 1064 1988 1160 2043; x_wconf 91' lang='lat' dir='ltr'><strong>omnia</strong></span> <span class='ocrx_word' id='word_1_296' title='bbox 1169 1988 1218 2044; x_wconf 90' lang='lat' dir='ltr'><strong>illa</strong></span> <span class='ocrx_word' id='word_1_297' title='bbox 1232 1989 1350 2046; x_wconf 81' lang='lat' dir='ltr'><strong>amitto?</strong></span> <span class='ocrx_word' id='word_1_298' title='bbox 1365 1993 1412 2047; x_wconf 91' lang='lat' dir='ltr'><strong>llle</strong></span> <span class='ocrx_word' id='word_1_299' title='bbox 1428 1998 1523 2049; x_wconf 83' lang='lat' dir='ltr'><strong>autem</strong></span> <span class='ocrx_word' id='word_1_300' title='bbox 1537 1995 1605 2050; x_wconf 87' lang='lat' dir='ltr'><strong>foris</strong></span> <span class='ocrx_word' id='word_1_301' title='bbox 1618 2000 1705 2063; x_wconf 87' lang='lat' dir='ltr'><strong>stans,</strong></span> <span class='ocrx_word' id='word_1_302' title='bbox 1726 2014 1781 2069; x_wconf 89' lang='lat' dir='ltr'><strong>pu·</strong></span> 
     </span>
     <span class='ocr_line' id='line_1_21' title="bbox 142 2075 1783 2156; baseline 0.002 -17"><span class='ocrx_word' id='word_1_303' title='bbox 142 2083 207 2140; x_wconf 88' lang='lat' dir='ltr'><strong>dius</strong></span> <span class='ocrx_word' id='word_1_304' title='bbox 220 2084 267 2139; x_wconf 89' lang='lat' dir='ltr'><strong>sit.</strong></span> <span class='ocrx_word' id='word_1_305' title='bbox 283 2084 317 2139; x_wconf 86' lang='lat' dir='ltr'><strong>Et</strong></span> <span class='ocrx_word' id='word_1_306' title='bbox 326 2083 484 2155; x_wconf 89' lang='lat' dir='ltr'><strong>respoudit:</strong></span> <span class='ocrx_word' id='word_1_307' title='bbox 502 2082 575 2138; x_wconf 86' lang='lat' dir='ltr'><strong>Illud</strong></span> <span class='ocrx_word' id='word_1_308' title='bbox 587 2080 635 2136; x_wconf 91' lang='lat' dir='ltr'><strong>nbi</strong></span> <span class='ocrx_word' id='word_1_309' title='bbox 645 2081 738 2137; x_wconf 90' lang='lat' dir='ltr'><strong>oleum</strong></span> <span class='ocrx_word' id='word_1_310' title='bbox 748 2080 822 2135; x_wconf 88' lang='lat' dir='ltr'><strong>misi.</strong></span> <span class='ocrx_word' id='word_1_311' title='bbox 832 2080 885 2136; x_wconf 81' lang='lat' dir='ltr'><strong>Cui</strong></span> <span class='ocrx_word' id='word_1_312' title='bbox 899 2097 940 2135; x_wconf 88' lang='lat' dir='ltr'><strong>se-</strong></span> <span class='ocrx_word' id='word_1_313' title='bbox 981 2075 1061 2131; x_wconf 87' lang='lat' dir='ltr'><strong>tabat</strong></span> <span class='ocrx_word' id='word_1_314' title='bbox 1070 2078 1136 2149; x_wconf 93' lang='lat' dir='ltr'><strong>quia</strong></span> <span class='ocrx_word' id='word_1_315' title='bbox 1145 2094 1208 2133; x_wconf 87' lang='lat' dir='ltr'><strong>cum</strong></span> <span class='ocrx_word' id='word_1_316' title='bbox 1218 2079 1374 2152; x_wconf 88' lang='lat' dir='ltr'><strong>aliquoalio</strong></span> <span class='ocrx_word' id='word_1_317' title='bbox 1385 2080 1517 2153; x_wconf 83' lang='lat' dir='ltr'><strong>litigaret,</strong></span> <span class='ocrx_word' id='word_1_318' title='bbox 1530 2089 1559 2139; x_wconf 90' lang='lat' dir='ltr'><strong>et</strong></span> <span class='ocrx_word' id='word_1_319' title='bbox 1568 2083 1689 2156; x_wconf 87' lang='lat' dir='ltr'><strong>pulsavit</strong></span> <span class='ocrx_word' id='word_1_320' title='bbox 1698 2086 1783 2144; x_wconf 88' lang='lat' dir='ltr'><strong>utin·</strong></span> 
     </span>
     <span class='ocr_line' id='line_1_22' title="bbox 139 2166 1782 2247; baseline 0.002 -20"><span class='ocrx_word' id='word_1_321' title='bbox 139 2187 195 2227; x_wconf 89' lang='lat' dir='ltr'><strong>nex</strong></span> <span class='ocrx_word' id='word_1_322' title='bbox 209 2172 298 2228; x_wconf 82' lang='lat' dir='ltr'><strong>dixit:</strong></span> <span class='ocrx_word' id='word_1_323' title='bbox 317 2172 363 2228; x_wconf 90' lang='lat' dir='ltr'><strong>Sic</strong></span> <span class='ocrx_word' id='word_1_324' title='bbox 376 2178 419 2228; x_wconf 92' lang='lat' dir='ltr'><strong>est</strong></span> <span class='ocrx_word' id='word_1_325' title='bbox 434 2177 462 2227; x_wconf 90' lang='lat' dir='ltr'><strong>et</strong></span> <span class='ocrx_word' id='word_1_326' title='bbox 477 2171 572 2226; x_wconf 90' lang='lat' dir='ltr'><strong>anima</strong></span> <span class='ocrx_word' id='word_1_327' title='bbox 585 2171 620 2225; x_wconf 91' lang='lat' dir='ltr'><strong>de</strong></span> <span class='ocrx_word' id='word_1_328' title='bbox 634 2171 677 2225; x_wconf 90' lang='lat' dir='ltr'><strong>his</strong></span> <span class='ocrx_word' id='word_1_329' title='bbox 694 2187 757 2243; x_wconf 83' lang='lat' dir='ltr'><strong>qum</strong></span> <span class='ocrx_word' id='word_1_330' title='bbox 773 2170 938 2242; x_wconf 85' lang='lat' dir='ltr'><strong>interrogat.</strong></span> <span class='ocrx_word' id='word_1_331' title='bbox 981 2169 1071 2221; x_wconf 73' lang='lat' dir='ltr'><strong>maret</strong></span> <span class='ocrx_word' id='word_1_332' title='bbox 1085 2171 1113 2221; x_wconf 89' lang='lat' dir='ltr'><strong>et</strong></span> <span class='ocrx_word' id='word_1_333' title='bbox 1125 2166 1352 2239; x_wconf 79' lang='lat' dir='ltr'><strong>pacificareteos3</strong></span> <span class='ocrx_word' id='word_1_334' title='bbox 1365 2173 1394 2224; x_wconf 87' lang='lat' dir='ltr'><strong>et</strong></span> <span class='ocrx_word' id='word_1_335' title='bbox 1403 2169 1563 2241; x_wconf 87' lang='lat' dir='ltr'><strong>ingrediens</strong></span> <span class='ocrx_word' id='word_1_336' title='bbox 1574 2172 1706 2229; x_wconf 90' lang='lat' dir='ltr'><strong>etvidens</strong></span> <span class='ocrx_word' id='word_1_337' title='bbox 1715 2175 1782 2247; x_wconf 91' lang='lat' dir='ltr'><strong>quin</strong></span> 
     </span>
     <span class='ocr_line' id='line_1_23' title="bbox 141 2255 1781 2336; baseline 0.002 -19"><span class='ocrx_word' id='word_1_338' title='bbox 141 2261 275 2328; x_wconf 82' lang='lat' dir='ltr'><strong>Quamvis</strong></span> <span class='ocrx_word' id='word_1_339' title='bbox 300 2261 376 2317; x_wconf 89' lang='lat' dir='ltr'><strong>enim</strong></span> <span class='ocrx_word' id='word_1_340' title='bbox 399 2261 470 2316; x_wconf 93' lang='lat' dir='ltr'><strong>nihil</strong></span> <span class='ocrx_word' id='word_1_341' title='bbox 494 2259 616 2315; x_wconf 90' lang='lat' dir='ltr'><strong>retineat</strong></span> <span class='ocrx_word' id='word_1_342' title='bbox 640 2275 737 2314; x_wconf 87' lang='lat' dir='ltr'><strong>corum</strong></span> <span class='ocrx_word' id='word_1_343' title='bbox 763 2276 825 2331; x_wconf 89' lang='lat' dir='ltr'><strong>quae</strong></span> <span class='ocrx_word' id='word_1_344' title='bbox 849 2259 937 2327; x_wconf 87' lang='lat' dir='ltr'><strong>audit,</strong></span> <span class='ocrx_word' id='word_1_345' title='bbox 981 2255 1146 2310; x_wconf 83' lang='lat' dir='ltr'><strong>nemoalius</strong></span> <span class='ocrx_word' id='word_1_346' title='bbox 1161 2256 1319 2325; x_wconf 89' lang='lat' dir='ltr'><strong>eratintro,</strong></span> <span class='ocrx_word' id='word_1_347' title='bbox 1335 2257 1441 2314; x_wconf 90' lang='lat' dir='ltr'><strong>habens</strong></span> <span class='ocrx_word' id='word_1_348' title='bbox 1455 2260 1542 2315; x_wconf 88' lang='lat' dir='ltr'><strong>etiam</strong></span> <span class='ocrx_word' id='word_1_349' title='bbox 1555 2261 1688 2319; x_wconf 85' lang='lat' dir='ltr'><strong>fiduciam</strong></span> <span class='ocrx_word' id='word_1_350' title='bbox 1705 2265 1781 2336; x_wconf 92' lang='lat' dir='ltr'><strong>apud</strong></span> 
     </span>
     <span class='ocr_line' id='line_1_24' title="bbox 139 2343 1780 2420; baseline 0.004 -19"><span class='ocrx_word' id='word_1_351' title='bbox 139 2347 309 2419; x_wconf 83' lang='lat' dir='ltr'><strong>tamenplus</strong></span> <span class='ocrx_word' id='word_1_352' title='bbox 323 2346 385 2418; x_wconf 89' lang='lat' dir='ltr'><strong>ipsa</strong></span> <span class='ocrx_word' id='word_1_353' title='bbox 395 2343 578 2401; x_wconf 88' lang='lat' dir='ltr'><strong>mundabitur</strong></span> <span class='ocrx_word' id='word_1_354' title='bbox 590 2360 675 2415; x_wconf 89' lang='lat' dir='ltr'><strong>quam</strong></span> <span class='ocrx_word' id='word_1_355' title='bbox 689 2343 738 2398; x_wconf 86' lang='lat' dir='ltr'><strong>illa</strong></span> <span class='ocrx_word' id='word_1_356' title='bbox 752 2360 814 2416; x_wconf 86' lang='lat' dir='ltr'><strong>quae</strong></span> <span class='ocrx_word' id='word_1_357' title='bbox 825 2344 939 2401; x_wconf 90' lang='lat' dir='ltr'><strong>omnino</strong></span> <span class='ocrx_word' id='word_1_358' title='bbox 981 2360 1088 2412; x_wconf 89' lang='lat' dir='ltr'><strong>senem,</strong></span> <span class='ocrx_word' id='word_1_359' title='bbox 1105 2345 1176 2400; x_wconf 85' lang='lat' dir='ltr'><strong>dixit</strong></span> <span class='ocrx_word' id='word_1_360' title='bbox 1188 2345 1228 2400; x_wconf 86' lang='lat' dir='ltr'><strong>ei:</strong></span> <span class='ocrx_word' id='word_1_361' title='bbox 1245 2346 1316 2401; x_wconf 83' lang='lat' dir='ltr'><strong>Cum</strong></span> <span class='ocrx_word' id='word_1_362' title='bbox 1331 2363 1385 2418; x_wconf 92' lang='lat' dir='ltr'><strong>quo</strong></span> <span class='ocrx_word' id='word_1_363' title='bbox 1399 2346 1538 2420; x_wconf 82' lang='lat' dir='ltr'><strong>litigabas,</strong></span> <span class='ocrx_word' id='word_1_364' title='bbox 1555 2349 1646 2405; x_wconf 82' lang='lat' dir='ltr'><strong>abba?</strong></span> <span class='ocrx_word' id='word_1_365' title='bbox 1668 2352 1719 2407; x_wconf 87' lang='lat' dir='ltr'><strong>Ille</strong></span> <span class='ocrx_word' id='word_1_366' title='bbox 1733 2369 1780 2407; x_wconf 90' lang='lat' dir='ltr'><strong>re·</strong></span> 
     </span>
     <span class='ocr_line' id='line_1_25' title="bbox 140 2424 1781 2512; baseline 0.003 -20"><span class='ocrx_word' id='word_1_367' title='bbox 140 2452 194 2492; x_wconf 88' lang='lat' dir='ltr'><strong>nec</strong></span> <span class='ocrx_word' id='word_1_368' title='bbox 208 2424 363 2508; x_wconf 77' lang='lat' dir='ltr'><strong>interrogat</strong></span> <span class='ocrx_word' id='word_1_369' title='bbox 378 2435 542 2509; x_wconf 87' lang='lat' dir='ltr'><strong>quidquam.</strong></span> <span class='ocrx_word' id='word_1_370' title='bbox 982 2434 1109 2506; x_wconf 84' lang='lat' dir='ltr'><strong>spondit:</strong></span> <span class='ocrx_word' id='word_1_371' title='bbox 1125 2435 1197 2490; x_wconf 82' lang='lat' dir='ltr'><strong>Cum</strong></span> <span class='ocrx_word' id='word_1_372' title='bbox 1209 2435 1425 2506; x_wconf 85' lang='lat' dir='ltr'><strong>cogitationibus</strong></span> <span class='ocrx_word' id='word_1_373' title='bbox 1437 2437 1517 2506; x_wconf 91' lang='lat' dir='ltr'><strong>meis,</strong></span> <span class='ocrx_word' id='word_1_374' title='bbox 1530 2439 1598 2511; x_wconf 87' lang='lat' dir='ltr'><strong>quia</strong></span> <span class='ocrx_word' id='word_1_375' title='bbox 1611 2441 1781 2512; x_wconf 89' lang='lat' dir='ltr'><strong>quatuorde-</strong></span> 
     </span>
     <span class='ocr_line' id='line_1_26' title="bbox 178 2523 1780 2600; baseline 0.002 -17"><span class='ocrx_word' id='word_1_376' title='bbox 178 2525 222 2583; x_wconf 87' lang='grc'><strong>93.</strong></span> <span class='ocrx_word' id='word_1_377' title='bbox 238 2526 337 2583; x_wconf 82' lang='lat' dir='ltr'><strong>Frater</strong></span> <span class='ocrx_word' id='word_1_378' title='bbox 351 2525 465 2582; x_wconf 87' lang='lat' dir='ltr'><strong>sedebat</strong></span> <span class='ocrx_word' id='word_1_379' title='bbox 481 2525 595 2600; x_wconf 83' lang='lat' dir='ltr'><strong>incella</strong></span> <span class='ocrx_word' id='word_1_380' title='bbox 609 2541 661 2580; x_wconf 87' lang='lat' dir='ltr'><strong>sua</strong></span> <span class='ocrx_word' id='word_1_381' title='bbox 680 2524 836 2597; x_wconf 80' lang='lat' dir='ltr'><strong>quiescens,</strong></span> <span class='ocrx_word' id='word_1_382' title='bbox 850 2531 879 2581; x_wconf 91' lang='lat' dir='ltr'><strong>et</strong></span> <span class='ocrx_word' id='word_1_383' title='bbox 891 2543 941 2582; x_wconf 84' lang='lat' dir='ltr'><strong>ro·</strong></span> <span class='ocrx_word' id='word_1_384' title='bbox 982 2523 1037 2578; x_wconf 90' lang='lat' dir='ltr'><strong>cim</strong></span> <span class='ocrx_word' id='word_1_385' title='bbox 1058 2523 1143 2579; x_wconf 89' lang='lat' dir='ltr'><strong>libros</strong></span> <span class='ocrx_word' id='word_1_386' title='bbox 1163 2523 1310 2590; x_wconf 51' lang='lat' dir='ltr'><strong>¹memoria</strong></span> <span class='ocrx_word' id='word_1_387' title='bbox 1337 2526 1539 2596; x_wconf 87' lang='lat' dir='ltr'><strong>commendavi,</strong></span> <span class='ocrx_word' id='word_1_388' title='bbox 1563 2533 1592 2584; x_wconf 86' lang='lat' dir='ltr'><strong>et</strong></span> <span class='ocrx_word' id='word_1_389' title='bbox 1613 2544 1703 2586; x_wconf 91' lang='lat' dir='ltr'><strong>unum</strong></span> <span class='ocrx_word' id='word_1_390' title='bbox 1717 2547 1780 2587; x_wconf 87' lang='lat' dir='ltr'><strong>ver·</strong></span> 
     </span>
     <span class='ocr_line' id='line_1_27' title="bbox 140 2610 1779 2687; baseline 0.004 -17"><span class='ocrx_word' id='word_1_391' title='bbox 140 2613 238 2672; x_wconf 84' lang='lat' dir='ltr'><strong>lebant</strong></span> <span class='ocrx_word' id='word_1_392' title='bbox 249 2616 389 2672; x_wconf 86' lang='lat' dir='ltr'><strong>daemones</strong></span> <span class='ocrx_word' id='word_1_393' title='bbox 403 2616 536 2672; x_wconf 87' lang='lat' dir='ltr'><strong>seducere</strong></span> <span class='ocrx_word' id='word_1_394' title='bbox 554 2632 619 2671; x_wconf 92' lang='lat' dir='ltr'><strong>eum</strong></span> <span class='ocrx_word' id='word_1_395' title='bbox 640 2614 692 2671; x_wconf 92' lang='lat' dir='ltr'><strong>sub</strong></span> <span class='ocrx_word' id='word_1_396' title='bbox 716 2615 808 2687; x_wconf 90' lang='lat' dir='ltr'><strong>specie</strong></span> <span class='ocrx_word' id='word_1_397' title='bbox 824 2616 939 2687; x_wconf 89' lang='lat' dir='ltr'><strong>angelo·</strong></span> <span class='ocrx_word' id='word_1_398' title='bbox 981 2610 1049 2667; x_wconf 91' lang='lat' dir='ltr'><strong>bum</strong></span> <span class='ocrx_word' id='word_1_399' title='bbox 1063 2611 1204 2668; x_wconf 90' lang='lat' dir='ltr'><strong>modicum</strong></span> <span class='ocrx_word' id='word_1_400' title='bbox 1219 2613 1312 2669; x_wconf 90' lang='lat' dir='ltr'><strong>audivi</strong></span> <span class='ocrx_word' id='word_1_401' title='bbox 1326 2613 1404 2682; x_wconf 85' lang='lat' dir='ltr'><strong>foris,</strong></span> <span class='ocrx_word' id='word_1_402' title='bbox 1416 2620 1518 2672; x_wconf 89' lang='lat' dir='ltr'><strong>etcum</strong></span> <span class='ocrx_word' id='word_1_403' title='bbox 1533 2616 1672 2674; x_wconf 82' lang='lat' dir='ltr'><strong>venissem</strong></span> <span class='ocrx_word' id='word_1_404' title='bbox 1686 2619 1779 2676; x_wconf 82' lang='lat' dir='ltr'><strong>t&#39;accre</strong></span> 
     </span>
     <span class='ocr_line' id='line_1_28' title="bbox 139 2701 1780 2780; baseline 0.001 -18"><span class='ocrx_word' id='word_1_405' title='bbox 139 2720 216 2773; x_wconf 85' lang='lat' dir='ltr'><strong>rum,</strong></span> <span class='ocrx_word' id='word_1_406' title='bbox 228 2710 258 2760; x_wconf 87' lang='lat' dir='ltr'><strong>et</strong></span> <span class='ocrx_word' id='word_1_407' title='bbox 268 2704 427 2761; x_wconf 84' lang='lat' dir='ltr'><strong>excitabant</strong></span> <span class='ocrx_word' id='word_1_408' title='bbox 436 2721 502 2760; x_wconf 90' lang='lat' dir='ltr'><strong>eum</strong></span> <span class='ocrx_word' id='word_1_409' title='bbox 513 2710 546 2760; x_wconf 91' lang='lat' dir='ltr'><strong>ut</strong></span> <span class='ocrx_word' id='word_1_410' title='bbox 560 2705 614 2760; x_wconf 91' lang='lat' dir='ltr'><strong>iret</strong></span> <span class='ocrx_word' id='word_1_411' title='bbox 628 2705 664 2759; x_wconf 88' lang='lat' dir='ltr'><strong>ad</strong></span> <span class='ocrx_word' id='word_1_412' title='bbox 678 2705 833 2772; x_wconf 87' lang='lat' dir='ltr'><strong>collectam,</strong></span> <span class='ocrx_word' id='word_1_413' title='bbox 851 2710 880 2760; x_wconf 91' lang='lat' dir='ltr'><strong>et</strong></span> <span class='ocrx_word' id='word_1_414' title='bbox 892 2705 938 2760; x_wconf 91' lang='lat' dir='ltr'><strong>lu·</strong></span> <span class='ocrx_word' id='word_1_415' title='bbox 983 2718 1053 2774; x_wconf 92' lang='lat' dir='ltr'><strong>opus</strong></span> <span class='ocrx_word' id='word_1_416' title='bbox 1064 2701 1124 2769; x_wconf 89' lang='lat' dir='ltr'><strong>Dei,</strong></span> <span class='ocrx_word' id='word_1_417' title='bbox 1147 2702 1299 2768; x_wconf 87' lang='lat' dir='ltr'><strong>omniailla</strong></span> <span class='ocrx_word' id='word_1_418' title='bbox 1311 2703 1429 2775; x_wconf 92' lang='lat' dir='ltr'><strong>perdidi,</strong></span> <span class='ocrx_word' id='word_1_419' title='bbox 1443 2705 1534 2761; x_wconf 91' lang='lat' dir='ltr'><strong>ethoc</strong></span> <span class='ocrx_word' id='word_1_420' title='bbox 1548 2706 1641 2763; x_wconf 90' lang='lat' dir='ltr'><strong>solum</strong></span> <span class='ocrx_word' id='word_1_421' title='bbox 1651 2708 1726 2780; x_wconf 92' lang='lat' dir='ltr'><strong>quod</strong></span> <span class='ocrx_word' id='word_1_422' title='bbox 1736 2709 1780 2764; x_wconf 86' lang='lat' dir='ltr'><strong>fo-</strong></span> 
     </span>
     <span class='ocr_line' id='line_1_29' title="bbox 139 2791 1783 2867; baseline 0.002 -17"><span class='ocrx_word' id='word_1_423' title='bbox 139 2811 208 2850; x_wconf 88' lang='lat' dir='ltr'><strong>men</strong></span> <span class='ocrx_word' id='word_1_424' title='bbox 220 2794 406 2850; x_wconf 86' lang='lat' dir='ltr'><strong>ostendebant</strong></span> <span class='ocrx_word' id='word_1_425' title='bbox 417 2795 458 2852; x_wconf 84' lang='lat' dir='ltr'><strong>ci:</strong></span> <span class='ocrx_word' id='word_1_426' title='bbox 472 2794 520 2849; x_wconf 90' lang='lat' dir='ltr'><strong>illc</strong></span> <span class='ocrx_word' id='word_1_427' title='bbox 530 2799 626 2850; x_wconf 89' lang='lat' dir='ltr'><strong>autern</strong></span> <span class='ocrx_word' id='word_1_428' title='bbox 641 2793 717 2849; x_wconf 83' lang='lat' dir='ltr'><strong>venit</strong></span> <span class='ocrx_word' id='word_1_429' title='bbox 730 2795 766 2849; x_wconf 89' lang='lat' dir='ltr'><strong>ad</strong></span> <span class='ocrx_word' id='word_1_430' title='bbox 789 2794 942 2867; x_wconf 89' lang='lat' dir='ltr'><strong>quemdam</strong></span> <span class='ocrx_word' id='word_1_431' title='bbox 982 2791 1022 2845; x_wconf 89' lang='lat' dir='ltr'><strong>ris</strong></span> <span class='ocrx_word' id='word_1_432' title='bbox 1036 2791 1181 2846; x_wconf 86' lang='lat' dir='ltr'><strong>audieram</strong></span> <span class='ocrx_word' id='word_1_433' title='bbox 1187 2792 1264 2847; x_wconf 82' lang='lat' dir='ltr'><strong>venit</strong></span> <span class='ocrx_word' id='word_1_434' title='bbox 1275 2792 1305 2847; x_wconf 90' lang='lat' dir='ltr'><strong>in</strong></span> <span class='ocrx_word' id='word_1_435' title='bbox 1315 2793 1452 2848; x_wconf 91' lang='lat' dir='ltr'><strong>memoria</strong></span> <span class='ocrx_word' id='word_1_436' title='bbox 1458 2811 1522 2850; x_wconf 88' lang='lat' dir='ltr'><strong>mea</strong></span> <span class='ocrx_word' id='word_1_437' title='bbox 1533 2795 1562 2850; x_wconf 93' lang='lat' dir='ltr'><strong>in</strong></span> <span class='ocrx_word' id='word_1_438' title='bbox 1577 2795 1648 2852; x_wconf 89' lang='lat' dir='ltr'><strong>hora</strong></span> <span class='ocrx_word' id='word_1_439' title='bbox 1657 2797 1783 2855; x_wconf 84' lang='lat' dir='ltr'><strong>ministe-</strong></span> 
     </span>
     <span class='ocr_line' id='line_1_30' title="bbox 141 2879 1780 2956; baseline 0.002 -17"><span class='ocrx_word' id='word_1_440' title='bbox 141 2900 250 2952; x_wconf 91' lang='lat' dir='ltr'><strong>senem,</strong></span> <span class='ocrx_word' id='word_1_441' title='bbox 262 2889 291 2940; x_wconf 90' lang='lat' dir='ltr'><strong>et</strong></span> <span class='ocrx_word' id='word_1_442' title='bbox 299 2883 369 2939; x_wconf 92' lang='lat' dir='ltr'><strong>dixit</strong></span> <span class='ocrx_word' id='word_1_443' title='bbox 378 2884 412 2939; x_wconf 91' lang='lat' dir='ltr'><strong>ei:</strong></span> <span class='ocrx_word' id='word_1_444' title='bbox 425 2883 514 2952; x_wconf 86' lang='lat' dir='ltr'><strong>Abba,</strong></span> <span class='ocrx_word' id='word_1_445' title='bbox 525 2883 739 2955; x_wconf 81' lang='lat' dir='ltr'><strong>verriuntangeli</strong></span> <span class='ocrx_word' id='word_1_446' title='bbox 749 2900 814 2939; x_wconf 90' lang='lat' dir='ltr'><strong>cum</strong></span> <span class='ocrx_word' id='word_1_447' title='bbox 822 2883 938 2952; x_wconf 89' lang='lat' dir='ltr'><strong>lumine,</strong></span> <span class='ocrx_word' id='word_1_448' title='bbox 982 2879 1017 2934; x_wconf 88' lang='lat' dir='ltr'><strong>rii</strong></span> <span class='ocrx_word' id='word_1_449' title='bbox 1032 2880 1133 2948; x_wconf 91' lang='lat' dir='ltr'><strong>mei,et</strong></span> <span class='ocrx_word' id='word_1_450' title='bbox 1139 2886 1288 2952; x_wconf 89' lang='lat' dir='ltr'><strong>propterea</strong></span> <span class='ocrx_word' id='word_1_451' title='bbox 1298 2880 1446 2952; x_wconf 89' lang='lat' dir='ltr'><strong>litigabam</strong></span> <span class='ocrx_word' id='word_1_452' title='bbox 1455 2899 1519 2939; x_wconf 92' lang='lat' dir='ltr'><strong>cum</strong></span> <span class='ocrx_word' id='word_1_453' title='bbox 1527 2885 1696 2956; x_wconf 88' lang='lat' dir='ltr'><strong>cogitatione</strong></span> <span class='ocrx_word' id='word_1_454' title='bbox 1705 2904 1780 2943; x_wconf 87' lang='lat' dir='ltr'><strong>mea.</strong></span> 
     </span>
     <span class='ocr_line' id='line_1_31' title="bbox 140 2967 1779 3045; baseline 0.002 -16"><span class='ocrx_word' id='word_1_455' title='bbox 140 2978 171 3029; x_wconf 88' lang='lat' dir='ltr'><strong>et</strong></span> <span class='ocrx_word' id='word_1_456' title='bbox 183 2972 305 3029; x_wconf 91' lang='lat' dir='ltr'><strong>excitant</strong></span> <span class='ocrx_word' id='word_1_457' title='bbox 316 2973 404 3028; x_wconf 83' lang='lat' dir='ltr'><strong>mend</strong></span> <span class='ocrx_word' id='word_1_458' title='bbox 419 2973 573 3029; x_wconf 90' lang='lat' dir='ltr'><strong>collectam.</strong></span> <span class='ocrx_word' id='word_1_459' title='bbox 584 2972 622 3028; x_wconf 84' lang='lat' dir='ltr'><strong>Et</strong></span> <span class='ocrx_word' id='word_1_460' title='bbox 634 2973 703 3028; x_wconf 91' lang='lat' dir='ltr'><strong>dicit</strong></span> <span class='ocrx_word' id='word_1_461' title='bbox 716 2973 743 3027; x_wconf 92' lang='lat' dir='ltr'><strong>ei</strong></span> <span class='ocrx_word' id='word_1_462' title='bbox 755 2990 839 3029; x_wconf 86' lang='lat' dir='ltr'><strong>senex</strong></span> <span class='ocrx_word' id='word_1_463' title='bbox 852 2991 857 3026; x_wconf 96' lang='lat'><strong>:</strong></span> <span class='ocrx_word' id='word_1_464' title='bbox 876 2974 940 3029; x_wconf 92' lang='lat' dir='ltr'><strong>Non</strong></span> <span class='ocrx_word' id='word_1_465' title='bbox 1016 2967 1051 3024; x_wconf 82' lang='grc'><strong>97</strong></span> <span class='ocrx_word' id='word_1_466' title='bbox 1055 3010 1061 3023; x_wconf 89' lang='grc'><strong>.</strong></span> <span class='ocrx_word' id='word_1_467' title='bbox 1076 2969 1190 3026; x_wconf 86' lang='lat' dir='ltr'><strong>Fratres</strong></span> <span class='ocrx_word' id='word_1_468' title='bbox 1198 2969 1233 3024; x_wconf 90' lang='lat' dir='ltr'><strong>de</strong></span> <span class='ocrx_word' id='word_1_469' title='bbox 1246 2971 1464 3042; x_wconf 82' lang='lat' dir='ltr'><strong>congregatione</strong></span> <span class='ocrx_word' id='word_1_470' title='bbox 1473 2980 1612 3029; x_wconf 84' lang='lat' dir='ltr'><strong>venerunt</strong></span> <span class='ocrx_word' id='word_1_471' title='bbox 1625 2973 1655 3030; x_wconf 92' lang='lat' dir='ltr'><strong>in</strong></span> <span class='ocrx_word' id='word_1_472' title='bbox 1674 2993 1779 3045; x_wconf 89' lang='lat' dir='ltr'><strong>eremo,</strong></span> 
     </span>
     <span class='ocr_line' id='line_1_32' title="bbox 139 3048 1782 3150; baseline 0.003 -32"><span class='ocrx_word' id='word_1_473' title='bbox 139 3061 250 3130; x_wconf 86' lang='lat' dir='ltr'><strong>audias,</strong></span> <span class='ocrx_word' id='word_1_474' title='bbox 264 3080 321 3131; x_wconf 91' lang='lat' dir='ltr'><strong>eos,</strong></span> <span class='ocrx_word' id='word_1_475' title='bbox 334 3063 382 3130; x_wconf 89' lang='lat' dir='ltr'><strong>lili,</strong></span> <span class='ocrx_word' id='word_1_476' title='bbox 395 3063 528 3135; x_wconf 88' lang='lat' dir='ltr'><strong>quoniam</strong></span> <span class='ocrx_word' id='word_1_477' title='bbox 542 3063 683 3120; x_wconf 76' lang='lat' dir='ltr'><strong>demones</strong></span> <span class='ocrx_word' id='word_1_478' title='bbox 693 3048 760 3118; x_wconf 82' lang='lat' dir='ltr'><strong>sunt</strong></span> <span class='ocrx_word' id='word_1_479' title='bbox 770 3082 776 3131; x_wconf 91' lang='lat'>;</span> <span class='ocrx_word' id='word_1_480' title='bbox 788 3067 817 3118; x_wconf 88' lang='lat' dir='ltr'><strong>et</strong></span> <span class='ocrx_word' id='word_1_481' title='bbox 826 3062 971 3150; x_wconf 74' lang='lat' dir='ltr'><strong>quandoG</strong></span> <span class='ocrx_word' id='word_1_482' title='bbox 984 3065 1013 3115; x_wconf 91' lang='lat' dir='ltr'><strong>ct</strong></span> <span class='ocrx_word' id='word_1_483' title='bbox 1022 3059 1220 3132; x_wconf 83' lang='lat' dir='ltr'><strong>applicuerunt</strong></span> <span class='ocrx_word' id='word_1_484' title='bbox 1238 3060 1273 3115; x_wconf 89' lang='lat' dir='ltr'><strong>ad</strong></span> <span class='ocrx_word' id='word_1_485' title='bbox 1284 3060 1435 3133; x_wconf 90' lang='lat' dir='ltr'><strong>quemdam</strong></span> <span class='ocrx_word' id='word_1_486' title='bbox 1448 3051 1605 3133; x_wconf 80' lang='lat' dir='ltr'><strong>eremitam,</strong></span> <span class='ocrx_word' id='word_1_487' title='bbox 1619 3070 1648 3120; x_wconf 90' lang='lat' dir='ltr'><strong>et</strong></span> <span class='ocrx_word' id='word_1_488' title='bbox 1658 3067 1782 3140; x_wconf 87' lang='lat' dir='ltr'><strong>suscepit</strong></span> 
     </span>
     <span class='ocr_line' id='line_1_33' title="bbox 140 3150 1775 3225; baseline 0.004 -19"><span class='ocrx_word' id='word_1_489' title='bbox 140 3150 259 3207; x_wconf 82' lang='lat' dir='ltr'><strong>veniunt</strong></span> <span class='ocrx_word' id='word_1_490' title='bbox 272 3152 393 3208; x_wconf 87' lang='lat' dir='ltr'><strong>excitare</strong></span> <span class='ocrx_word' id='word_1_491' title='bbox 406 3157 445 3218; x_wconf 87' lang='lat' dir='ltr'><strong>te,</strong></span> <span class='ocrx_word' id='word_1_492' title='bbox 462 3152 521 3208; x_wconf 90' lang='lat' dir='ltr'><strong>dic:</strong></span> <span class='ocrx_word' id='word_1_493' title='bbox 547 3153 604 3224; x_wconf 84' lang='lat' dir='ltr'><strong>Ego</strong></span> <span class='ocrx_word' id='word_1_494' title='bbox 628 3152 740 3224; x_wconf 89' lang='lat' dir='ltr'><strong>quando</strong></span> <span class='ocrx_word' id='word_1_495' title='bbox 756 3152 817 3207; x_wconf 87' lang='lat' dir='ltr'><strong>volo</strong></span> <span class='ocrx_word' id='word_1_496' title='bbox 840 3168 934 3224; x_wconf 80' lang='lat' dir='ltr'><strong>surgo,</strong></span> <span class='ocrx_word' id='word_1_497' title='bbox 981 3166 1029 3205; x_wconf 91' lang='lat' dir='ltr'><strong>cos</strong></span> <span class='ocrx_word' id='word_1_498' title='bbox 1042 3166 1105 3204; x_wconf 91' lang='lat' dir='ltr'><strong>cum</strong></span> <span class='ocrx_word' id='word_1_499' title='bbox 1119 3150 1234 3221; x_wconf 72' lang='lat' dir='ltr'><strong>gaudio·</strong></span> <span class='ocrx_word' id='word_1_500' title='bbox 1255 3150 1290 3206; x_wconf 85' lang='lat' dir='ltr'><strong>Et</strong></span> <span class='ocrx_word' id='word_1_501' title='bbox 1304 3151 1376 3207; x_wconf 92' lang='lat' dir='ltr'><strong>sicut</strong></span> <span class='ocrx_word' id='word_1_502' title='bbox 1388 3156 1431 3207; x_wconf 88' lang='lat' dir='ltr'><strong>est</strong></span> <span class='ocrx_word' id='word_1_503' title='bbox 1445 3152 1619 3209; x_wconf 92' lang='lat' dir='ltr'><strong>consuetudo</strong></span> <span class='ocrx_word' id='word_1_504' title='bbox 1639 3156 1775 3225; x_wconf 88' lang='lat' dir='ltr'><strong>eremitis,</strong></span> 
     </span>
     <span class='ocr_line' id='line_1_34' title="bbox 135 3236 1780 3314; baseline 0.003 -18"><span class='ocrx_word' id='word_1_505' title='bbox 135 3236 297 3297; x_wconf 79' lang='lat' dir='ltr'><strong>&#39;vosautem</strong></span> <span class='ocrx_word' id='word_1_506' title='bbox 307 3259 364 3298; x_wconf 92' lang='lat' dir='ltr'><strong>uon</strong></span> <span class='ocrx_word' id='word_1_507' title='bbox 383 3242 478 3298; x_wconf 87' lang='lat' dir='ltr'><strong>audio.</strong></span> <span class='ocrx_word' id='word_1_508' title='bbox 494 3242 640 3314; x_wconf 80' lang='lat' dir='ltr'><strong>decipiens</strong></span> <span class='ocrx_word' id='word_1_509' title='bbox 655 3246 750 3297; x_wconf 90' lang='lat' dir='ltr'><strong>autem</strong></span> <span class='ocrx_word' id='word_1_510' title='bbox 766 3246 937 3313; x_wconf 72' lang='lat' dir='ltr'><strong>praeceptum</strong></span> <span class='ocrx_word' id='word_1_511' title='bbox 979 3239 1077 3294; x_wconf 82' lang='lat' dir='ltr'><strong>videns</strong></span> <span class='ocrx_word' id='word_1_512' title='bbox 1087 3239 1177 3295; x_wconf 90' lang='lat' dir='ltr'><strong>eosde</strong></span> <span class='ocrx_word' id='word_1_513' title='bbox 1192 3238 1287 3294; x_wconf 87' lang='lat' dir='ltr'><strong>labore</strong></span> <span class='ocrx_word' id='word_1_514' title='bbox 1301 3239 1442 3312; x_wconf 88' lang='lat' dir='ltr'><strong>latigatos,</strong></span> <span class='ocrx_word' id='word_1_515' title='bbox 1453 3241 1548 3313; x_wconf 89' lang='lat' dir='ltr'><strong>posuit</strong></span> <span class='ocrx_word' id='word_1_516' title='bbox 1561 3259 1688 3300; x_wconf 88' lang='lat' dir='ltr'><strong>mensam</strong></span> <span class='ocrx_word' id='word_1_517' title='bbox 1700 3249 1780 3302; x_wconf 85' lang='lat' dir='ltr'><strong>extra</strong></span> 
     </span>
     <span class='ocr_line' id='line_1_35' title="bbox 139 3327 1781 3403; baseline 0.003 -17"><span class='ocrx_word' id='word_1_518' title='bbox 139 3329 225 3398; x_wconf 68' lang='lat' dir='ltr'><strong>mnis,</strong></span> <span class='ocrx_word' id='word_1_519' title='bbox 247 3347 374 3387; x_wconf 84' lang='lat' dir='ltr'><strong>reversus</strong></span> <span class='ocrx_word' id='word_1_520' title='bbox 398 3338 442 3387; x_wconf 91' lang='lat' dir='ltr'><strong>est</strong></span> <span class='ocrx_word' id='word_1_521' title='bbox 459 3331 496 3386; x_wconf 89' lang='lat' dir='ltr'><strong>nd</strong></span> <span class='ocrx_word' id='word_1_522' title='bbox 513 3332 613 3387; x_wconf 89' lang='lat' dir='ltr'><strong>cellam</strong></span> <span class='ocrx_word' id='word_1_523' title='bbox 637 3347 727 3386; x_wconf 91' lang='lat' dir='ltr'><strong>suam.</strong></span> <span class='ocrx_word' id='word_1_524' title='bbox 752 3330 787 3386; x_wconf 91' lang='lat' dir='ltr'><strong>Et</strong></span> <span class='ocrx_word' id='word_1_525' title='bbox 809 3330 939 3402; x_wconf 90' lang='lat' dir='ltr'><strong>sequenti</strong></span> <span class='ocrx_word' id='word_1_526' title='bbox 980 3329 1098 3397; x_wconf 88' lang='lat' dir='ltr'><strong>horam;</strong></span> <span class='ocrx_word' id='word_1_527' title='bbox 1115 3333 1144 3383; x_wconf 87' lang='lat' dir='ltr'><strong>et</strong></span> <span class='ocrx_word' id='word_1_528' title='bbox 1159 3327 1342 3400; x_wconf 88' lang='lat' dir='ltr'><strong>quodhabuit</strong></span> <span class='ocrx_word' id='word_1_529' title='bbox 1355 3328 1466 3385; x_wconf 87' lang='lat' dir='ltr'><strong>lucella</strong></span> <span class='ocrx_word' id='word_1_530' title='bbox 1480 3332 1610 3403; x_wconf 89' lang='lat' dir='ltr'><strong>apposuit</strong></span> <span class='ocrx_word' id='word_1_531' title='bbox 1628 3332 1678 3401; x_wconf 88' lang='lat' dir='ltr'><strong>eis,</strong></span> <span class='ocrx_word' id='word_1_532' title='bbox 1697 3339 1781 3391; x_wconf 85' lang='lat' dir='ltr'><strong>etre-</strong></span> 
     </span>
     <span class='ocr_line' id='line_1_36' title="bbox 138 3417 1779 3490; baseline 0.003 -15"><span class='ocrx_word' id='word_1_533' title='bbox 138 3426 222 3475; x_wconf 88' lang='lat' dir='ltr'><strong>nocte</strong></span> <span class='ocrx_word' id='word_1_534' title='bbox 239 3419 341 3476; x_wconf 85' lang='lat' dir='ltr'><strong>iterum</strong></span> <span class='ocrx_word' id='word_1_535' title='bbox 362 3420 502 3476; x_wconf 71' lang='lat' dir='ltr'><strong>daemones</strong></span> <span class='ocrx_word' id='word_1_536' title='bbox 528 3419 683 3475; x_wconf 88' lang='lat' dir='ltr'><strong>secundum</strong></span> <span class='ocrx_word' id='word_1_537' title='bbox 704 3419 938 3474; x_wconf 91' lang='lat' dir='ltr'><strong>consuetudinem</strong></span> <span class='ocrx_word' id='word_1_538' title='bbox 979 3417 1171 3490; x_wconf 89' lang='lat' dir='ltr'><strong>pausaviteos.</strong></span> <span class='ocrx_word' id='word_1_539' title='bbox 1193 3418 1228 3474; x_wconf 85' lang='lat' dir='ltr'><strong>Et</strong></span> <span class='ocrx_word' id='word_1_540' title='bbox 1245 3418 1357 3490; x_wconf 90' lang='lat' dir='ltr'><strong>quando</strong></span> <span class='ocrx_word' id='word_1_541' title='bbox 1376 3418 1482 3475; x_wconf 85' lang='lat' dir='ltr'><strong>factum</strong></span> <span class='ocrx_word' id='word_1_542' title='bbox 1496 3425 1540 3475; x_wconf 93' lang='lat' dir='ltr'><strong>est</strong></span> <span class='ocrx_word' id='word_1_543' title='bbox 1554 3437 1627 3490; x_wconf 87' lang='lat' dir='ltr'><strong>sero,</strong></span> <span class='ocrx_word' id='word_1_544' title='bbox 1646 3421 1779 3481; x_wconf 87' lang='lat' dir='ltr'><strong>dixerunt</strong></span> 
     </span>
     <span class='ocr_line' id='line_1_37' title="bbox 137 3506 1776 3582; baseline 0.004 -18"><span class='ocrx_word' id='word_1_545' title='bbox 137 3507 283 3565; x_wconf 72' lang='lat' dir='ltr'><strong>venientes</strong></span> <span class='ocrx_word' id='word_1_546' title='bbox 292 3508 450 3565; x_wconf 87' lang='lat' dir='ltr'><strong>excitabant</strong></span> <span class='ocrx_word' id='word_1_547' title='bbox 459 3526 533 3565; x_wconf 89' lang='lat' dir='ltr'><strong>cum.</strong></span> <span class='ocrx_word' id='word_1_548' title='bbox 547 3510 597 3565; x_wconf 92' lang='lat' dir='ltr'><strong>Ille</strong></span> <span class='ocrx_word' id='word_1_549' title='bbox 603 3526 678 3578; x_wconf 89' lang='lat' dir='ltr'><strong>vero,</strong></span> <span class='ocrx_word' id='word_1_550' title='bbox 687 3509 760 3566; x_wconf 90' lang='lat' dir='ltr'><strong>sicut</strong></span> <span class='ocrx_word' id='word_1_551' title='bbox 767 3513 937 3582; x_wconf 76' lang='lat' dir='ltr'><strong>preceptum</strong></span> <span class='ocrx_word' id='word_1_552' title='bbox 978 3506 1126 3563; x_wconf 91' lang='lat' dir='ltr'><strong>duodecim</strong></span> <span class='ocrx_word' id='word_1_553' title='bbox 1138 3508 1269 3579; x_wconf 87' lang='lat' dir='ltr'><strong>psalmos,</strong></span> <span class='ocrx_word' id='word_1_554' title='bbox 1292 3507 1422 3563; x_wconf 87' lang='lat' dir='ltr'><strong>similiter</strong></span> <span class='ocrx_word' id='word_1_555' title='bbox 1435 3513 1464 3563; x_wconf 89' lang='lat' dir='ltr'><strong>et</strong></span> <span class='ocrx_word' id='word_1_556' title='bbox 1482 3514 1583 3579; x_wconf 77' lang='lat' dir='ltr'><strong>nocte3</strong></span> <span class='ocrx_word' id='word_1_557' title='bbox 1600 3527 1663 3566; x_wconf 92' lang='lat' dir='ltr'><strong>cum</strong></span> <span class='ocrx_word' id='word_1_558' title='bbox 1678 3518 1776 3570; x_wconf 88' lang='lat' dir='ltr'><strong>autem</strong></span> 
     </span>
     <span class='ocr_line' id='line_1_38' title="bbox 131 3596 1778 3672; baseline 0.003 -18"><span class='ocrx_word' id='word_1_559' title='bbox 131 3597 312 3665; x_wconf 68' lang='lat' dir='ltr'><strong>enituerat,</strong></span> <span class='ocrx_word' id='word_1_560' title='bbox 333 3597 522 3672; x_wconf 86' lang='lat' dir='ltr'><strong>respondebat</strong></span> <span class='ocrx_word' id='word_1_561' title='bbox 541 3599 590 3666; x_wconf 90' lang='lat' dir='ltr'><strong>eis,</strong></span> <span class='ocrx_word' id='word_1_562' title='bbox 611 3599 721 3654; x_wconf 89' lang='lat' dir='ltr'><strong>dicens:</strong></span> <span class='ocrx_word' id='word_1_563' title='bbox 748 3599 805 3671; x_wconf 83' lang='lat' dir='ltr'><strong>Ego</strong></span> <span class='ocrx_word' id='word_1_564' title='bbox 825 3599 937 3671; x_wconf 87' lang='lat' dir='ltr'><strong>quando</strong></span> <span class='ocrx_word' id='word_1_565' title='bbox 978 3614 1062 3653; x_wconf 87' lang='lat' dir='ltr'><strong>senex</strong></span> <span class='ocrx_word' id='word_1_566' title='bbox 1071 3596 1208 3668; x_wconf 86' lang='lat' dir='ltr'><strong>vigilaret,</strong></span> <span class='ocrx_word' id='word_1_567' title='bbox 1225 3596 1332 3652; x_wconf 82' lang='lat' dir='ltr'><strong>audivit</strong></span> <span class='ocrx_word' id='word_1_568' title='bbox 1345 3613 1392 3653; x_wconf 91' lang='lat' dir='ltr'><strong>eos</strong></span> <span class='ocrx_word' id='word_1_569' title='bbox 1405 3597 1480 3653; x_wconf 89' lang='lat' dir='ltr'><strong>inter</strong></span> <span class='ocrx_word' id='word_1_570' title='bbox 1488 3604 1622 3666; x_wconf 59' lang='lat' dir='ltr'><strong>seam</strong></span> <span class='ocrx_word' id='word_1_571' title='bbox 1636 3600 1778 3658; x_wconf 85' lang='lat' dir='ltr'><strong>dicentes:</strong></span> 
     </span>
     <span class='ocr_line' id='line_1_39' title="bbox 138 3684 1780 3761; baseline 0.002 -17"><span class='ocrx_word' id='word_1_572' title='bbox 138 3688 204 3744; x_wconf 80' lang='lat' dir='ltr'><strong>uolo</strong></span> <span class='ocrx_word' id='word_1_573' title='bbox 215 3704 310 3760; x_wconf 84' lang='lat' dir='ltr'><strong>surgo,</strong></span> <span class='ocrx_word' id='word_1_574' title='bbox 327 3705 375 3744; x_wconf 89' lang='lat' dir='ltr'><strong>vos</strong></span> <span class='ocrx_word' id='word_1_575' title='bbox 389 3692 485 3743; x_wconf 89' lang='lat' dir='ltr'><strong>autem</strong></span> <span class='ocrx_word' id='word_1_576' title='bbox 495 3704 551 3743; x_wconf 92' lang='lat' dir='ltr'><strong>nou</strong></span> <span class='ocrx_word' id='word_1_577' title='bbox 563 3686 658 3744; x_wconf 89' lang='lat' dir='ltr'><strong>audio.</strong></span> <span class='ocrx_word' id='word_1_578' title='bbox 674 3689 709 3744; x_wconf 84' lang='lat' dir='ltr'><strong>Et</strong></span> <span class='ocrx_word' id='word_1_579' title='bbox 723 3688 764 3743; x_wconf 92' lang='lat' dir='ltr'><strong>illi</strong></span> <span class='ocrx_word' id='word_1_580' title='bbox 776 3688 873 3744; x_wconf 91' lang='lat' dir='ltr'><strong>dicunt</strong></span> <span class='ocrx_word' id='word_1_581' title='bbox 887 3689 913 3744; x_wconf 90' lang='lat' dir='ltr'><strong>ci</strong></span> <span class='ocrx_word' id='word_1_582' title='bbox 930 3707 936 3743; x_wconf 91' lang='lat'><strong>:</strong></span> <span class='ocrx_word' id='word_1_583' title='bbox 980 3686 1051 3753; x_wconf 88' lang='lat' dir='ltr'><strong>Quia</strong></span> <span class='ocrx_word' id='word_1_584' title='bbox 1057 3686 1175 3741; x_wconf 86' lang='lat' dir='ltr'><strong>solitarii</strong></span> <span class='ocrx_word' id='word_1_585' title='bbox 1183 3684 1234 3741; x_wconf 84' lang='lat' dir='ltr'><strong>viri</strong></span> <span class='ocrx_word' id='word_1_586' title='bbox 1243 3686 1467 3759; x_wconf 89' lang='lat' dir='ltr'><strong>plnsrepausant</strong></span> <span class='ocrx_word' id='word_1_587' title='bbox 1479 3686 1510 3742; x_wconf 94' lang='lat' dir='ltr'><strong>in</strong></span> <span class='ocrx_word' id='word_1_588' title='bbox 1519 3704 1613 3744; x_wconf 88' lang='lat' dir='ltr'><strong>eremo</strong></span> <span class='ocrx_word' id='word_1_589' title='bbox 1626 3706 1711 3761; x_wconf 91' lang='lat' dir='ltr'><strong>quam</strong></span> <span class='ocrx_word' id='word_1_590' title='bbox 1727 3707 1780 3748; x_wconf 88' lang='lat' dir='ltr'><strong>nos</strong></span> 
     </span>
     <span class='ocr_line' id='line_1_40' title="bbox 140 3774 1781 3850; baseline 0.002 -17"><span class='ocrx_word' id='word_1_591' title='bbox 140 3776 234 3833; x_wconf 76' lang='lat' dir='ltr'><strong>Malus</strong></span> <span class='ocrx_word' id='word_1_592' title='bbox 249 3794 334 3833; x_wconf 88' lang='lat' dir='ltr'><strong>senex</strong></span> <span class='ocrx_word' id='word_1_593' title='bbox 353 3777 402 3833; x_wconf 81' lang='lat' dir='ltr'><strong>ille</strong></span> <span class='ocrx_word' id='word_1_594' title='bbox 411 3777 528 3834; x_wconf 67' lang='lat' dir='ltr'><strong>sanator</strong></span> <span class='ocrx_word' id='word_1_595' title='bbox 537 3777 649 3833; x_wconf 80' lang='lat' dir='ltr'><strong>seduxit</strong></span> <span class='ocrx_word' id='word_1_596' title='bbox 663 3781 702 3845; x_wconf 90' lang='lat' dir='ltr'><strong>te,</strong></span> <span class='ocrx_word' id='word_1_597' title='bbox 716 3776 753 3832; x_wconf 90' lang='lat' dir='ltr'><strong>ad</strong></span> <span class='ocrx_word' id='word_1_598' title='bbox 768 3794 852 3850; x_wconf 88' lang='lat' dir='ltr'><strong>quern</strong></span> <span class='ocrx_word' id='word_1_599' title='bbox 865 3778 940 3836; x_wconf 87' lang='lat' dir='ltr'><strong>venit</strong></span> <span class='ocrx_word' id='word_1_600' title='bbox 980 3776 1009 3832; x_wconf 91' lang='lat' dir='ltr'><strong>in</strong></span> <span class='ocrx_word' id='word_1_601' title='bbox 1019 3774 1247 3847; x_wconf 86' lang='lat' dir='ltr'><strong>congregatione.</strong></span> <span class='ocrx_word' id='word_1_602' title='bbox 1262 3775 1344 3830; x_wconf 88' lang='lat' dir='ltr'><strong>Mane</strong></span> <span class='ocrx_word' id='word_1_603' title='bbox 1359 3781 1456 3832; x_wconf 87' lang='lat' dir='ltr'><strong>autern</strong></span> <span class='ocrx_word' id='word_1_604' title='bbox 1470 3792 1534 3832; x_wconf 92' lang='lat' dir='ltr'><strong>cum</strong></span> <span class='ocrx_word' id='word_1_605' title='bbox 1548 3775 1721 3835; x_wconf 87' lang='lat' dir='ltr'><strong>ambulaturi</strong></span> <span class='ocrx_word' id='word_1_606' title='bbox 1734 3797 1781 3836; x_wconf 87' lang='lat' dir='ltr'><strong>es-</strong></span> 
     </span>
     <span class='ocr_line' id='line_1_41' title="bbox 140 3862 1776 3940; baseline 0.003 -18"><span class='ocrx_word' id='word_1_607' title='bbox 140 3867 230 3923; x_wconf 77' lang='lat' dir='ltr'><strong>t&#39;rater</strong></span> <span class='ocrx_word' id='word_1_608' title='bbox 241 3867 336 3923; x_wconf 86' lang='lat' dir='ltr'><strong>volens</strong></span> <span class='ocrx_word' id='word_1_609' title='bbox 355 3872 466 3923; x_wconf 90' lang='lat' dir='ltr'><strong>mutare</strong></span> <span class='ocrx_word' id='word_1_610' title='bbox 485 3867 633 3940; x_wconf 89' lang='lat' dir='ltr'><strong>pecuniam</strong></span> <span class='ocrx_word' id='word_1_611' title='bbox 652 3886 658 3936; x_wconf 92' lang='lat'>;</span> <span class='ocrx_word' id='word_1_612' title='bbox 680 3871 710 3923; x_wconf 91' lang='lat' dir='ltr'><strong>et</strong></span> <span class='ocrx_word' id='word_1_613' title='bbox 729 3884 795 3922; x_wconf 88' lang='lat' dir='ltr'><strong>curn</strong></span> <span class='ocrx_word' id='word_1_614' title='bbox 810 3867 936 3936; x_wconf 87' lang='lat' dir='ltr'><strong>haberet,</strong></span> <span class='ocrx_word' id='word_1_615' title='bbox 980 3870 1044 3922; x_wconf 89' lang='lat' dir='ltr'><strong>sent</strong></span> <span class='ocrx_word' id='word_1_616' title='bbox 1055 3865 1092 3920; x_wconf 90' lang='lat' dir='ltr'><strong>ad</strong></span> <span class='ocrx_word' id='word_1_617' title='bbox 1105 3865 1191 3921; x_wconf 90' lang='lat' dir='ltr'><strong>alium</strong></span> <span class='ocrx_word' id='word_1_618' title='bbox 1201 3862 1323 3920; x_wconf 84' lang='lat' dir='ltr'><strong>vicinum</strong></span> <span class='ocrx_word' id='word_1_619' title='bbox 1338 3865 1409 3937; x_wconf 76' lang='lat' dir='ltr'><strong>eius,</strong></span> <span class='ocrx_word' id='word_1_620' title='bbox 1417 3865 1488 3921; x_wconf 91' lang='lat' dir='ltr'><strong>dixit</strong></span> <span class='ocrx_word' id='word_1_621' title='bbox 1502 3865 1557 3922; x_wconf 91' lang='lat' dir='ltr'><strong>eis:</strong></span> <span class='ocrx_word' id='word_1_622' title='bbox 1569 3867 1696 3924; x_wconf 85' lang='lat' dir='ltr'><strong>Salutate</strong></span> <span class='ocrx_word' id='word_1_623' title='bbox 1710 3884 1776 3927; x_wconf 90' lang='lat' dir='ltr'><strong>eum</strong></span> 
     </span>
     <span class='ocr_line' id='line_1_42' title="bbox 140 3953 1776 4027; baseline 0.003 -16"><span class='ocrx_word' id='word_1_624' title='bbox 140 3954 278 4011; x_wconf 84' lang='lat' dir='ltr'><strong>mentitus</strong></span> <span class='ocrx_word' id='word_1_625' title='bbox 292 3962 335 4011; x_wconf 92' lang='lat' dir='ltr'><strong>cst</strong></span> <span class='ocrx_word' id='word_1_626' title='bbox 353 3957 387 4025; x_wconf 88' lang='lat' dir='ltr'><strong>ei,</strong></span> <span class='ocrx_word' id='word_1_627' title='bbox 404 3957 500 4012; x_wconf 89' lang='lat' dir='ltr'><strong>dicens</strong></span> <span class='ocrx_word' id='word_1_628' title='bbox 514 3974 544 4012; x_wconf 89' lang='lat' dir='ltr'><strong>sc</strong></span> <span class='ocrx_word' id='word_1_629' title='bbox 557 3972 613 4012; x_wconf 90' lang='lat' dir='ltr'><strong>nou</strong></span> <span class='ocrx_word' id='word_1_630' title='bbox 622 3954 736 4024; x_wconf 84' lang='lat' dir='ltr'><strong>babere,</strong></span> <span class='ocrx_word' id='word_1_631' title='bbox 753 3961 781 4012; x_wconf 90' lang='lat' dir='ltr'><strong>et</strong></span> <span class='ocrx_word' id='word_1_632' title='bbox 794 3973 851 4011; x_wconf 93' lang='lat' dir='ltr'><strong>non</strong></span> <span class='ocrx_word' id='word_1_633' title='bbox 861 3955 939 4012; x_wconf 90' lang='lat' dir='ltr'><strong>dedit</strong></span> <span class='ocrx_word' id='word_1_634' title='bbox 982 3971 1033 4027; x_wconf 93' lang='lat' dir='ltr'><strong>pro</strong></span> <span class='ocrx_word' id='word_1_635' title='bbox 1045 3971 1100 4023; x_wconf 92' lang='lat' dir='ltr'><strong>me,</strong></span> <span class='ocrx_word' id='word_1_636' title='bbox 1112 3959 1141 4009; x_wconf 91' lang='lat' dir='ltr'><strong>ct</strong></span> <span class='ocrx_word' id='word_1_637' title='bbox 1151 3953 1235 4009; x_wconf 89' lang='lat' dir='ltr'><strong>dicite</strong></span> <span class='ocrx_word' id='word_1_638' title='bbox 1249 3955 1275 4009; x_wconf 88' lang='lat' dir='ltr'><strong>ei</strong></span> <span class='ocrx_word' id='word_1_639' title='bbox 1285 3972 1291 4008; x_wconf 92' lang='lat'><strong>:</strong></span> <span class='ocrx_word' id='word_1_640' title='bbox 1303 3955 1367 4010; x_wconf 93' lang='lat' dir='ltr'><strong>Non</strong></span> <span class='ocrx_word' id='word_1_641' title='bbox 1378 3955 1501 4026; x_wconf 89' lang='lat' dir='ltr'><strong>adaques</strong></span> <span class='ocrx_word' id='word_1_642' title='bbox 1513 3956 1599 4012; x_wconf 87' lang='lat' dir='ltr'><strong>olera.</strong></span> <span class='ocrx_word' id='word_1_643' title='bbox 1614 3956 1665 4013; x_wconf 90' lang='lat' dir='ltr'><strong>Ille</strong></span> <span class='ocrx_word' id='word_1_644' title='bbox 1679 3963 1776 4016; x_wconf 88' lang='lat' dir='ltr'><strong>autem</strong></span> 
     </span>
     <span class='ocr_line' id='line_1_43' title="bbox 142 4042 1782 4119; baseline 0.002 -19"><span class='ocrx_word' id='word_1_645' title='bbox 142 4045 185 4113; x_wconf 85' lang='lat' dir='ltr'><strong>ei;</strong></span> <span class='ocrx_word' id='word_1_646' title='bbox 200 4061 233 4100; x_wconf 90' lang='lat' dir='ltr'><strong>ex</strong></span> <span class='ocrx_word' id='word_1_647' title='bbox 247 4045 301 4100; x_wconf 93' lang='lat' dir='ltr'><strong>hoc</strong></span> <span class='ocrx_word' id='word_1_648' title='bbox 314 4061 381 4117; x_wconf 89' lang='lat' dir='ltr'><strong>ergo</strong></span> <span class='ocrx_word' id='word_1_649' title='bbox 393 4063 527 4119; x_wconf 86' lang='lat' dir='ltr'><strong>cognosce</strong></span> <span class='ocrx_word' id='word_1_650' title='bbox 537 4047 604 4118; x_wconf 90' lang='lat' dir='ltr'><strong>quia</strong></span> <span class='ocrx_word' id='word_1_651' title='bbox 618 4045 733 4100; x_wconf 86' lang='lat' dir='ltr'><strong>falsator</strong></span> <span class='ocrx_word' id='word_1_652' title='bbox 747 4051 799 4100; x_wconf 91' lang='lat' dir='ltr'><strong>est.</strong></span> <span class='ocrx_word' id='word_1_653' title='bbox 817 4047 941 4118; x_wconf 86' lang='lat' dir='ltr'><strong>Surgens</strong></span> <span class='ocrx_word' id='word_1_654' title='bbox 982 4060 1047 4099; x_wconf 90' lang='lat' dir='ltr'><strong>cum</strong></span> <span class='ocrx_word' id='word_1_655' title='bbox 1061 4042 1113 4097; x_wconf 91' lang='lat' dir='ltr'><strong>hoc</strong></span> <span class='ocrx_word' id='word_1_656' title='bbox 1123 4042 1256 4111; x_wconf 89' lang='lat' dir='ltr'><strong>audisset,</strong></span> <span class='ocrx_word' id='word_1_657' title='bbox 1279 4043 1418 4098; x_wconf 87' lang='lat' dir='ltr'><strong>intellexit</strong></span> <span class='ocrx_word' id='word_1_658' title='bbox 1431 4043 1555 4112; x_wconf 87' lang='lat' dir='ltr'><strong>verbum,</strong></span> <span class='ocrx_word' id='word_1_659' title='bbox 1575 4051 1604 4100; x_wconf 91' lang='lat' dir='ltr'><strong>et</strong></span> <span class='ocrx_word' id='word_1_660' title='bbox 1624 4047 1719 4103; x_wconf 88' lang='lat' dir='ltr'><strong>tenuit</strong></span> <span class='ocrx_word' id='word_1_661' title='bbox 1733 4064 1782 4104; x_wconf 88' lang='lat' dir='ltr'><strong>eos</strong></span> 
     </span>
     <span class='ocr_line' id='line_1_44' title="bbox 142 4131 1780 4206; baseline 0.001 -16"><span class='ocrx_word' id='word_1_662' title='bbox 142 4150 211 4206; x_wconf 88' lang='lat' dir='ltr'><strong>ergo</strong></span> <span class='ocrx_word' id='word_1_663' title='bbox 225 4135 313 4191; x_wconf 82' lang='lat' dir='ltr'><strong>frater</strong></span> <span class='ocrx_word' id='word_1_664' title='bbox 326 4135 448 4191; x_wconf 90' lang='lat' dir='ltr'><strong>diluculo</strong></span> <span class='ocrx_word' id='word_1_665' title='bbox 458 4135 535 4191; x_wconf 86' lang='lat' dir='ltr'><strong>venit</strong></span> <span class='ocrx_word' id='word_1_666' title='bbox 552 4136 587 4190; x_wconf 92' lang='lat' dir='ltr'><strong>ad</strong></span> <span class='ocrx_word' id='word_1_667' title='bbox 598 4151 704 4203; x_wconf 90' lang='lat' dir='ltr'><strong>senem,</strong></span> <span class='ocrx_word' id='word_1_668' title='bbox 722 4139 750 4191; x_wconf 90' lang='lat' dir='ltr'><strong>et</strong></span> <span class='ocrx_word' id='word_1_669' title='bbox 762 4135 903 4190; x_wconf 88' lang='lat' dir='ltr'><strong>nuntiavit</strong></span> <span class='ocrx_word' id='word_1_670' title='bbox 917 4135 943 4191; x_wconf 90' lang='lat' dir='ltr'><strong>ei</strong></span> <span class='ocrx_word' id='word_1_671' title='bbox 984 4149 1072 4204; x_wconf 90' lang='lat' dir='ltr'><strong>usque</strong></span> <span class='ocrx_word' id='word_1_672' title='bbox 1086 4148 1148 4188; x_wconf 89' lang='lat' dir='ltr'><strong>sero</strong></span> <span class='ocrx_word' id='word_1_673' title='bbox 1163 4131 1323 4187; x_wconf 81' lang='lat' dir='ltr'><strong>laborantes</strong></span> <span class='ocrx_word' id='word_1_674' title='bbox 1334 4133 1456 4202; x_wconf 76' lang='lat' dir='ltr'><strong>jeiunos.</strong></span> <span class='ocrx_word' id='word_1_675' title='bbox 1469 4135 1541 4190; x_wconf 85' lang='lat' dir='ltr'><strong>Cum</strong></span> <span class='ocrx_word' id='word_1_676' title='bbox 1548 4138 1643 4189; x_wconf 89' lang='lat' dir='ltr'><strong>autem</strong></span> <span class='ocrx_word' id='word_1_677' title='bbox 1657 4150 1721 4191; x_wconf 88' lang='lat' dir='ltr'><strong>sero</strong></span> <span class='ocrx_word' id='word_1_678' title='bbox 1736 4135 1780 4193; x_wconf 84' lang='lat' dir='ltr'><strong>sa-</strong></span> 
     </span>
     <span class='ocr_line' id='line_1_45' title="bbox 143 4220 1783 4298; baseline 0.001 -18"><span class='ocrx_word' id='word_1_679' title='bbox 143 4225 204 4280; x_wconf 79' lang='lat' dir='ltr'><strong>lnec</strong></span> <span class='ocrx_word' id='word_1_680' title='bbox 218 4224 289 4297; x_wconf 89' lang='lat' dir='ltr'><strong>ipsa.</strong></span> <span class='ocrx_word' id='word_1_681' title='bbox 302 4225 392 4280; x_wconf 88' lang='lat' dir='ltr'><strong>Senex</strong></span> <span class='ocrx_word' id='word_1_682' title='bbox 405 4242 471 4281; x_wconf 85' lang='lat' dir='ltr'><strong>vero</strong></span> <span class='ocrx_word' id='word_1_683' title='bbox 486 4225 556 4280; x_wconf 85' lang='lat' dir='ltr'><strong>dixit</strong></span> <span class='ocrx_word' id='word_1_684' title='bbox 567 4224 611 4280; x_wconf 91' lang='lat' dir='ltr'><strong>ei:</strong></span> <span class='ocrx_word' id='word_1_685' title='bbox 627 4225 734 4280; x_wconf 84' lang='lat' dir='ltr'><strong>Verum</strong></span> <span class='ocrx_word' id='word_1_686' title='bbox 757 4225 878 4298; x_wconf 91' lang='lat' dir='ltr'><strong>estquia</strong></span> <span class='ocrx_word' id='word_1_687' title='bbox 891 4225 943 4279; x_wconf 87' lang='lat' dir='ltr'><strong>ha·</strong></span> <span class='ocrx_word' id='word_1_688' title='bbox 984 4227 1060 4277; x_wconf 92' lang='lat' dir='ltr'><strong>ctum</strong></span> <span class='ocrx_word' id='word_1_689' title='bbox 1075 4226 1157 4290; x_wconf 89' lang='lat' dir='ltr'><strong>esset,</strong></span> <span class='ocrx_word' id='word_1_690' title='bbox 1173 4220 1386 4293; x_wconf 82' lang='lat' dir='ltr'><strong>lecitprolixnm</strong></span> <span class='ocrx_word' id='word_1_691' title='bbox 1400 4237 1471 4292; x_wconf 89' lang='lat' dir='ltr'><strong>opus</strong></span> <span class='ocrx_word' id='word_1_692' title='bbox 1493 4222 1555 4291; x_wconf 91' lang='lat' dir='ltr'><strong>Dei,</strong></span> <span class='ocrx_word' id='word_1_693' title='bbox 1582 4227 1611 4277; x_wconf 89' lang='lat' dir='ltr'><strong>et</strong></span> <span class='ocrx_word' id='word_1_694' title='bbox 1631 4224 1726 4295; x_wconf 90' lang='lat' dir='ltr'><strong>posuit</strong></span> <span class='ocrx_word' id='word_1_695' title='bbox 1748 4241 1783 4282; x_wconf 89' lang='lat' dir='ltr'><strong>ea</strong></span> 
     </span>
     <span class='ocr_line' id='line_1_46' title="bbox 143 4309 1782 4385; baseline 0.002 -19"><span class='ocrx_word' id='word_1_696' title='bbox 143 4310 256 4381; x_wconf 88' lang='lat' dir='ltr'><strong>bebam,</strong></span> <span class='ocrx_word' id='word_1_697' title='bbox 271 4318 301 4368; x_wconf 90' lang='lat' dir='ltr'><strong>et</strong></span> <span class='ocrx_word' id='word_1_698' title='bbox 313 4314 380 4385; x_wconf 90' lang='lat' dir='ltr'><strong>quia</strong></span> <span class='ocrx_word' id='word_1_699' title='bbox 394 4314 470 4369; x_wconf 89' lang='lat' dir='ltr'><strong>venit</strong></span> <span class='ocrx_word' id='word_1_700' title='bbox 483 4313 675 4369; x_wconf 78' lang='lat' dir='ltr'><strong>fratervolens</strong></span> <span class='ocrx_word' id='word_1_701' title='bbox 689 4318 829 4381; x_wconf 89' lang='lat' dir='ltr'><strong>mutuare,</strong></span> <span class='ocrx_word' id='word_1_702' title='bbox 845 4318 874 4368; x_wconf 93' lang='lat' dir='ltr'><strong>et</strong></span> <span class='ocrx_word' id='word_1_703' title='bbox 885 4330 944 4369; x_wconf 91' lang='lat' dir='ltr'><strong>non</strong></span> <span class='ocrx_word' id='word_1_704' title='bbox 985 4329 1046 4385; x_wconf 80' lang='lat' dir='ltr'><strong>qua·</strong></span> <span class='ocrx_word' id='word_1_705' title='bbox 1061 4309 1193 4380; x_wconf 87' lang='lat' dir='ltr'><strong>babebat,</strong></span> <span class='ocrx_word' id='word_1_706' title='bbox 1209 4315 1237 4364; x_wconf 93' lang='lat' dir='ltr'><strong>et</strong></span> <span class='ocrx_word' id='word_1_707' title='bbox 1250 4309 1337 4364; x_wconf 90' lang='lat' dir='ltr'><strong>dixit:</strong></span> <span class='ocrx_word' id='word_1_708' title='bbox 1360 4310 1507 4366; x_wconf 83' lang='lat' dir='ltr'><strong>Cessemus</strong></span> <span class='ocrx_word' id='word_1_709' title='bbox 1529 4310 1637 4366; x_wconf 91' lang='lat' dir='ltr'><strong>modice</strong></span> <span class='ocrx_word' id='word_1_710' title='bbox 1664 4318 1782 4385; x_wconf 87' lang='lat' dir='ltr'><strong>propter</strong></span> 
     </span>
     <span class='ocr_line' id='line_1_47' title="bbox 143 4397 1779 4476; baseline 0.001 -19"><span class='ocrx_word' id='word_1_711' title='bbox 143 4400 209 4457; x_wconf 88' lang='lat' dir='ltr'><strong>dedi</strong></span> <span class='ocrx_word' id='word_1_712' title='bbox 219 4401 255 4467; x_wconf 88' lang='lat' dir='ltr'><strong>ei,</strong></span> <span class='ocrx_word' id='word_1_713' title='bbox 267 4402 316 4457; x_wconf 92' lang='lat' dir='ltr'><strong>sed</strong></span> <span class='ocrx_word' id='word_1_714' title='bbox 324 4401 447 4459; x_wconf 90' lang='lat' dir='ltr'><strong>sciebam</strong></span> <span class='ocrx_word' id='word_1_715' title='bbox 454 4404 522 4476; x_wconf 90' lang='lat' dir='ltr'><strong>quia</strong></span> <span class='ocrx_word' id='word_1_716' title='bbox 536 4403 560 4459; x_wconf 91' lang='lat' dir='ltr'><strong>si</strong></span> <span class='ocrx_word' id='word_1_717' title='bbox 572 4403 669 4458; x_wconf 87' lang='lat' dir='ltr'><strong>darem</strong></span> <span class='ocrx_word' id='word_1_718' title='bbox 681 4403 716 4472; x_wconf 91' lang='lat' dir='ltr'><strong>ci,</strong></span> <span class='ocrx_word' id='word_1_719' title='bbox 734 4402 870 4458; x_wconf 88' lang='lat' dir='ltr'><strong>damnum</strong></span> <span class='ocrx_word' id='word_1_720' title='bbox 884 4402 972 4472; x_wconf 73' lang='lat' dir='ltr'><strong>ani-1</strong></span> <span class='ocrx_word' id='word_1_721' title='bbox 986 4417 1043 4470; x_wconf 86' lang='lat' dir='ltr'><strong>vos,</strong></span> <span class='ocrx_word' id='word_1_722' title='bbox 1056 4400 1123 4472; x_wconf 89' lang='lat' dir='ltr'><strong>quia</strong></span> <span class='ocrx_word' id='word_1_723' title='bbox 1137 4399 1172 4455; x_wconf 91' lang='lat' dir='ltr'><strong>de</strong></span> <span class='ocrx_word' id='word_1_724' title='bbox 1185 4397 1280 4454; x_wconf 85' lang='lat' dir='ltr'><strong>labore</strong></span> <span class='ocrx_word' id='word_1_725' title='bbox 1293 4398 1361 4454; x_wconf 90' lang='lat' dir='ltr'><strong>estis</strong></span> <span class='ocrx_word' id='word_1_726' title='bbox 1374 4398 1495 4471; x_wconf 81' lang='lat' dir='ltr'><strong>fatigati.</strong></span> <span class='ocrx_word' id='word_1_727' title='bbox 1512 4399 1547 4455; x_wconf 87' lang='lat' dir='ltr'><strong>Et</strong></span> <span class='ocrx_word' id='word_1_728' title='bbox 1560 4399 1631 4455; x_wconf 90' lang='lat' dir='ltr'><strong>dixit</strong></span> <span class='ocrx_word' id='word_1_729' title='bbox 1649 4400 1754 4458; x_wconf 88' lang='lat' dir='ltr'><strong>iterum</strong></span> <span class='ocrx_word' id='word_1_730' title='bbox 1772 4420 1779 4459; x_wconf 93' lang='lat'><strong>:</strong></span> 
     </span>
     <span class='ocr_line' id='line_1_48' title="bbox 145 4488 1782 4564; baseline 0.002 -19"><span class='ocrx_word' id='word_1_731' title='bbox 145 4490 295 4562; x_wconf 81' lang='lat' dir='ltr'><strong>rnaeipsius</strong></span> <span class='ocrx_word' id='word_1_732' title='bbox 304 4490 449 4548; x_wconf 82' lang='lat' dir='ltr'><strong>faciebam.</strong></span> <span class='ocrx_word' id='word_1_733' title='bbox 463 4493 589 4564; x_wconf 81' lang='lat' dir='ltr'><strong>Cogitavi</strong></span> <span class='ocrx_word' id='word_1_734' title='bbox 599 4509 665 4564; x_wconf 89' lang='lat' dir='ltr'><strong>ergo</strong></span> <span class='ocrx_word' id='word_1_735' title='bbox 676 4509 763 4548; x_wconf 89' lang='lat' dir='ltr'><strong>unum</strong></span> <span class='ocrx_word' id='word_1_736' title='bbox 778 4493 944 4549; x_wconf 87' lang='lat' dir='ltr'><strong>mandatum</strong></span> <span class='ocrx_word' id='word_1_737' title='bbox 985 4489 1116 4557; x_wconf 86' lang='lat' dir='ltr'><strong>Quotidie</strong></span> <span class='ocrx_word' id='word_1_738' title='bbox 1129 4488 1300 4544; x_wconf 85' lang='lat' dir='ltr'><strong>manducare</strong></span> <span class='ocrx_word' id='word_1_739' title='bbox 1314 4504 1371 4544; x_wconf 90' lang='lat' dir='ltr'><strong>non</strong></span> <span class='ocrx_word' id='word_1_740' title='bbox 1385 4490 1517 4558; x_wconf 92' lang='lat' dir='ltr'><strong>solemus,</strong></span> <span class='ocrx_word' id='word_1_741' title='bbox 1533 4488 1583 4545; x_wconf 90' lang='lat' dir='ltr'><strong>sed</strong></span> <span class='ocrx_word' id='word_1_742' title='bbox 1596 4496 1712 4564; x_wconf 89' lang='lat' dir='ltr'><strong>propter</strong></span> <span class='ocrx_word' id='word_1_743' title='bbox 1733 4506 1782 4549; x_wconf 81' lang='lat' dir='ltr'><strong>voa</strong></span> 
     </span>
     <span class='ocr_line' id='line_1_49' title="bbox 144 4577 1781 4655; baseline 0.001 -21"><span class='ocrx_word' id='word_1_744' title='bbox 144 4579 300 4652; x_wconf 85' lang='lat' dir='ltr'><strong>praeterire,</strong></span> <span class='ocrx_word' id='word_1_745' title='bbox 321 4598 406 4653; x_wconf 89' lang='lat' dir='ltr'><strong>quaxn</strong></span> <span class='ocrx_word' id='word_1_746' title='bbox 423 4582 599 4654; x_wconf 74' lang='lat' dir='ltr'><strong>praevaricari</strong></span> <span class='ocrx_word' id='word_1_747' title='bbox 621 4581 728 4651; x_wconf 89' lang='lat' dir='ltr'><strong>decem,</strong></span> <span class='ocrx_word' id='word_1_748' title='bbox 747 4599 779 4637; x_wconf 88' lang='lat' dir='ltr'><strong>ex</strong></span> <span class='ocrx_word' id='word_1_749' title='bbox 794 4582 895 4655; x_wconf 90' lang='lat' dir='ltr'><strong>quibus</strong></span> <span class='ocrx_word' id='word_1_750' title='bbox 907 4582 944 4638; x_wconf 91' lang='lat' dir='ltr'><strong>ad</strong></span> <span class='ocrx_word' id='word_1_751' title='bbox 985 4585 1132 4653; x_wconf 88' lang='lat' dir='ltr'><strong>gustemus</strong></span> <span class='ocrx_word' id='word_1_752' title='bbox 1144 4577 1296 4633; x_wconf 90' lang='lat' dir='ltr'><strong>modicum.</strong></span> <span class='ocrx_word' id='word_1_753' title='bbox 1317 4577 1352 4633; x_wconf 80' lang='lat' dir='ltr'><strong>Et</strong></span> <span class='ocrx_word' id='word_1_754' title='bbox 1362 4577 1544 4650; x_wconf 90' lang='lat' dir='ltr'><strong>apposuiteis</strong></span> <span class='ocrx_word' id='word_1_755' title='bbox 1558 4595 1661 4652; x_wconf 90' lang='lat' dir='ltr'><strong>panem</strong></span> <span class='ocrx_word' id='word_1_756' title='bbox 1675 4579 1781 4637; x_wconf 85' lang='lat' dir='ltr'><strong>siccum</strong></span> 
     </span>
     <span class='ocr_line' id='line_1_50' title="bbox 144 4656 1795 4744; baseline 0 -19"><span class='ocrx_word' id='word_1_757' title='bbox 144 4669 359 4725; x_wconf 88' lang='lat' dir='ltr'><strong>tribulationem</strong></span> <span class='ocrx_word' id='word_1_758' title='bbox 374 4671 563 4743; x_wconf 89' lang='lat' dir='ltr'><strong>potuissemus</strong></span> <span class='ocrx_word' id='word_1_759' title='bbox 576 4671 672 4727; x_wconf 87' lang='lat' dir='ltr'><strong>venire</strong></span> <span class='ocrx_word' id='word_1_760' title='bbox 687 4688 737 4744; x_wconf 85' lang='lat' dir='ltr'><strong>pro</strong></span> <span class='ocrx_word' id='word_1_761' title='bbox 752 4671 810 4740; x_wconf 93' lang='lat' dir='ltr'><strong>illo,</strong></span> <span class='ocrx_word' id='word_1_762' title='bbox 826 4672 849 4728; x_wconf 92' lang='lat' dir='ltr'><strong>si</strong></span> <span class='ocrx_word' id='word_1_763' title='bbox 864 4689 881 4728; x_wconf 91' lang='lat' dir='ltr'><strong>a</strong></span> <span class='ocrx_word' id='word_1_764' title='bbox 900 4689 946 4728; x_wconf 92' lang='lat' dir='ltr'><strong>me</strong></span> <span class='ocrx_word' id='word_1_765' title='bbox 987 4676 1016 4726; x_wconf 90' lang='lat' dir='ltr'><strong>et</strong></span> <span class='ocrx_word' id='word_1_766' title='bbox 1028 4670 1080 4731; x_wconf 81' lang='lat' dir='ltr'><strong>sal,</strong></span> <span class='ocrx_word' id='word_1_767' title='bbox 1096 4674 1125 4724; x_wconf 88' lang='lat' dir='ltr'><strong>et</strong></span> <span class='ocrx_word' id='word_1_768' title='bbox 1134 4667 1216 4723; x_wconf 90' lang='lat' dir='ltr'><strong>dixit:</strong></span> <span class='ocrx_word' id='word_1_769' title='bbox 1229 4668 1298 4723; x_wconf 88' lang='lat' dir='ltr'><strong>Ecce</strong></span> <span class='ocrx_word' id='word_1_770' title='bbox 1313 4673 1428 4741; x_wconf 86' lang='lat' dir='ltr'><strong>propter</strong></span> <span class='ocrx_word' id='word_1_771' title='bbox 1437 4685 1485 4725; x_wconf 82' lang='lat' dir='ltr'><strong>vos</strong></span> <span class='ocrx_word' id='word_1_772' title='bbox 1500 4667 1680 4725; x_wconf 81' lang='lat' dir='ltr'><strong>festivitatem</strong></span> <span class='ocrx_word' id='word_1_773' title='bbox 1693 4656 1795 4726; x_wconf 43' lang='lat' dir='ltr'><strong>habe-⁴</strong></span> 
     </span>
     <span class='ocr_line' id='line_1_51' title="bbox 145 4757 1794 4834; baseline 0.001 -19"><span class='ocrx_word' id='word_1_774' title='bbox 145 4760 296 4832; x_wconf 86' lang='lat' dir='ltr'><strong>pecuniam</strong></span> <span class='ocrx_word' id='word_1_775' title='bbox 311 4761 473 4833; x_wconf 87' lang='lat' dir='ltr'><strong>accepisset.</strong></span> <span class='ocrx_word' id='word_1_776' title='bbox 482 4762 625 4817; x_wconf 86' lang='lat' dir='ltr'><strong>Tuautem</strong></span> <span class='ocrx_word' id='word_1_777' title='bbox 636 4761 785 4829; x_wconf 83' lang='lat' dir='ltr'><strong>daemones,</strong></span> <span class='ocrx_word' id='word_1_778' title='bbox 804 4763 852 4834; x_wconf 94' lang='lat' dir='ltr'><strong>qui</strong></span> <span class='ocrx_word' id='word_1_779' title='bbox 867 4768 895 4818; x_wconf 89' lang='lat' dir='ltr'><strong>te</strong></span> <span class='ocrx_word' id='word_1_780' title='bbox 905 4781 947 4819; x_wconf 91' lang='lat' dir='ltr'><strong>se·</strong></span> <span class='ocrx_word' id='word_1_781' title='bbox 986 4777 1050 4817; x_wconf 90' lang='lat' dir='ltr'><strong>mus</strong></span> <span class='ocrx_word' id='word_1_782' title='bbox 1060 4758 1161 4827; x_wconf 88' lang='lat' dir='ltr'><strong>hodie;</strong></span> <span class='ocrx_word' id='word_1_783' title='bbox 1177 4762 1206 4814; x_wconf 90' lang='lat' dir='ltr'><strong>et</strong></span> <span class='ocrx_word' id='word_1_784' title='bbox 1220 4757 1298 4813; x_wconf 91' lang='lat' dir='ltr'><strong>misit</strong></span> <span class='ocrx_word' id='word_1_785' title='bbox 1306 4775 1407 4830; x_wconf 88' lang='lat' dir='ltr'><strong>parum</strong></span> <span class='ocrx_word' id='word_1_786' title='bbox 1421 4757 1493 4813; x_wconf 89' lang='lat' dir='ltr'><strong>aceti</strong></span> <span class='ocrx_word' id='word_1_787' title='bbox 1508 4757 1537 4812; x_wconf 91' lang='lat' dir='ltr'><strong>iu</strong></span> <span class='ocrx_word' id='word_1_788' title='bbox 1547 4757 1654 4814; x_wconf 85' lang='lat' dir='ltr'><strong>salibus</strong></span> <span class='ocrx_word' id='word_1_789' title='bbox 1667 4757 1733 4816; x_wconf 89' lang='lat' dir='ltr'><strong>illis.</strong></span> <span class='ocrx_word' id='word_1_790' title='bbox 1749 4758 1794 4816; x_wconf 76' lang='lat' dir='ltr'><strong>Et&#39;</strong></span> 
     </span>
     <span class='ocr_line' id='line_1_52' title="bbox 146 4845 1781 4922; baseline -0.001 -16"><span class='ocrx_word' id='word_1_791' title='bbox 146 4849 250 4906; x_wconf 86' lang='lat' dir='ltr'><strong>ducere</strong></span> <span class='ocrx_word' id='word_1_792' title='bbox 260 4851 368 4918; x_wconf 83' lang='lat' dir='ltr'><strong>volunt,</strong></span> <span class='ocrx_word' id='word_1_793' title='bbox 383 4867 419 4906; x_wconf 92' lang='lat' dir='ltr'><strong>ne</strong></span> <span class='ocrx_word' id='word_1_794' title='bbox 428 4852 536 4906; x_wconf 87' lang='lat' dir='ltr'><strong>audias.</strong></span> <span class='ocrx_word' id='word_1_795' title='bbox 546 4852 580 4906; x_wconf 88' lang='lat' dir='ltr'><strong>Et</strong></span> <span class='ocrx_word' id='word_1_796' title='bbox 594 4851 715 4907; x_wconf 91' lang='lat' dir='ltr'><strong>multum</strong></span> <span class='ocrx_word' id='word_1_797' title='bbox 724 4851 897 4908; x_wconf 85' lang='lat' dir='ltr'><strong>confortatus</strong></span> <span class='ocrx_word' id='word_1_798' title='bbox 910 4853 946 4909; x_wconf 90' lang='lat' dir='ltr'><strong>de</strong></span> <span class='ocrx_word' id='word_1_799' title='bbox 987 4855 1135 4921; x_wconf 85' lang='lat' dir='ltr'><strong>surgentes</strong></span> <span class='ocrx_word' id='word_1_800' title='bbox 1148 4852 1294 4920; x_wconf 87' lang='lat' dir='ltr'><strong>coeperunt</strong></span> <span class='ocrx_word' id='word_1_801' title='bbox 1313 4846 1432 4918; x_wconf 88' lang='lat' dir='ltr'><strong>psallere</strong></span> <span class='ocrx_word' id='word_1_802' title='bbox 1446 4862 1637 4918; x_wconf 87' lang='lat' dir='ltr'><strong>nsquemane.</strong></span> <span class='ocrx_word' id='word_1_803' title='bbox 1653 4845 1689 4903; x_wconf 83' lang='lat' dir='ltr'><strong>Et</strong></span> <span class='ocrx_word' id='word_1_804' title='bbox 1696 4847 1781 4922; x_wconf 82' lang='lat' dir='ltr'><strong>dixit:</strong></span> 
     </span>
     <span class='ocr_line' id='line_1_53' title="bbox 146 4933 1785 5013; baseline 0.001 -21"><span class='ocrx_word' id='word_1_805' title='bbox 146 4937 239 4995; x_wconf 82' lang='lat' dir='ltr'><strong>uerbis</strong></span> <span class='ocrx_word' id='word_1_806' title='bbox 249 4939 334 5009; x_wconf 88' lang='lat' dir='ltr'><strong>senis,</strong></span> <span class='ocrx_word' id='word_1_807' title='bbox 347 4940 418 4995; x_wconf 90' lang='lat' dir='ltr'><strong>abiit</strong></span> <span class='ocrx_word' id='word_1_808' title='bbox 431 4940 467 4994; x_wconf 87' lang='lat' dir='ltr'><strong>ad</strong></span> <span class='ocrx_word' id='word_1_809' title='bbox 479 4941 579 4995; x_wconf 89' lang='lat' dir='ltr'><strong>cellam</strong></span> <span class='ocrx_word' id='word_1_810' title='bbox 592 4957 682 4995; x_wconf 88' lang='lat' dir='ltr'><strong>suam.</strong></span> <span class='ocrx_word' id='word_1_811' title='bbox 987 4942 1107 5013; x_wconf 90' lang='lat' dir='ltr'><strong>Propter</strong></span> <span class='ocrx_word' id='word_1_812' title='bbox 1120 4954 1168 4992; x_wconf 82' lang='lat' dir='ltr'><strong>vos</strong></span> <span class='ocrx_word' id='word_1_813' title='bbox 1180 4952 1236 4991; x_wconf 89' lang='lat' dir='ltr'><strong>non</strong></span> <span class='ocrx_word' id='word_1_814' title='bbox 1251 4950 1401 5011; x_wconf 86' lang='lat' dir='ltr'><strong>possumus</strong></span> <span class='ocrx_word' id='word_1_815' title='bbox 1414 4933 1569 5006; x_wconf 86' lang='lat' dir='ltr'><strong>adimplere</strong></span> <span class='ocrx_word' id='word_1_816' title='bbox 1583 4936 1710 5008; x_wconf 90' lang='lat' dir='ltr'><strong>regulam</strong></span> <span class='ocrx_word' id='word_1_817' title='bbox 1732 4953 1785 4994; x_wconf 88' lang='lat' dir='ltr'><strong>no·</strong></span> 
     </span>
     <span class='ocr_line' id='line_1_54' title="bbox 184 5023 1786 5102; baseline 0.001 -18"><span class='ocrx_word' id='word_1_818' title='bbox 184 5025 228 5084; x_wconf 67' lang='grc'><strong>94.</strong></span> <span class='ocrx_word' id='word_1_819' title='bbox 242 5028 386 5084; x_wconf 88' lang='lat' dir='ltr'><strong>Venerunt</strong></span> <span class='ocrx_word' id='word_1_820' title='bbox 399 5028 550 5101; x_wconf 89' lang='lat' dir='ltr'><strong>aliquando</strong></span> <span class='ocrx_word' id='word_1_821' title='bbox 560 5035 618 5084; x_wconf 89' lang='lat' dir='ltr'><strong>tres</strong></span> <span class='ocrx_word' id='word_1_822' title='bbox 627 5028 728 5084; x_wconf 85' lang='lat' dir='ltr'><strong>iratres</strong></span> <span class='ocrx_word' id='word_1_823' title='bbox 744 5029 779 5084; x_wconf 93' lang='lat' dir='ltr'><strong>ad</strong></span> <span class='ocrx_word' id='word_1_824' title='bbox 795 5029 946 5102; x_wconf 89' lang='lat' dir='ltr'><strong>quemdam</strong></span> <span class='ocrx_word' id='word_1_825' title='bbox 987 5036 1086 5095; x_wconf 89' lang='lat' dir='ltr'><strong>stram,</strong></span> <span class='ocrx_word' id='word_1_826' title='bbox 1111 5033 1143 5082; x_wconf 92' lang='lat' dir='ltr'><strong>ut</strong></span> <span class='ocrx_word' id='word_1_827' title='bbox 1164 5024 1272 5080; x_wconf 89' lang='lat' dir='ltr'><strong>modice</strong></span> <span class='ocrx_word' id='word_1_828' title='bbox 1300 5023 1433 5096; x_wconf 85' lang='lat' dir='ltr'><strong>pausetis,</strong></span> <span class='ocrx_word' id='word_1_829' title='bbox 1459 5023 1525 5097; x_wconf 89' lang='lat' dir='ltr'><strong>quie</strong></span> <span class='ocrx_word' id='word_1_830' title='bbox 1544 5024 1685 5097; x_wconf 87' lang='lat' dir='ltr'><strong>peregrini</strong></span> <span class='ocrx_word' id='word_1_831' title='bbox 1706 5026 1786 5087; x_wconf 86' lang='lat' dir='ltr'><strong>estis.</strong></span> 
     </span>
     <span class='ocr_line' id='line_1_55' title="bbox 146 5112 1787 5191; baseline -0.001 -18"><span class='ocrx_word' id='word_1_832' title='bbox 146 5133 244 5173; x_wconf 87' lang='lat' dir='ltr'><strong>senem</strong></span> <span class='ocrx_word' id='word_1_833' title='bbox 259 5117 289 5174; x_wconf 92' lang='lat' dir='ltr'><strong>in</strong></span> <span class='ocrx_word' id='word_1_834' title='bbox 301 5117 407 5191; x_wconf 87' lang='lat' dir='ltr'><strong>Scythi,</strong></span> <span class='ocrx_word' id='word_1_835' title='bbox 424 5123 453 5173; x_wconf 91' lang='lat' dir='ltr'><strong>et</strong></span> <span class='ocrx_word' id='word_1_836' title='bbox 466 5134 540 5174; x_wconf 86' lang='lat' dir='ltr'><strong>unus</strong></span> <span class='ocrx_word' id='word_1_837' title='bbox 555 5135 587 5173; x_wconf 90' lang='lat' dir='ltr'><strong>ex</strong></span> <span class='ocrx_word' id='word_1_838' title='bbox 602 5117 646 5173; x_wconf 88' lang='lat' dir='ltr'><strong>his</strong></span> <span class='ocrx_word' id='word_1_839' title='bbox 663 5117 848 5190; x_wconf 82' lang='lat' dir='ltr'><strong>interrogavit</strong></span> <span class='ocrx_word' id='word_1_840' title='bbox 869 5137 945 5190; x_wconf 92' lang='lat' dir='ltr'><strong>eum,</strong></span> <span class='ocrx_word' id='word_1_841' title='bbox 988 5120 1071 5176; x_wconf 86' lang='lat' dir='ltr'><strong>Mane</strong></span> <span class='ocrx_word' id='word_1_842' title='bbox 1086 5121 1181 5173; x_wconf 87' lang='lat' dir='ltr'><strong>autem</strong></span> <span class='ocrx_word' id='word_1_843' title='bbox 1195 5114 1278 5181; x_wconf 82' lang='lat' dir='ltr'><strong>facto,</strong></span> <span class='ocrx_word' id='word_1_844' title='bbox 1294 5112 1424 5168; x_wconf 88' lang='lat' dir='ltr'><strong>volebant</strong></span> <span class='ocrx_word' id='word_1_845' title='bbox 1442 5112 1553 5185; x_wconf 84' lang='lat' dir='ltr'><strong>lugere:</strong></span> <span class='ocrx_word' id='word_1_846' title='bbox 1569 5114 1617 5170; x_wconf 93' lang='lat' dir='ltr'><strong>ille</strong></span> <span class='ocrx_word' id='word_1_847' title='bbox 1631 5120 1727 5172; x_wconf 89' lang='lat' dir='ltr'><strong>autem</strong></span> <span class='ocrx_word' id='word_1_848' title='bbox 1741 5132 1787 5173; x_wconf 89' lang='lat' dir='ltr'><strong>ro·</strong></span> 
     </span>
     <span class='ocr_line' id='line_1_56' title="bbox 147 5202 1786 5282; baseline -0.001 -19"><span class='ocrx_word' id='word_1_849' title='bbox 147 5206 260 5263; x_wconf 82' lang='lat' dir='ltr'><strong>diceus:</strong></span> <span class='ocrx_word' id='word_1_850' title='bbox 274 5205 363 5275; x_wconf 81' lang='lat' dir='ltr'><strong>Abba,</strong></span> <span class='ocrx_word' id='word_1_851' title='bbox 380 5207 571 5263; x_wconf 85' lang='lat' dir='ltr'><strong>commendavi</strong></span> <span class='ocrx_word' id='word_1_852' title='bbox 587 5208 675 5262; x_wconf 86' lang='lat' dir='ltr'><strong>Vetus</strong></span> <span class='ocrx_word' id='word_1_853' title='bbox 686 5213 714 5263; x_wconf 92' lang='lat' dir='ltr'><strong>et</strong></span> <span class='ocrx_word' id='word_1_854' title='bbox 727 5208 837 5264; x_wconf 82' lang='lat' dir='ltr'><strong>Novum</strong></span> <span class='ocrx_word' id='word_1_855' title='bbox 848 5208 946 5265; x_wconf 88' lang='lat' dir='ltr'><strong>Testa·</strong></span> <span class='ocrx_word' id='word_1_856' title='bbox 987 5208 1082 5282; x_wconf 86' lang='lat' dir='ltr'><strong>gabat,</strong></span> <span class='ocrx_word' id='word_1_857' title='bbox 1090 5223 1146 5274; x_wconf 90' lang='lat' dir='ltr'><strong>eos,</strong></span> <span class='ocrx_word' id='word_1_858' title='bbox 1156 5204 1267 5260; x_wconf 91' lang='lat' dir='ltr'><strong>dicens:</strong></span> <span class='ocrx_word' id='word_1_859' title='bbox 1283 5203 1391 5259; x_wconf 75' lang='lat' dir='ltr'><strong>Menate</strong></span> <span class='ocrx_word' id='word_1_860' title='bbox 1405 5202 1581 5276; x_wconf 84' lang='lat' dir='ltr'><strong>aliquantum</strong></span> <span class='ocrx_word' id='word_1_861' title='bbox 1593 5205 1729 5279; x_wconf 86' lang='lat' dir='ltr'><strong>temporis</strong></span> <span class='ocrx_word' id='word_1_862' title='bbox 1737 5219 1786 5263; x_wconf 86' lang='lat' dir='ltr'><strong>no·</strong></span> 
     </span>
     <span class='ocr_line' id='line_1_57' title="bbox 147 5291 1784 5369; baseline -0.002 -18"><span class='ocrx_word' id='word_1_863' title='bbox 147 5301 277 5351; x_wconf 88' lang='lat' dir='ltr'><strong>mentum</strong></span> <span class='ocrx_word' id='word_1_864' title='bbox 297 5296 449 5353; x_wconf 74' lang='lat' dir='ltr'><strong>memoria.</strong></span> <span class='ocrx_word' id='word_1_865' title='bbox 471 5297 506 5352; x_wconf 85' lang='lat' dir='ltr'><strong>Et</strong></span> <span class='ocrx_word' id='word_1_866' title='bbox 518 5296 663 5369; x_wconf 85' lang='lat' dir='ltr'><strong>respondit</strong></span> <span class='ocrx_word' id='word_1_867' title='bbox 680 5314 784 5365; x_wconf 90' lang='lat' dir='ltr'><strong>senex,</strong></span> <span class='ocrx_word' id='word_1_868' title='bbox 803 5304 832 5353; x_wconf 91' lang='lat' dir='ltr'><strong>et</strong></span> <span class='ocrx_word' id='word_1_869' title='bbox 852 5297 945 5356; x_wconf 90' lang='lat' dir='ltr'><strong>dixit:</strong></span> <span class='ocrx_word' id='word_1_870' title='bbox 988 5298 1111 5359; x_wconf 78' lang='lat' dir='ltr'><strong>hiscum:</strong></span> <span class='ocrx_word' id='word_1_871' title='bbox 1124 5293 1167 5350; x_wconf 90' lang='lat' dir='ltr'><strong>sin</strong></span> <span class='ocrx_word' id='word_1_872' title='bbox 1180 5292 1260 5361; x_wconf 88' lang='lat' dir='ltr'><strong>alias,</strong></span> <span class='ocrx_word' id='word_1_873' title='bbox 1271 5291 1314 5346; x_wconf 89' lang='lat' dir='ltr'><strong>vel</strong></span> <span class='ocrx_word' id='word_1_874' title='bbox 1329 5296 1444 5365; x_wconf 91' lang='lat' dir='ltr'><strong>propter</strong></span> <span class='ocrx_word' id='word_1_875' title='bbox 1455 5293 1632 5362; x_wconf 90' lang='lat' dir='ltr'><strong>mandatum,</strong></span> <span class='ocrx_word' id='word_1_876' title='bbox 1655 5294 1716 5351; x_wconf 87' lang='lat' dir='ltr'><strong>dies</strong></span> <span class='ocrx_word' id='word_1_877' title='bbox 1726 5298 1784 5349; x_wconf 87' lang='lat' dir='ltr'><strong>tres</strong></span> 
     </span>
    </p>
   </div>
   <div class='ocr_carea' id='block_1_3' title="bbox 147 5381 1898 5459">
    <p class='ocr_par' dir='ltr' id='par_1_3' title="bbox 147 5381 1898 5459">
     <span class='ocr_line' id='line_1_58' title="bbox 147 5381 1898 5459; baseline -0.002 -18"><span class='ocrx_word' id='word_1_878' title='bbox 147 5382 274 5458; x_wconf 82' lang='lat' dir='ltr'><strong>Replesti</strong></span> <span class='ocrx_word' id='word_1_879' title='bbox 297 5385 388 5441; x_wconf 82' lang='lat' dir='ltr'><strong>verbis</strong></span> <span class='ocrx_word' id='word_1_880' title='bbox 411 5402 516 5441; x_wconf 87' lang='lat' dir='ltr'><strong>aerem.</strong></span> <span class='ocrx_word' id='word_1_881' title='bbox 543 5385 578 5440; x_wconf 85' lang='lat' dir='ltr'><strong>Et</strong></span> <span class='ocrx_word' id='word_1_882' title='bbox 600 5384 739 5441; x_wconf 90' lang='lat' dir='ltr'><strong>secundus</strong></span> <span class='ocrx_word' id='word_1_883' title='bbox 760 5386 946 5459; x_wconf 86' lang='lat' dir='ltr'><strong>interrogavit</strong></span> <span class='ocrx_word' id='word_1_884' title='bbox 988 5381 1387 5444; x_wconf 87' lang='lat' dir='ltr'><strong>secundumconsuetudinem</strong></span> <span class='ocrx_word' id='word_1_885' title='bbox 1412 5382 1500 5438; x_wconf 89' lang='lat' dir='ltr'><strong>eremi</strong></span> <span class='ocrx_word' id='word_1_886' title='bbox 1524 5382 1607 5440; x_wconf 82' lang='lat' dir='ltr'><strong>facite</strong></span> <span class='ocrx_word' id='word_1_887' title='bbox 1628 5383 1783 5438; x_wconf 85' lang='lat' dir='ltr'><strong>nobiscum.</strong></span> <span class='ocrx_word' id='word_1_888' title='bbox 1895 5454 1898 5459; x_wconf 23' lang='grc' dir='ltr'>Ι</span> 
     </span>
    </p>
   </div>
   <div class='ocr_carea' id='block_1_4' title="bbox 147 5471 1786 5644">
    <p class='ocr_par' dir='ltr' id='par_1_4' title="bbox 147 5471 1786 5644">
     <span class='ocr_line' id='line_1_59' title="bbox 148 5471 1786 5550; baseline 0.002 -20"><span class='ocrx_word' id='word_1_889' title='bbox 148 5490 225 5541; x_wconf 88' lang='lat' dir='ltr'><strong>eum,</strong></span> <span class='ocrx_word' id='word_1_890' title='bbox 250 5473 344 5531; x_wconf 90' lang='lat' dir='ltr'><strong>diceus</strong></span> <span class='ocrx_word' id='word_1_891' title='bbox 357 5493 363 5529; x_wconf 76' lang='grc' dir='ltr'>ι</span> <span class='ocrx_word' id='word_1_892' title='bbox 378 5475 466 5530; x_wconf 86' lang='lat' dir='ltr'><strong>Vetus</strong></span> <span class='ocrx_word' id='word_1_893' title='bbox 482 5480 510 5530; x_wconf 91' lang='lat' dir='ltr'><strong>et</strong></span> <span class='ocrx_word' id='word_1_894' title='bbox 530 5474 641 5532; x_wconf 80' lang='lat' dir='ltr'><strong>Nouum</strong></span> <span class='ocrx_word' id='word_1_895' title='bbox 658 5476 871 5533; x_wconf 86' lang='lat' dir='ltr'><strong>Testamentum</strong></span> <span class='ocrx_word' id='word_1_896' title='bbox 894 5494 946 5550; x_wconf 92' lang='lat' dir='ltr'><strong>ego</strong></span> <span class='ocrx_word' id='word_1_897' title='bbox 990 5476 1033 5533; x_wconf 92' lang='lat' dir='ltr'><strong>llli</strong></span> <span class='ocrx_word' id='word_1_898' title='bbox 1048 5472 1276 5532; x_wconf 85' lang='lat' dir='ltr'><strong>autemvidentes</strong></span> <span class='ocrx_word' id='word_1_899' title='bbox 1291 5471 1358 5549; x_wconf 86' lang='lat' dir='ltr'><strong>quia</strong></span> <span class='ocrx_word' id='word_1_900' title='bbox 1367 5488 1424 5531; x_wconf 91' lang='lat' dir='ltr'><strong>non</strong></span> <span class='ocrx_word' id='word_1_901' title='bbox 1435 5472 1574 5536; x_wconf 78' lang='lat' dir='ltr'><strong>relaxaret</strong></span> <span class='ocrx_word' id='word_1_902' title='bbox 1583 5489 1641 5546; x_wconf 87' lang='lat' dir='ltr'><strong>eos,</strong></span> <span class='ocrx_word' id='word_1_903' title='bbox 1651 5471 1786 5546; x_wconf 75' lang='lat' dir='ltr'><strong>fugarunt</strong></span> 
     </span>
     <span class='ocr_line' id='line_1_60' title="bbox 147 5563 1104 5644; baseline -0.002 -20"><span class='ocrx_word' id='word_1_904' title='bbox 147 5563 249 5644; x_wconf 80' lang='lat' dir='ltr'><strong>scripsi</strong></span> <span class='ocrx_word' id='word_1_905' title='bbox 263 5581 315 5641; x_wconf 86' lang='lat' dir='ltr'><strong>per</strong></span> <span class='ocrx_word' id='word_1_906' title='bbox 338 5564 501 5644; x_wconf 86' lang='lat' dir='ltr'><strong>meipsum.</strong></span> <span class='ocrx_word' id='word_1_907' title='bbox 525 5564 601 5627; x_wconf 86' lang='lat' dir='ltr'><strong>Dixit</strong></span> <span class='ocrx_word' id='word_1_908' title='bbox 614 5570 709 5627; x_wconf 85' lang='lat' dir='ltr'><strong>autem</strong></span> <span class='ocrx_word' id='word_1_909' title='bbox 723 5570 752 5627; x_wconf 87' lang='lat' dir='ltr'><strong>ct</strong></span> <span class='ocrx_word' id='word_1_910' title='bbox 766 5565 849 5627; x_wconf 87' lang='lat' dir='ltr'><strong>huic:</strong></span> <span class='ocrx_word' id='word_1_911' title='bbox 867 5567 902 5627; x_wconf 82' lang='lat' dir='ltr'><strong>ut</strong></span> <span class='ocrx_word' id='word_1_912' title='bbox 915 5572 947 5629; x_wconf 89' lang='lat' dir='ltr'><strong>tu</strong></span> <span class='ocrx_word' id='word_1_913' title='bbox 988 5564 1104 5626; x_wconf 86' lang='lat' dir='ltr'><strong>occulte.</strong></span> 
     </span>
    </p>
   </div>
   <div class='ocr_carea' id='block_1_5' title="bbox 1291 5632 1687 5655">
    <p class='ocr_par' dir='ltr' id='par_1_5' title="bbox 1291 5632 1687 5655">
     <span class='ocr_line' id='line_1_61' title="bbox 1291 5632 1687 5655; baseline 0.005 -8"><span class='ocrx_word' id='word_1_914' title='bbox 1291 5637 1296 5653; x_wconf 67' lang='lat' dir='ltr'>q</span> <span class='ocrx_word' id='word_1_915' title='bbox 1315 5632 1425 5655; x_wconf 60' lang='grc' dir='ltr'><strong>..γυ-ΜΠ</strong></span> <span class='ocrx_word' id='word_1_916' title='bbox 1472 5640 1477 5650; x_wconf 71' lang='grc' dir='ltr'>ι</span> <span class='ocrx_word' id='word_1_917' title='bbox 1491 5638 1497 5652; x_wconf 74' lang='grc' dir='ltr'>ι</span> <span class='ocrx_word' id='word_1_918' title='bbox 1577 5638 1582 5647; x_wconf 76' lang='lat'>¹</span> <span class='ocrx_word' id='word_1_919' title='bbox 1675 5632 1687 5642; x_wconf 66' lang='lat'><strong>³·</strong></span> 
     </span>
    </p>
   </div>
   <div class='ocr_carea' id='block_1_6' title="bbox 0 0 1922 6116">
    <p class='ocr_par' dir='ltr' id='par_1_6' title="bbox 0 0 1922 6116">
     <span class='ocr_line' id='line_1_62' title="bbox 0 0 1922 6116; baseline 0 0"><span class='ocrx_word' id='word_1_920' title='bbox 0 0 1922 6116; x_wconf 95' lang='lat' dir='ltr'><strong> </strong></span> 
     </span>
    </p>
   </div>
  </div>
 </body>
</html>
