3818 6120
145 100 204 165 {53
356 110 441 165 vira
459 108 679 165 SANG'I'ORUM
696 94 869 165 iiiiibddii
887 100 1056 167 baculum
1074 111 1119 167 ΕΤ
1134 110 1318 169 ausaausa
1336 116 1448 172 INDIAE
1466 116 1584 176 REGIS.
1736 126 1790 182 aaa

144 226 295 292 culusum
306 226 400 291 aalide
413 222 543 294 habebat.
559 220 695 305 as't'raiogi
705 234 838 290 nimirum
853 236 946 290 vatict-
956 242 979 298 ‚t
990 237 1059 290 tium
1074 236 1127 291 'sibi
1143 238 1304 294 concilians.
1319 242 1401 305 Quod
1415 244 1439 297 si
1453 245 1504 315 pio
1520 252 1597 303 certo
1611 249 1684 304 scire
1697 253 1785 323 cupis,

145 318 229 381 nium
240 316 441 389 vedius.Quod
456 318 480 378 si
495 323 688 379 ministrorum
703 325 826 395 aliquem
840 326 949 379 inmur
989 326 1130 394 inquiunt,
1142 327 1211 380 nitrii
1226 344 1277 381 nos
1291 331 1398 399 tingere
1407 337 1492 404 atque
1502 337 1686 399 comminisci,
1698 341 1789 410 priva-

143 412 216 469 bdm
231 412 353 468 incidere
368 412 614 484 contigissei‚ounr
631 414 726 467 statim
743 413 819 467 illine
834 415 897 484 ejici
904 416 948 484 ju·
989 414 1089 479 timei,
1105 417 1231 470 tentandi
1247 417 1334 488 ipsius
1350 436 1444 486 eausa,
1464 424 1509 477 die
1537 429 1564 478 te
1584 427 1681 482 relicta
1695 431 1788 499 patria

145 502 242 569 tiebat,
270 496 446 573 alterumque
473 498 593 557 nitidum
622 503 784 573 optimeque
809 503 947 557 uaierrtem
990 503 1787 589 reiigioneaeregnigloria.(}irristianairliidemampiecti

144 592 201 665 ipsi
214 585 411 657 substractae
428 594 460 645 ut
474 589 581 662 nequid
596 591 709 645 omnino
722 591 854 646 salebrosi
864 600 949 662 atque
989 589 1172 663 habitumque
1180 595 1461 667 ruonasticrim.quem
1469 600 1536 655 olim
1546 608 1785 676 tanquumparum

144 672 240 737 a'ecrbi
262 681 292 736 in
314 672 366 736 iiiii
381 678 476 735 oculus
493 678 659 734 incurreret.
676 666 718 733 dd
739 681 813 734 iluu'c
833 682 948 734 modum
990 679 1139 735 honestum
1150 691 1312 752 persecutus
1323 702 1362 748 es,
1374 687 1492 742 induere
1504 691 1717 765 veile.Namqui
1729 697 1786 751 hec

145 772 177 827 s'e
190 768 241 825 rex
253 762 380 842 gerebat,
402 775 487 841 atque
503 770 562 822 hatte
576 768 717 838 cogitabat
729 774 756 822 et
770 768 879 838 agebat.
901 770 947 823 ri·
987 768 1120 823 adversim
1134 770 1225 824 virum
1240 772 1318 826 ilium
1333 776 1468 830 scelerate
1490 780 1786 855 confingebantpps'ius

145 860 216 915 ded's
227 851 304 914 enirn
318 864 375 913 noir
387 854 508 919 ridebat,
520 864 549 912 et
558 857 675 912 audieus
688 866 744 911 non
760 856 943 928 intelligebat.
987 857 1785 939 anirniinstitutumadeom'punetionempropensissimum

179 940 254 1003 Cum
268 950 363 1002 autern
373 946 476 1001 certior
491 944 692 1000 iaciusiuisset
710 946 861 999 inonachus
878 953 946 999 uati-
987 946 1161 1016 exploratum
1184 948 1343 1018 habebam
1360 968 1410 1007 nec
1426 954 1595 1011 dubitabant
1607 960 1675 1029 quin
1689 961 1713 1014 si
1728 962 1786 1017 haec

145 1034 377 1107 nudatiquurum
387 1036 423 1089 'rie
434 1035 582 1105 vestigium
590 1035 798 1106 quidemuiiurn
806 1035 946 1105 reliquum
986 1033 1071 1089 verba
1083 1052 1101 1088 a
1115 1052 1182 1107 rege
1194 1039 1315 1099 audiret.
1338 1041 1435 1095 statim
1450 1043 1503 1114 ipsi
1518 1046 1593 1115 quod
1607 1051 1785 1117 praestantius

144 1128 205 1181 c'ssa
220 1120 348 1197 putabat)
363 1120 455 1179 ddiruc
468 1128 625 1195 superesse.
639 1122 785 1178 iracundia
798 1123 943 1187 estuabat,
986 1132 1061 1177 asset
1075 1125 1205 1193 suadens,
1224 1134 1321 1181 auctor
1334 1129 1445 1185 suturas
1456 1139 1530 1187 esset
1545 1141 1576 1188 ut
1590 1134 1625 1189 iis
1639 1152 1701 1205 quae
1711 1144 1785 1193 reete

144 1216 230 1286 aitque
245 1215 382 1269 acerrimo
397 1211 505 1285 impetu
520 1213 549 1266 in
565 1229 612 1266 eos
624 1212 775 1273 terebatur.
792 1218 824 1265 alc
839 1220 944 1283 praeco-
986 1214 1113 1267 consulta
1124 1217 1343 1282 assentantium
1358 1235 1468 1273 moram
1482 1222 1605 1289 afferret,
1619 1231 1704 1296 atque
1719 1227 1784 1282 irinc

144 1308 193 1359 aba
207 1298 315 1375 passim
329 1302 389 1357 tota
404 1298 473 1356 urbe
487 1302 515 1355 ei
524 1303 639 1371 regione
650 1306 815 1372 procursare
826 1301 944 1371 impera·
985 1317 1050 1355 vera
1065 1318 1125 1356 esse
1140 1319 1202 1373 quae
1211 1304 1341 1360 dicebant
1349 1306 1551 1364 invenirentur.

144 1392 200 1453 uat
217 1388 266 1463 qui
282 1387 423 1446 edicerent
444 1408 478 1444 ne
496 1390 643 1445 monastici
667 1388 772 1444 ordinis
794 1390 943 1460 quisquam
1020 1391 1078 1444 Rex
1092 1398 1262 1463 auremque
1276 1395 1371 1448 virilia
1388 1414 1455 1465 erga
1463 1414 1493 1452 se
1509 1399 1702 1456 benevolentia
1712 1413 1787 1460 esset

143 1474 265 1553 usquam
280 1480 394 1536 omnino
409 1480 472 1551 posi
487 1480 612 1533 triduum
632 1479 812 1537 inveniretur:
829 1478 904 1549 quod
920 1478 943 1531 si
985 1478 1100 1533 minime
1115 1481 1259 1549 ignorans,
1284 1500 1317 1537 ea
1332 1501 1393 1553 quae
1409 1485 1574 1542 dicebantur
1589 1490 1785 1560 probabilitate

143 1562 325 1633 iitieiriretu'r,
343 1564 465 1624 iiitmmis
479 1565 665 1624 addiceretur,
678 1567 712 1621 ili
729 1568 803 1621 enim
813 1571 889 1629 sunt,
902 1568 943 1620 in·
953 1552 1058 1621 Bomni
1074 1584 1169 1622 carere
1190 1588 1222 1624 uc
1240 1571 1309 1626 laisa
1324 1589 1384 1627 esse
1408 1575 1540 1630 censebat
1564 1578 1662 1649 Neque
1677 1581 1729 1633 sibi
1745 1582 1784 1635 fu·

143 1646 266 1730 qiiiebat
289 1658 409 1730 quorum
425 1658 593 1712 auctoritate
608 1658 727 1728 pupulus
740 1656 892 1710 adducitur
909 1661 943 1709 ut
982 1655 1112 1710 ciendum
1128 1675 1189 1712 esse
1198 1660 1326 1725 elucebat,
1339 1669 1372 1716 ut
1385 1679 1419 1716 ea
1433 1670 1540 1719 temere
1555 1667 1718 1738 susciperet,
1736 1687 1783 1723 ro·

142 1746 207 1801 euru
231 1748 280 1818 qui
307 1748 382 1802 eruci
409 1742 524 1801 suffixus
540 1750 583 1800 est
596 1762 646 1816 pro
659 1745 717 1799 Deo
730 1746 812 1799 cciat.
830 1747 942 1800 interea
981 1760 1045 1799 rum
1059 1760 1119 1799 ram
1134 1747 1224 1817 ipsam
1237 1755 1321 1820 atque
1337 1750 1478 1821 objectum
1494 1754 1600 1808 crimen
1614 1757 1784 1827 exploraret.

141 1828 238 1891 autem
257 1827 419 1908 hujusmodi
435 1834 569 1907 quiddam
584 1832 694 1893 accidit.
712 1835 787 1905 quod
803 1835 941 1904 maiorem
983 1832 1160 1905 Quapropter
1184 1853 1246 1890 cum
1267 1855 1332 1893 eum
1354 1842 1471 1895 remotis
1493 1843 1606 1898 arbitris
1627 1846 1781 1915 accivissetq

141 1924 194 1997 ipsi
208 1924 433 1997 indignationem
449 1922 587 1988 excitavit,
602 1930 722 1994 eumquc
739 1923 884 1977 monachis
898 1923 942 1977 in·
982 1922 1111 1975 tentandi
1120 1924 1209 1995 ipsius
1217 1932 1303 1980 eausa
1313 1927 1353 1981 ita
1363 1944 1428 1983 eum
1439 1931 1628 1987 estaiioeutus
1641 1952 1646 1986 :
1659 1934 1749 2002 Nosti,
1765 1953 1781 1990 o

141 2012 294 2071 tensioreni
306 2005 439 2069 reddidit.
983 2011 1219 2081 amicaquoniam
1229 2016 1311 2069 modo
1322 2016 1471 2071 adversum
1479 2036 1526 2073 eos
1537 2021 1584 2090 qui
1598 2024 1728 2077 monaehi
1737 2025 1779 2078 di-

174 2094 243 2159 Cir.
258 2088 449 2159 it-Interh

141 2178 203 2249 taur
219 2198 284 2248 erat
297 2192 345 2264 qui
361 2193 468 2264 piiuias
483 2192 511 2246 iu
525 2186 591 2246 aula
605 2190 758 2255 obtinebat,
772 2190 813 2242 'rir
821 2189 942 2259 eleganti
980 2189 1125 2257 gesserim,
1138 2198 1317 2246 nuncautem
1329 2211 1362 2247 eo
1372 2195 1486 2249 nomine
1502 2198 1667 2266 punitentia
1680 2201 1781 2256 duetus

140 2274 313 2349 aununtiet
320 2274 541 2353 pietate‚quique
548 2280 631 2335 saluti
640 2286 697 2334 sua
706 2282 819 2350 operam
829 2284 941 2332 summit
981 2279 1252 2348 atquepraesenuum
1261 2286 1546 2353 rernmpertassusad
1554 2302 1617 2357 spes
1632 2288 1695 2343 ilias
1710 2300 1781 2360 quas

140 2362 337 2426 doctoratu:
351 2368 605 2435 arcuitetamen‚ob
616 2368 691 2438 regis
702 2371 820 2422 metum.
838 2367 941 2430 eram·
980 2381 1030 2419 eos
1040 2376 1293 2424 commemorantes
1301 2372 1781 2448 audivi‚nempeimmortaliscujus·

140 2446 237 2515 obrem
243 2458 382 2526 nonnulii,
393 2460 427 2513 ab
433 2470 495 2514 eam
504 2468 560 2529 qua
570 2458 644 2529 apud
652 2472 748 2526 regern
762 2456 884 2527 pollebat
894 2472 941 2510 au·
982 2452 1048 2507 dam
1061 2456 1152 2525 regni,
1170 2458 1244 2527 quod
1259 2458 1288 2512 in
1309 2459 1365 2513 alia
1380 2461 1436 2514 rita
1448 2462 1576 2517 laturum
1590 2470 1642 2531 est,
1658 2482 1701 2520 ure
1716 2483 1780 2521 eon-

139 2542 301 2605 caritatem
309 2544 364 2620 ipsi
371 2548 605 2612 invirientes‚eum
616 2546 759 2601 criminari
767 2546 841 2600 m
849 2546 942 2600 stude·
985 2542 1057 2596 terre
1072 2544 1154 2614 cupio
1169 2550 1246 2613 (nam
1270 2564 1394 2617 praesens
1418 2566 1538 2621 regnum
1556 2558 1647 2606 morte
1662 2557 1778 2609 omnino

138 2624 253 2705 bdnta'e'
268 2646 447 2709 summopere
457 2634 631 2692 laborabant.
643 2626 678 2690 uc
689 2635 802 2706 quidem
817 2648 879 2688 curn
891 2650 939 2687 rex
979 2630 1218 2702 interrumpitur);
1235 2635 1310 2690 istud
1324 2642 1417 2692 autem
1432 2653 1477 2693 me
1491 2640 1568 2694 nullo
1579 2641 1683 2712 alioqui
1696 2646 1779 2699 modo

138 2714 293 2798 riiir'quando
305 2716 458 2781 satellitum
472 2728 615 2796 maaupru
630 2736 680 2778 suo
695 2738 773 2777 more
788 2728 894 2793 septus,
904 2723 938 2775 ad
981 2719 1160 2789 consequier
1173 2724 1292 2778 votimei
1301 2732 1458 2797 cuxupatem
1469 2738 1531 2783 esse
1541 2736 1623 2800 posse
1637 2733 1777 2801 existimo,

138 2810 467 2887 renauonemproiectus
476 2814 584 2880 suisset,
595 2813 625 2867 in
639 2818 805 2866 cenaturum
820 2824 939 2865 numero
960 2871 966 2892 1
980 2807 1033 2862 ui'si
1043 2806 1301 2878 Christianus'iiam,
1314 2814 1449 2886 regnique
1460 2816 1514 2869 mei
1522 2819 1655 2886 gloriatae
1663 2823 1779 2893 reliquis

136 2893 242 2976 probus
251 2896 301 2959 iiic
309 2902 351 2958 ur
359 2900 429 2958 erat.
440 2906 511 2958 Cum
520 2909 614 2958 autom
625 2902 685 2973 ipse
695 2903 771 2955 solus
781 2870 967 2954 ambulatetss
979 2895 1095 2966 hujusce
1107 2896 1168 2951 viae
1176 2900 1401 2968 jucunditatibus
1413 2906 1635 2976 etvoluptatibu's
1650 2909 1725 2963 diota
1735 2920 1781 2964 ex-

138 2982 253 3061 (uduo,
265 2998 300 3048 ut
307 2992 414 3064 opinor,
426 2992 541 3047 consilio
551 2990 591 3045 ita
599 2991 728 3059 serente),
741 2990 883 3044 hominem
898 2988 939 3042 lu·
978 2993 1069 3041 trema
1090 2987 1256 3053 suuteiuos
1276 2990 1414 3060 religiosae
1426 2993 1487 3049 vite
1496 2994 1626 3060 cultores
1642 3003 1671 3050 et
1683 3008 1779 3053 meaa-

136 3080 177 3137 ai
188 3080 298 3137 densas
313 3080 426 3136 arbores
440 3074 519 3136 humi
532 3080 713 3152 prostratum,
732 3078 842 3149 acpede
852 3092 869 3131 a
879 3077 939 3130 iera
979 3077 1055 3141 ciros,
1070 3092 1140 3150 quos
1159 3078 1255 3150 inique
1270 3083 1299 3133 et
1325 3080 1460 3134 scelerate
1487 3083 1589 3153 expuli,
1611 3098 1779 3158 quocunque

138 3164 262 3242 quatiam
286 3170 409 3242 gratiter
432 3170 593 3235 contritum,
615 3168 739 3222 oiiendit.
757 3166 810 3231 Qui
824 3166 937 3236 quidem
979 3166 1094 3221 tandem
1105 3168 1134 3221 iu
1148 3168 1208 3221 ioco
1219 3167 1284 3231 sint,
1295 3168 1448 3238 inquirens,
1460 3169 1528 3241 ipsis
1539 3180 1584 3225 me
1592 3173 1773 3230 admisceam.

138 3257 230 3331 ipsum
240 3264 458 3331 pretereuntem
469 3257 723 3329 intuens‚preeibus
731 3250 765 3309 ab
776 3270 808 3308 eo
822 3258 937 3308 eonten-
978 3255 1021 3308 ad
1033 3256 1102 3323 haec,
1116 3256 1182 3326 quid
1193 3257 1252 3327 ipse
1261 3257 1303 3311 ais
1315 3258 1328 3309 ?
1339 3261 1368 3310 ct
1380 3258 1446 3328 quid
1456 3260 1524 3312 inihi
1534 3252 1693 3316 iaciendum
1710 3281 1777 3319 cen-

139 3338 220 3403 debat
231 3348 309 3403 hese
320 3348 483 3419 preteriret,
503 3354 598 3401 terum
608 3343 774 3400 calamitatis
784 3356 841 3398 sure
856 3343 938 3396 mise·
978 3344 1037 3399 sesi
1049 3346 1094 3399 die
1108 3346 1419 3417 quesoperueritatem
1434 3348 1524 3418 ipsam
1538 3356 1567 3403 te
1579 3351 1778 3410 obtestor.Nnu

140 3428 247 3493 ratione
263 3434 432 3495 alliceretur.
443 3438 527 3507 atque
536 3424 685 3489 indornum
699 3450 780 3488 suam
795 3433 938 3486 abducen·
979 3433 1054 3488 enlin
1066 3450 1110 3488 me
1124 3434 1198 3505 iugit
1212 3439 1240 3488 te
1254 3440 1340 3506 supra
1354 3446 1451 3489 omnes
1464 3440 1595 3492 mortales
1602 3441 1660 3494 reri
1673 3442 1779 3496 studio·

139 3514 203 3582 idm
217 3530 341 3581 curaret.
359 3524 447 3581 Simul
459 3524 543 3579 etiarn
559 3520 771 3594 iiludadjunxit
782 3528 862 3575 suam
874 3536 938 3590 ope·
979 3527 1150 3594 sumatque
1169 3522 1257 3577 animi
1272 3523 1411 3595 probitate
1425 3522 1573 3595 preditum
1596 3544 1666 3584 esse.
1683 3531 1778 3586 Bonus

140 3614 198 3669 iam
212 3614 271 3687 ipsi
287 3620 342 3668 uon
357 3624 471 3686 prorsus
494 3612 621 3668 inutilem
645 3619 730 3681 atquc
741 3611 854 3664 inanem
867 3610 935 3662 ibre.
979 3618 1074 3664 autern
1085 3611 1131 3665 ilie
1146 3612 1196 3677 vir,
1211 3618 1245 3666 ut
1259 3612 1317 3667 haee
1339 3613 1454 3673 audivit,
1475 3614 1635 3671 abstrusam
1650 3619 1776 3675 iiuudcm

140 3690 398 3757 uectarusautem
412 3700 460 3756 ille
473 3700 516 3755 sir
530 3700 555 3755 el
566 3699 651 3754 dixit:
673 3699 809 3770 Equidem
820 3696 940 3768 ipserir-
980 3700 1058 3753 nulio
1070 3701 1153 3754 ruodo
1168 3702 1423 3771 agnoscens,auimi
1433 3705 1648 3775 compunctione
1662 3708 1778 3763 allectus

138 3790 208 3845 tutis
221 3786 317 3846 studio
329 3796 415 3863 atque
428 3804 524 3845 amore
537 3796 565 3844 te
579 3798 731 3849 assumam,
743 3787 840 3859 tuique
855 3790 940 3856 quam
981 3787 1596 3862 cstqiaerymisquepratusus‚simplicianimo
1608 3798 1753 3868 respondit
1769 3819 1775 3850 :

140 3878 503 3951 maximampoterocaram
517 3894 623 3949 geram.
637 3874 816 3947 iterumque
824 3875 939 3929 undem
981 3876 1049 3938 Rex,
1065 3880 1202 3931 aurnum
1231 3888 1300 3944 urae,
1326 3878 1429 3933 bonum
1448 3886 1477 3934 et
1492 3882 1615 3937 salutate
1629 3886 1777 3940 consiliunt

138 3958 251 4025 eatae
261 3966 370 4023 utilitas
385 3976 470 4039 quam
484 3961 534 4023 abs
548 3972 575 4022 te
597 3966 688 4021 adme
703 3965 859 4019 redituram
875 3972 936 4018 essa
976 3965 1072 4019 iniisti.
1090 3960 1144 4030 Qui
1158 3966 1233 4020 enlin
1248 3966 1358 4037 querit,
1376 3967 1537 4039 inquiritis,
1555 3972 1646 4042 ipsum
1667 3974 1776 4029 iuveni-

138 4048 202 4113 alst
212 4046 321 4129 Pauper
335 4062 429 4112 autein
445 4056 492 4111 iiie
507 4060 536 4112 et
549 4054 710 4111 imbecillis:
739 4054 807 4124 Ego,
832 4053 933 4123 inquit,
976 4054 1115 4133 tipotest‚
1125 4056 1221 4108 tarnim
1237 4055 1330 4125 ipsum
1340 4057 1470 4111 omnibus
1481 4058 1586 4112 viribus
1594 4063 1776 4130 quaerendum

136 4134 396 4201 semoribusrasis
410 4144 532 4201 medeor.
549 4146 620 4200 Nam
644 4143 791 4215 siquando
803 4142 831 4196 in
845 4140 935 4195 uerbis
977 4146 1020 4196 cst
1034 4161 1039 4194 :
1053 4143 1107 4206 Qui
1127 4142 1201 4196 enim
1219 4143 1328 4212 querit,
1351 4143 1444 4214 inquit
1467 4144 1523 4209 ilie,
1545 4146 1636 4217 ipsum
1652 4142 1777 4204 inveniet

136 4226 340 4306 iitiieuiioqriiis
351 4233 629 4306 minusaiquodaut
638 4228 754 4287 afflictio
765 4231 932 4296 inueniatur,
975 4231 1120 4299 (iuram).
1129 4231 1313 4285 Pmsentiu'm
1328 4238 1422 4286 autern
1435 4248 1530 4288 rerum
1543 4235 1650 4290 tructus
1664 4237 1729 4292 iicet
1746 4238 1776 4292 i'n

136 4322 590 4379 wuenuneismedicamcnusea
602 4334 714 4385 curmae
729 4334 764 4375 ue
778 4318 884 4374 maium
895 4320 936 4373 ui·
976 4319 1098 4389 speeiem
1121 4318 1240 4372 oblectet
1254 4336 1286 4372 ac
1301 4320 1474 4391 voluptatem
1494 4323 1604 4385 alterat,
1628 4323 1775 4394 puiciirum

135 4404 226 4466 teriia
233 4410 329 4485 serpat
337 4408 554 4484 pmhibco.Pius
563 4408 710 4482 ltaqueiila
720 4409 936 4480 rir,quanquam
976 4413 1072 4461 tamen
1085 4411 1128 4461 est
1142 4422 1206 4462 eum
1216 4409 1373 4479 propellere
1384 4426 1418 4464 ae
1427 4410 1713 4482 propulsareiitenim
1723 4418 1775 4469 no·

133 4482 173 4545 ῖᾶ
189 4500 254 4564 illud
268 4494 379 4556 dixerat
391 4502 496 4556 nullius
510 4500 646 4555 momenti
660 4498 885 4565 duceret‚tarnen
895 4497 936 4550 di·
976 4501 1109 4550 sterium
1128 4496 1250 4567 denique
1265 4504 1316 4561 cst,
1334 4512 1398 4552 rum
1414 4505 1475 4569 cst;
1503 4505 1532 4554 et
1557 4510 1628 4571 quas
1642 4498 1771 4564 ablactat.

132 4574 196 4633 'ini
210 4590 334 4646 mandati
358 4607 520 4647 causacum
543 4590 572 4644 in
588 4590 702 4644 domum
723 4604 804 4643 sumn
819 4586 931 4651 deferri,
974 4585 1063 4639 multo
1073 4585 1163 4655 magu
1173 4598 1286 4639 rursum
1300 4586 1525 4642 excruciatNam
1542 4594 1571 4643 'et
1581 4590 1670 4660 ipsius
1684 4585 1776 4645 suavi·

127 4652 218 4737 cique
228 4686 312 4751 quatit
322 4686 374 4752 par
382 4682 443 4734 erat
453 4688 549 4735 curant
559 4668 686 4733 adulteri
694 4678 789 4748 iussit.
804 4672 933 4730 iitinvidi
973 4674 1041 4727 tatis
1055 4679 1084 4727 et
1097 4675 1232 4729 molestiae
1245 4675 1345 4729 umbra
1360 4675 1556 4732 imbeciiiiores
1569 4685 1684 4746 santae
1699 4681 1776 4735 reiut

167 4750 216 4820 itt
225 4768 311 4824 lirare
324 4764 424 4840 perciti
442 4763 580 4831 homines,
594 4767 629 4821 de
652 4766 753 4838 quibus
768 4768 834 4819 unte
847 4764 932 4819 locuti
974 4763 1052 4816 nauis
1070 4763 1180 4817 inmari
1196 4774 1310 4817 rursum
1321 4760 1506 4831 tenentis,aat
1518 4766 1576 4821 aris
1589 4774 1684 4823 aerem
1695 4776 1775 4841 pera-

126 4828 455 4929 &iuuetur-:susam
464 4866 549 4929 quarn
557 4858 617 4928 jaro
623 4855 732 4927 pridem
738 4853 932 4926 parturiebant
973 4852 1082 4922 grantis
1095 4852 1213 4922 uestigia
1223 4866 1308 4922 quam
1322 4853 1450 4908 ocissime
1461 4863 1630 4912 evanescunt
1647 4860 1719 4927 (Sap.
1736 4864 1773 4924 rt.

127 4924 163 4977 ¹¹¹
176 4928 267 5000 ilicem
277 4944 556 5017 proterentes‚ipsum
567 4945 641 5016 apud
651 4956 746 5014 regern
757 4942 809 4997 hoc
819 4943 934 4997 nomine
975 4940 1251 5006 marmanum-um
1262 4956 1335 5011 spes,
1349 4943 1593 5013 quemchristiani
1608 4947 1771 5017 pradicant,

202 5038 275 5101 sant,
293 5028 368 5107 quod
388 5050 444 5090 non
463 5033 555 5089 solum
573 5032 703 5088 amicitie
718 5032 806 5104 ipsius
820 5031 932 5095 obiitus,
975 5032 1057 5084 iirma
1070 5046 1102 5084 ac
1117 5031 1260 5085 tutissima
1272 5033 1441 5097 eat,tametsi
1453 5035 1482 5088 in
1496 5036 1602 5091 munile
1614 5046 1775 5108 pressuram

130 5082 254 5187 {hiltun
271 5114 377 5179 eaiuun
392 5118 568 5195 neglexisset,
584 5129 669 5193 atque
685 5120 721 5176 ad
744 5120 932 5176 Christianam
975 5118 1076 5173 babeat
1089 5122 1177 5188 (iriae.
1191 5124 1255 5188 ru).
1273 5122 1312 5174 Ac
1331 5122 1524 5191 jucunditates
1536 5126 1648 5197 quidem
1662 5142 1701 5182 ere
1715 5128 1776 5197 qui-

133 5182 302 5277 &utonem
317 5210 444 5268 animam
454 5210 616 5274 intiuxisset,
626 5226 723 5265 verum
738 5210 824 5265 etiam
838 5209 935 5264 adver·
975 5209 1026 5263 bus
1039 5222 1113 5262 nune
1125 5209 1245 5263 iruimur
1258 5209 1355 5265 breves
1370 5212 1509 5277 suntiliic
1523 5221 1619 5270 autern
1631 5212 1702 5270 uthil
1717 5220 1775 5270 ont·

139 5274 187 5339 *¹⁸⁸
200 5291 287 5373 ipsius
300 5298 480 5374 majestatem
493 5301 590 5373 gratia
604 5300 758 5367 moliretur,
770 5299 934 5371 popularem
976 5297 1040 5351 nino
1051 5294 1663 5372 pratu·suppliciumaenunquamnmendus
1672 5304 1777 5358 erucia-

144 5362 242 5445 lutea
253 5384 367 5448 turbam
382 5388 553 5464 perstiteiia
570 5390 752 5461 omniumque
771 5386 935 5445 benevcicn-
974 5392 1021 5442 tus
1035 5395 1190 5443 accersunt.
1208 5388 1400 5446 ilatumenim
1416 5398 1511 5448 ratam
1526 5385 1648 5450 suavitas
1665 5392 1778 5446 uuiaet
