3818 6120
99 366 168 427 1⁰53
751 366 871 422 VERBA
890 365 1085 423 SENIORUM.
1670 355 1739 416 toti

130 490 158 550 i.
173 490 294 557 Quidam
304 488 405 545 tratres
418 489 486 544 dum
499 488 590 545 linum
604 486 791 544 ex'l'hebeida
800 493 930 562 perge-A
974 489 1000 546 B.
1016 491 1093 546 Dixit
1105 504 1189 546 senex
1204 507 1210 543 :
1228 486 1371 560 injuriari,
1381 491 1431 542 aut
1443 483 1567 550 mentiti,
1579 487 1630 539 aut
1641 483 1740 555 perju-

94 585 158 636 rent
171 595 346 652 comparare,
359 579 490 634 dixerunt
507 596 513 632 :
528 579 583 634 Per
595 578 769 634 occasionem
784 578 898 634 beatum
939 596 1012 645 rare,
1021 579 1144 634 alienum
1158 576 1414 634 aChristoest.Per
1423 575 1474 629 has
1488 578 1610 646 quatuor
1619 588 1664 626 res
1678 571 1740 628 ani·

93 669 244 725 Arscnium
259 669 403 724 videamus
413 670 507 736 (Itali,
521 669 569 722 tib.
586 681 624 734 in,
638 684 715 722 aram.
733 665 804 736 192).
818 668 899 733 Quod
939 687 986 725 ma
999 671 1166 735 maculatur,
1178 667 1206 722 id
1220 673 1272 733 est,
1287 666 1311 720 si
1325 665 1478 720 amicitiam
1489 662 1551 734 quis
1566 653 1631 717 e'um
1642 667 1741 735 poten·

97 774 161 814 cum
175 756 275 813 Daniel
284 756 438 828 discipulus
445 757 506 828 ejus
517 757 543 811 ei
553 756 719 823 enatasset,
727 757 860 828 pracepit
866 763 898 813 ut
937 760 1013 816 tibus
1027 758 1167 823 habuerit,
1184 754 1415 828 concupiscentiis
1425 751 1583 808 carnalibus
1597 751 1714 806 studens
1730 768 1737 819 ;

96 863 147 919 pro
160 862 217 918 qua
227 862 312 902 causa
325 845 383 901 illic
391 845 572 901 advenissent
583 845 618 900 de
628 845 798 900 Alexandria
808 847 845 901 ab
858 847 898 902 eis
938 851 982 905 vel
995 850 1019 904 si
1034 849 1069 904 de
1078 847 1205 920 proximo
1216 862 1266 901 suo
1289 843 1486 899 detractaverit
1496 861 1503 910 3
1513 847 1563 897 aut
1571 841 1595 896 si
1605 857 1656 912 per
1670 839 1738 895 civi·

95 936 261 1008 inquireret.
277 936 421 1007 (Inmergo
435 935 593 990 nuntiasset
602 936 676 1007 qnod
687 934 898 1007 propterlinum
938 944 1027 994 tatem
1041 937 1198 1003 ambulans,
1214 935 1308 991 oculos
1323 949 1388 988 suos
1402 949 1459 988 non
1473 930 1637 986 custodierit
1652 949 1659 999 ;
1673 927 1735 985 etsi

95 1030 245 1098 pergerent
258 1025 488 1096 comparandum,
496 1025 643 1096 respondit
655 1025 790 1081 Arsenius
804 1043 812 1082 :
825 1027 898 1096 Ergo
939 1044 1136 1102 quamcunque
1149 1025 1280 1082 notitiam
1292 1040 1357 1078 cum
1374 1023 1491 1076 muliere
1502 1019 1643 1076 habuerit.

94 1114 195 1169 faciem
209 1129 303 1169 meam
320 1128 377 1168 non
393 1112 534 1179 videtunt,
551 1113 688 1184 quianon
714 1119 830 1186 propter
841 1131 896 1181 me,
975 1117 1000 1172 3.
1010 1118 1114 1172 Beatus
1123 1114 1259 1171 Arsenius
1272 1110 1490 1182 referebatquod
1504 1125 1568 1164 cum
1578 1108 1608 1162 in
1623 1099 1738 1180 proprii

95 1205 144 1261 aed
159 1209 274 1277 propter
288 1220 371 1259 suum
385 1220 456 1275 opus
469 1203 651 1259 advenerunt.
663 1203 741 1259 Vade
755 1205 860 1276 itaque,
870 1208 900 1259 et
938 1207 1009 1262 cella
1018 1207 1163 1271 resideret,
1173 1221 1266 1259 vocem
1274 1201 1327 1257 sibi
1342 1200 1454 1256 audiret
1465 1199 1604 1254 dicentem
1612 1203 1644 1252 ut
1655 1213 1737 1268 egre·

94 1295 232 1369 susceptis
246 1296 287 1350 ets
301 1295 344 1351 fac
355 1294 530 1365 obsequium,
542 1311 575 1350 ac
588 1294 698 1350 dimitte
712 1312 769 1364 eos,
782 1296 893 1352 dicens:
937 1297 1052 1353 deretur
1064 1296 1137 1351 toras
1150 1300 1265 1367 propter
1278 1308 1363 1364 opera
1372 1305 1508 1345 manuum
1522 1285 1738 1358 contemplanda

94 1384 167 1450 Quia
181 1401 265 1440 senex
278 1401 334 1440 non
344 1389 438 1456 potest
450 1383 528 1439 vobis
540 1399 695 1440 occurrere.
937 1389 1033 1456 istuis-v
1051 1387 1098 1441 lit.
1113 1403 1141 1453 n,
1152 1400 1232 1439 auin.
1240 1381 1273 1440 38
1286 1401 1292 1450 ;
1303 1383 1407 1449 Pelop,
1424 1379 1507 1434 libati.
1516 1389 1595 1440 xvxn,
1612 1391 1682 1430 num
1696 1372 1736 1444 2).

128 1473 155 1528 3.
168 1472 261 1529 Abbas
269 1473 404 1529 Besarion
415 1474 483 1528 dum
489 1472 683 1528 deambularet
690 1490 753 1528 cum
760 1473 896 1546 discipulo
936 1477 971 1532 Bt
984 1491 1122 1548 egressus,
1133 1474 1203 1530 vidit
1215 1472 1359 1527 hominem
1369 1467 1520 1541 quemdam
1532 1481 1636 1538 aquam
1644 1464 1678 1519 de
1686 1479 1738 1535 pu-

94 1568 145 1618 sub
156 1580 208 1635 per
222 1578 360 1627 eremum,
374 1563 553 1618 veneruntad
564 1563 718 1635 quamdam
733 1563 895 1635 speluncam
936 1571 982 1622 teo
992 1565 1180 1631 haurientem,
1192 1561 1313 1634 atquein
1322 1577 1371 1614 vas
1385 1557 1556 1630 perforatum
1564 1554 1735 1619 mittentem,

94 1651 187 1720 (Buff,
204 1654 252 1707 lit.
269 1666 312 1717 111,
335 1669 364 1705 a.
379 1651 448 1719 1943
465 1654 579 1713 loona..
594 1654 641 1707 lib.
659 1666 700 1720 111,
714 1667 792 1706 num.
807 1652 843 1716 lt.
860 1652 895 1708 Et
934 1643 1735 1726 etaquaegrediens,relundebatnrinputeum.Etiterum

93 1740 214 1812 ingressi
228 1740 277 1807 ibi,
293 1741 463 1796 invenerunt
474 1741 592 1796 tratrem
607 1741 761 1808 sedentem,
776 1746 804 1796 et
818 1741 894 1796 luni·
934 1761 1035 1817 parum
1062 1758 1236 1816 progressus,
1253 1739 1322 1795 vidit
1348 1736 1507 1808 AEthiopem
1518 1751 1551 1789 ex
1574 1732 1659 1803 lignis
1673 1748 1691 1786 a
1704 1746 1736 1786 se

93 1831 190 1887 culum
209 1834 382 1902 operantem,
394 1830 442 1902 qui
452 1847 544 1902 neque
558 1831 718 1903 respexitin
731 1847 788 1898 cos,
802 1816 1052 1903 nequessconcisis
1066 1833 1206 1888 sarcinam
1219 1830 1377 1884 facientem.
1395 1826 1485 1891 Quam
1504 1840 1567 1880 cnm
1586 1824 1733 1886 tentasset,

93 1918 226 1974 smntavit
239 1934 296 1985 eos,
308 1935 399 1990 neque
410 1917 486 1973 aliud
498 1919 607 1973 locutus
623 1924 666 1973 est
680 1919 729 1973 eis.
738 1919 814 1973 Dixit
827 1936 894 1990 ergo
935 1930 963 1979 et
975 1920 1330 1995 impormbilemsensisset,
1342 1916 1397 1971 alia
1411 1912 1599 1983 iterumltgna
1610 1925 1736 1982 superte

92 2007 180 2062 abbas
189 2007 323 2063 Besarion
336 2007 371 2062 ad
386 2007 555 2079 discipulum
565 2024 648 2062 suum
666 2008 790 2063 :Eamus
817 2008 892 2075 hine,
935 2013 1085 2084 congessit.
1095 2011 1287 2082 Similiterque
1296 2013 1419 2088 tentans,
1432 2018 1555 2059 eumnec
1565 2016 1677 2055 movere
1686 2014 1735 2070 po·

91 2096 159 2168 quia
173 2113 229 2152 ¹10ss
244 2098 305 2151 vult
317 2097 363 2151 hic
376 2114 461 2152 senex
476 2097 553 2168 loqui
567 2096 723 2152 nobiscum·
734 2097 768 2152 Et
777 2097 893 2169 profecti
933 2103 1043 2170 tuisset,
1060 2107 1156 2158 mmen
1170 2100 1225 2156 alia
1238 2099 1342 2154 addere
1355 2097 1432 2167 ligna
1441 2110 1498 2149 non
1509 2091 1628 2147 destitit.
1636 2090 1671 2144 Et
1682 2087 1735 2144 ite·

91 2184 890 2261 suntadJoannemabbatemcumautemreverterentur‚
933 2208 1170 2265 rumprogressus
1182 2188 1327 2253 Arsanias,
1343 2185 1413 2240 vidit
1422 2189 1488 2239 ante
1495 2186 1606 2254 polttm
1615 2176 1736 2233 civitatis

92 2276 274 2332 veneruntad
286 2277 414 2331 eamdem
426 2276 598 2347 speluncam,
615 2281 643 2331 et
657 2276 726 2331 dlxit
739 2276 826 2332 abbas
842 2278 893 2332 Be·
934 2284 1005 2340 duos
1012 2284 1131 2355 juvenes
1145 2275 1397 2347 sedentesineqnis
1409 2293 1415 2328 :
1428 2272 1735 2346 quilignumtransver·

91 2365 200 2420 sarion:
214 2365 411 2436 Ingrediamur
418 2366 519 2421 iterum
529 2365 564 2420 ad
573 2366 779 2433 huncfratrem,
789 2365 814 2420 si
821 2365 893 2422 forte
933 2390 995 2429 sum
1011 2377 1166 2445 portantes,
1181 2368 1290 2440 ingredi
1302 2382 1360 2422 non
1379 2367 1509 2436 poterant
1518 2360 1669 2416 civitatem.
1686 2355 1734 2412 Li-

90 2455 135 2509 vel
145 2455 228 2510 modo
240 2456 457 2527 persuadeatilli
467 2457 587 2523 Dens,nt
597 2455 891 2528 loquaturnobiscum.
932 2480 1020 2534 gnum
1035 2462 1120 2527 enirn,
1129 2460 1203 2531 quod
1214 2458 1249 2512 ab
1259 2453 1481 2528 eisportabatur,
1495 2466 1553 2505 non
1567 2444 1737 2519 eospermit·

91 2544 128 2599 Et
139 2559 204 2599 cum
213 2544 333 2614 ingressi
341 2544 469 2611 fuissent,
478 2545 647 2600 invenerunt
657 2562 722 2601 tum
736 2550 890 2601 mortuum·
933 2552 1011 2608 tebat
1024 2553 1141 2617 intrare,
1153 2555 1183 2604 et
1192 2547 1271 2619 sequi
1285 2546 1328 2600 vel
1342 2538 1582 2599 humiliarealteri
1596 2538 1669 2592 alter
1678 2549 1736 2591 non

90 2631 130 2687 Et
140 2632 210 2687 dixit
232 2632 368 2705 discipulo
390 2649 458 2687 suo:
472 2633 553 2699 Veni,
569 2633 666 2699 trater,
693 2650 893 2705 componamus
934 2641 1053 2708 volebat,
1068 2645 1097 2694 et
1110 2637 1225 2694 italoris
1237 2635 1379 2691 civitatem
1393 2638 1513 2703 uterque
1526 2628 1734 2684 remanserunt.

90 2721 182 2788 illum,
198 2722 264 2792 quia
274 2728 390 2794 PPOPtffl'
407 2712 472 2777 ehffl
488 2722 563 2777 Deus
576 2723 631 2777 huc
651 2722 808 2778 transmisit
830 2739 890 2778 110⁸·
934 2731 984 2787 Ille
999 2728 1129 2802 vero,qui
1143 2728 1300 2782 hocsancto
1313 2720 1431 2779 Arsenio
1443 2719 1474 2774 in
1487 2717 1588 2790 spIritu
1603 2712 1735 2770 ostende·

91 2811 163 2866 Cum
178 2815 273 2865 autem
288 2811 439 2882 sepelirent
448 2828 524 2879 eum,
538 2811 781 2883 inveneruntquia
792 2813 894 2866 mulier
933 2819 990 2886 bat,
998 2819 1069 2874 dixit
1076 2817 1118 2873 ei:
1135 2817 1197 2882 ilic,
1209 2831 1291 2888 quem
1303 2812 1381 2885 prius
1392 2809 1484 2864 vidisti
1493 2822 1597 2879 aquam
1604 2804 1640 2860 de
1650 2806 1735 2875 puteo

92 2905 168 2955 esset
182 2919 187 2954 :
201 2905 230 2954 eb
243 2900 375 2955 admirati
393 2907 468 2967 sulit,
496 2908 524 2956 et
537 2901 686 2957 dixerunt:
704 2901 775 2966 Quia
790 2917 894 2972 Inflgna
934 2909 1057 2974 haurire,
1076 2912 1105 2961 et
1118 2906 1153 2961 de
1165 2922 1229 2960 pagg
1236 2903 1376 2976 perforato
1389 2914 1502 2955 rursum
1512 2897 1542 2951 jn
1549 2899 1665 2968 puteum
1673 2891 1736 2947 fun.

92 2989 285 3044 fflsseriffisdia
299 2990 411 3045 D⁰missi
424 2996 479 3065 est,
489 2991 556 3062 quia
570 2990 908 3047 etmulierfflffllluctanr
934 2999 1009 3064 dere,
1026 2995 1180 3051 similitudo
1197 2999 1239 3049 est
1248 2991 1370 3048 hominis
1377 2987 1505 3044 facientis
1515 2986 1733 3056 eleemosynam,

90 3084 149 3143 2¹¹1·
166 3085 194 3134 0²
208 3078 323 3135 Vincunt
337 3079 485 3135 daemttssia·
501 3080 731 3151 &glorificantes
744 3081 834 3136 Deum
844 3080 892 3153 qui
935 3089 982 3161 qui
992 3085 1097 3143 bonum
1112 3102 1182 3157 opus
1191 3083 1321 3138 imitatur
1334 3080 1444 3134 etfieere
1459 3095 1465 3130 ι
1483 3076 1532 3130 sed
1544 3074 1610 3147 quia
1631 3071 1735 3127 inaliia

91 3173 137 3223 est
160 3173 301 3240 protector
323 3169 460 3224 omnium.
474 3169 508 3224 ad
524 3169 637 3241 propria
652 3168 806 3238 redierunt,
827 3157 923 3225 nar-C
935 3176 1066 3250 operibus
1080 3191 1153 3246 saepe
1167 3170 1318 3228 committit
1338 3168 1527 3240 iniquitatem,
1543 3165 1658 3235 propter
1675 3160 1735 3214 haec

90 3261 188 3313 rantes
202 3275 263 3330 quae
273 3258 411 3314 viderant.
934 3266 1012 3321 suala
1025 3265 1093 3319 illud
1108 3279 1208 3336 parum
1224 3261 1290 3328 boni
1305 3276 1334 3315 se
1345 3255 1541 3329 coinquinans,
1567 3250 1670 3328 perdit.
1682 3249 1733 3305 Ille

371 3348 488 3404 CAPUT
502 3349 614 3407 XXXV.
935 3360 1039 3423 entem,
1055 3371 1139 3427 quem
1149 3351 1243 3406 vidisti
1253 3351 1331 3421 lIgna
1342 3345 1535 3407 concidere,et
1543 3358 1658 3414 gramm
1671 3355 1732 3394 aar·

270 3438 333 3504 Qua
346 3439 382 3492 sit
398 3439 569 3492 obseruantia
584 3439 713 3492 erevrsita.
935 3445 1027 3499 cinam
1039 3443 1190 3509 addidisse,
1206 3441 1353 3510 facereque
1366 3435 1535 3508 graviorem,
1552 3433 1637 3486 homo
1652 3428 1733 3484 estin

127 3524 156 3580 l.
181 3523 275 3580 Abbas
290 3526 401 3598 Moyses
415 3527 451 3581 ad
474 3526 614 3582 solitarios
636 3526 744 3583 solebat
768 3529 894 3600 proferre
933 3534 1056 3606 peccatis
1066 3531 1195 3606 plurimis
1209 3529 1387 3593 constitutus,
1401 3524 1450 3597 qui
1465 3526 1528 3595 post
1538 3516 1734 3593 poenitentiam

90 3627 261 3680 sermonem,
273 3613 368 3669 dicens
382 3632 388 3669 :
400 3614 526 3679 Quatuor
539 3620 606 3670 sunt
618 3614 784 3688 principalia
797 3617 893 3673 obser·
934 3623 1011 3681 aliud
1025 3639 1110 3694 super
1128 3620 1248 3694 peccatis
1262 3619 1321 3674 suis
1334 3632 1405 3699 ontis
1427 3615 1601 3685 augmentat.
1618 3609 1654 3664 lli
1669 3623 1734 3662 vero

89 3701 192 3757 Vmiae
205 3703 353 3774 sedulam,
370 3703 399 3759 id
417 3709 468 3772 esis
480 3705 601 3770 mendi,
614 3706 743 3760 servandi
759 3707 892 3764 mandata
934 3730 1013 3788 quos,
1024 3718 1183 3768 transverso
1192 3710 1270 3781 ilgno
1284 3707 1431 3771 renitente,
1440 3703 1581 3758 civitatem
1589 3715 1646 3754 non
1653 3711 1735 3771 posse

89 3789 151 3858 Deis
163 3791 330 3847 humiliandi
340 3793 569 3866 semetipsum,et
578 3795 710 3865 angustia
718 3797 892 3868 paupertatis
934 3798 1225 3875 ingredioonspexisti,
1235 3803 1302 3854 sunt
1311 3790 1628 3869 qniJugnmmiserabile
1636 3789 1734 3842 viden-

93 3881 187 3949 (dud,
204 3883 253 3967 lt'b·
278 3880 550 3954 1o‚o.196i.xres
579 3889 672 3939 autem
696 3885 747 3940 has
774 3886 893 3944 virtutes
934 3889 1238 3962 turierresuperbiam,
1251 3891 1280 3942 et
1289 3879 1733 3944 alterisehumiliarenoluerunt,

92 3969 177 4024 homo
185 3969 297 4026 difficile
307 3972 440 4043 possidet,
455 3976 488 4027 ut
500 3989 612 4045 semper
624 3975 729 4045 lugeat,
742 3981 771 4030 et
783 3992 894 4047 semper
934 3989 967 4038 ut
980 3998 1031 4054 per
1043 3982 1097 4035 hoc
1111 3977 1262 4044 emendati,
1277 3976 1352 4030 viam
1368 3971 1471 4029 Christi
1483 3969 1620 4026 humilem
1632 3981 1734 4039 sequt-

92 4075 210 4115 snoram
217 4077 325 4116 memor
341 4061 379 4117 sit
391 4067 580 4134 peccatorum,
597 4067 626 4118 et
639 4063 716 4118 omni
730 4065 800 4119 hora
808 4070 894 4137 ponat
933 4075 1032 4127 rentur
1049 4088 1055 4138 ;
1072 4076 1155 4140 atque
1165 4067 1227 4122 ideo
1242 4070 1321 4121 extra
1335 4078 1453 4135 regnum
1469 4061 1521 4117 Dei
1535 4065 1594 4116 tatu
1603 4058 1633 4113 hi
1648 4071 1735 4130 quam

90 4147 146 4203 Sibi
164 4165 222 4222 ΡΜ
236 4150 323 4205 Oculis
335 4156 464 4206 mrtem·
934 4160 974 4216 illi
991 4160 1196 4215 remanserunt.

126 4235 155 4294 2.
172 4238 275 4294 Beatus
283 4239 423 4294 Antonius
439 4240 546 4295 solebat
557 4240 650 4296 dicere
661 4242 774 4297 :Patres
783 4241 892 4315 antiqui
967 4249 994 4304 4,
1011 4246 1198 4318 Interrogavit
1210 4244 1298 4300 trater
1312 4242 1443 4298 abbatem
1463 4239 1596 4306 Sisoium,
1612 4237 1708 4292 dIcens
1725 4253 1731 4289 τ

90 4326 197 4398 egressi
207 4334 276 4383 sunt
288 4329 317 4384 5¹¹
333 4329 487 4397 dfflffl'tumi
502 4330 590 4403 etiPSi
603 4336 694 4397 ⁰81
714 4330 776 4386 sani
790 4332 889 4398 effecti,
933 4339 1055 4396 Dimissa
1070 4336 1190 4393 estmihi
1203 4334 1379 4389 haereditesa
1392 4328 1555 4404 parentibus
1569 4326 1639 4382 meis
1649 4344 1655 4393 ;
1666 4323 1735 4397 quid

89 4415 157 4470 iacti
171 4423 238 4471 sunt
251 4418 351 4474 medici
369 4437 374 4472 :
392 4425 421 4474 et
435 4420 550 4487 reversi,
566 4421 637 4476 alios
652 4426 823 4476 sanaverunt
835 4440 842 4488 ;
858 4438 892 4477 ex
932 4429 1033 4483 saetam
1047 4428 1082 4481 de
1092 4425 1159 4480 illa?
1168 4423 1324 4495 Respondit
1331 4437 1432 4477 senex:
1445 4419 1475 4475 Si
1482 4418 1589 4485 dixero,
1600 4417 1643 4471 Da
1654 4414 1733 4468 illam

88 4503 171 4560 nobis
189 4513 284 4562 autem
300 4508 324 4563 si
339 4524 423 4581 quem
433 4509 528 4580 egredi
542 4509 691 4581 contigerit
699 4511 728 4565 in
737 4511 889 4580 desertum,
902 4483 961 4572 ⁰in
970 4516 1115 4572 ecclesiam
1122 4513 1239 4580 clericis,
1251 4512 1292 4566 illi
1304 4511 1454 4584 epulantur
1460 4509 1571 4581 exipsa.
1586 4504 1731 4570 Sidixero,

88 4599 242 4666 antequam
256 4596 311 4668 ipsi
324 4614 466 4664 sanemur,
480 4615 575 4654 curam
588 4598 650 4654 aliis
664 4599 830 4654 adhibemus
842 4619 848 4668 ;
863 4605 892 4654 et
931 4608 974 4663 Da
986 4607 1063 4662 illam
1073 4603 1289 4676 consanguineis
1302 4601 1368 4669 tuis,
1383 4596 1613 4655 nullambabebis
1626 4609 1734 4650 merce·

88 4684 241 4739 felestim?
254 4686 289 4741 ad
305 4687 520 4744 11⁰Si11s¹lmii³³
542 4694 649 4755 110⁸tffl2
666 4693 695 4744 et
706 4689 778 4744 stunt
791 4689 892 4745 ultima
931 4696 1005 4751 dem.
1014 4696 1044 4752 Si
1051 4711 1117 4767 ergo
1125 4694 1292 4766 visimplere
1302 4691 1466 4746 mandatum
1474 4688 1610 4753 divinum,
1619 4684 1735 4740 dabanc

88 4779 188 4828 nostra
197 4775 294 4846 pejora
306 4777 456 4848 prioribus,
467 4779 664 4850 propterquod
674 4778 777 4834 dicitur
790 4779 888 4835 nobis:
933 4784 1103 4858 pauperibus
1113 4791 1142 4839 et
1155 4783 1260 4855 egenis,
1275 4787 1305 4836 et
1311 4780 1450 4854 perlectus
1457 4778 1513 4833 eris
1525 4777 1637 4847 ieeur,
1646 4774 1733 4830 libell.

89 4862 241 4933 omedioes
255 4865 498 4937 PIIUSVbifflram
512 4868 642 4940 impende
654 4867 800 4941 (taren).
932 4893 961 4943 x,
978 4892 1007 4932 a.
1023 4873 1066 4942 56,
1084 4877 1196 4929 nominc
1208 4875 1328 4929 Pastoris
1344 4870 1489 4940 ;Appcnd.
1505 4868 1600 4933 Mart,
1621 4880 1650 4920 n.
1664 4865 1701 4934 7).

368 4957 485 5013 CAPUT
498 4958 622 5014 XXXVI.
1203 4961 1320 5017 CAPUT
1333 4960 1471 5015 XXXVII.

197 5048 252 5114 Oui
264 5049 322 5101 tini
340 5049 444 5101 Similes
456 5050 543 5101 unfus
558 5051 655 5102 meriti
670 5049 783 5117 fraires·
936 5057 1101 5126 Temporalis
1122 5056 1261 5125 profectus
1299 5050 1534 5121 derelinquendus
1562 5053 1600 5103 est
1621 5053 1734 5118 propter

127 5133 892 5208 l.QuidamfraterinterrogavitPimenionemabbatem
1182 5159 1305 5199 cinerem
1319 5143 1476 5196 charitatis.

88 5223 185 5279 dicens
202 5225 273 5290 :Qui
288 5231 354 5281 sunt
368 5226 451 5282 unius
460 5225 661 5283 meritifrfltres
672 5228 787 5298 (Pelas,
805 5229 891 5284 ltbell·
972 5233 996 5291 l.
1013 5234 1106 5290 Abbas
1118 5233 1224 5290 Sisoius
1235 5232 1321 5288 dixit:
1335 5231 1406 5286 Cum
1417 5229 1532 5285 fuissem
1545 5228 1695 5300 aliquando
1704 5226 1735 5281 in

89 5330 118 5380 x,
145 5329 227 5371 num.
257 5314 302 5385 52)
316 5315 499 5388 tBespondit
522 5332 607 5371 senex
624 5335 630 5370 :
658 5317 687 5372 Si
710 5317 816 5372 inerint
835 5321 893 5373 tres
934 5329 1067 5390 mercato,
1083 5330 1113 5379 et
1125 5323 1273 5396 sportellas
1282 5338 1359 5376 meas
1373 5319 1454 5375 tratri
1467 5318 1627 5381 venderem,
1638 5316 1735 5370 videns

88 5400 184 5469 simul,
197 5420 271 5460 unns
285 5406 399 5476 quidem
423 5405 453 5460 in
468 5406 545 5461 omni
559 5405 699 5462 verbovel
713 5422 796 5479 opere
812 5407 893 5478 quie·
934 5410 1000 5481 quia
1019 5409 1165 5464 iracundia
1178 5407 1390 5480 approximabat
1413 5405 1492 5472 milri,
1503 5404 1597 5460 dimisi
1622 5401 1734 5457 vascula

89 5509 181 5560 scens,
197 5494 269 5550 alter
282 5501 377 5550 autem
387 5495 534 5552 infirmans
541 5501 571 5551 et
580 5495 895 5568 gratiasagens‚tertius
937 5517 1000 5556 mea
1014 5499 1126 5571 lugiens
1141 5499 1269 5567 (Append.
1284 5499 1379 5566 Mart,
1399 5512 1428 5552 n.
1442 5495 1498 5565 tt).

88 5596 225 5638 varocum
232 5584 338 5640 munda
346 5585 517 5642 conscientia
531 5585 587 5642 illis
596 5585 761 5660 obsequium
772 5585 891 5643 iaciens:
970 5587 997 5644 i.
1011 5585 1306 5644 Dixitabbasloannes
1318 5586 1520 5643 :ascenderam
1526 5577 1734 5655 aliqnandoper

88 5670 120 5728 bi
138 5676 199 5731 tneo
211 5673 296 5731 ardna
308 5674 403 5731 meriti
422 5680 498 5732 sant.
933 5677 1007 5735 viam
1019 5674 1107 5734 eremi
1118 5674 1265 5751 inscribi,
1278 5675 1564 5750 texensplecmmwt
1576 5667 1670 5730 audivi
1681 5684 1729 5727 ca·
