3832 6120
163 261 217 329 ss
672 253 1292 328 annueramus-uenarme.
1746 278 1802 343 a„

163 389 249 447 etiam
263 387 299 447 ad
314 387 429 445 tertium
442 385 576 452 enham,
593 401 678 458 quem
692 402 745 445 aec
757 387 815 445 ullo
830 383 1130 460 unquamnspsisqne
1154 392 1331 451 sermonibus
1356 397 1484 454 animum
1502 415 1599 458 meum
1625 404 1800 466 mhihmti.

162 479 225 536 loco
236 477 384 543 Mhuerst,
395 476 556 535 neclatitim
564 476 740 539 snasocium
748 474 895 535 asciverat.
911 477 961 531 At·
1001 476 1136 541 Quocirca
1161 481 1293 539 vamtatis
1307 483 1392 557 htqjue
1405 488 1504 544 mundi
1517 506 1631 548 rursum
1644 494 1802 568 imaginem

161 585 217 642 que
228 569 264 623 ad
274 583 340 623 eum
351 566 582 638 pudibundoctin
593 571 699 623 terram
709 566 818 638 dejecto
830 564 959 622 vultuhis
1000 566 1068 621 mihi
1083 567 1219 640 exprime,
1235 578 1264 627 et
1273 589 1330 645 qus
1339 574 1449 633 ratione
1459 577 1532 635 hanc
1545 581 1632 637 ritem
1644 583 1676 639 in
1683 600 1754 656 pace
1765 602 1801 643 ae

160 656 251 714 verbis
264 673 332 713 usus
345 661 389 712 est
400 673 407 710 ε
418 655 471 712 llix
484 655 598 713 mihiad
610 661 640 713 te
653 655 786 728 loquendi
797 655 959 712 tacultstem
999 656 1150 713 securitate
1164 675 1316 732 peragrare
1331 681 1445 735 queem,

158 745 447 803 ssmueeditiiteaim
454 744 522 801 illud
529 744 785 818 perspectissimum
795 743 895 811 habeo,
912 761 959 802 me
1034 744 1181 818 Excipiene
1193 749 1280 822 igitur
1291 768 1451 811 sermonem
1464 756 1660 832 lamphateitc
1672 762 1801 835 liujusce

156 850 303 907 nonquam
312 834 364 891 tibi
373 833 609 907 berigmsecisse,
624 834 771 893 accemiec
785 834 961 906 ergateani-
999 839 1799 924 quoqucquestionissimilitudinemsudi.llrbemquam·

155 940 203 982 sao
217 923 312 985 luisse.
322 923 781 997 Catemm,quoniemgmriseima
794 923 957 981 calamitate
997 923 1062 980 dam
1076 942 1209 999 magnam
1231 931 1371 988 exstitisse
1390 935 1494 1008 accepi,
1507 936 1537 992 in
1551 954 1609 1011 qun
1618 940 1693 996 eines
1702 942 1799 1000 nom

80 1018 88 1027 ’
156 1030 307 1088 oppressus
318 1014 349 1072 in
370 1013 487 1085 reliquis
510 1013 582 1073 mma
607 1013 705 1072 amicis
724 1014 831 1073 nullsm
857 1012 956 1070 salutis
996 1031 1075 1071 more
1088 1022 1174 1089 atque
1185 1018 1316 1076 institatc
1330 1022 1453 1094 positum
1464 1025 1615 1096 hebebant,
1630 1032 1800 1103 τιμωρῇ.

154 1120 235 1176 spem
249 1103 391 1170 invented
401 1104 637 1177 teecoetlo,teque
649 1120 719 1176 rogo
728 1108 813 1175 etque
828 1102 953 1170 ebsecro,
995 1121 1064 1161 num
1079 1107 1230 1177 quemdam
1245 1114 1274 1165 et
1286 1110 1415 1182 ignotum
1422 1114 1524 1183 virum,
1539 1131 1573 1172 ac
1585 1117 1680 1190 legum
1690 1125 1721 1176 et
1731 1137 1798 1178 eon·

153 1193 226 1251 utsi
239 1194 369 1266 mgumn
387 1193 603 1266 aliquamopem
611 1194 681 1251 mihi
694 1193 901 1265 alierrequeas,
918 1208 955 1248 aa
995 1196 1177 1253 snemdinum
1196 1198 1317 1255 ciuitatis
1343 1202 1458 1260 omnine
1484 1205 1585 1262 mdem
1610 1213 1640 1264 et
1662 1209 1797 1281 ignem

45 1308 54 1317 =
153 1282 193 1350 id,
203 1282 418 1356 ingratitudinis
432 1300 502 1341 mere
514 1301 633 1351 memor,
656 1283 748 1341 lacere
761 1299 883 1340 meuses.
902 1283 954 1339 llle
994 1284 1160 1357 acciperent,
1176 1304 1297 1361 eumque
1311 1289 1434 1363 sibiipsis
1456 1309 1552 1367 regem
1577 1298 1794 1369 constituerent,

153 1377 248 1430 eutem
263 1373 347 1430 hilari
361 1378 390 1429 et
407 1389 519 1430 amoeno
530 1373 610 1430 saltu
619 1372 675 1429 ait:
701 1373 775 1429 Sane
798 1372 955 1428 sincerissi·
996 1390 1081 1446 pencs
1095 1392 1180 1448 quem
1194 1394 1245 1450 per
1255 1379 1340 1436 unias
1352 1382 1419 1437 enni
1431 1383 1601 1441 curriculum
1619 1402 1717 1443 renim
1732 1405 1795 1445 cm·

152 1479 232 1520 mum
242 1463 366 1520 mum
375 1479 470 1519 meum
481 1463 730 1535 taeeeeproflteor,
746 1468 831 1535 atque
845 1462 952 1533 exigua
994 1463 1074 1519 nium
1084 1470 1210 1537 potestas
1224 1473 1308 1534 esset,
1324 1470 1429 1542 quique
1454 1471 1542 1529 bbere
1553 1480 1582 1530 et
1592 1474 1654 1531 siue
1667 1477 1727 1532 ullo
1740 1477 1799 1533 im·

151 1551 228 1609 illiue
242 1557 298 1609 true
324 1568 392 1624 erge
414 1568 461 1608 me
476 1551 669 1609 Machmas
683 1568 801 1620 memor,
822 1568 885 1608 eam
900 1550 952 1607 tibi
993 1554 1297 1630 pedimentoquidquid
1311 1559 1404 1623 vellet.
1413 1560 1526 1618 feceret.
1536 1563 1604 1620 Post
1617 1566 1796 1631 autem,dum

150 1641 288 1698 hodierno
298 1641 415 1698 diacum
429 1641 525 1697 lenem
531 1641 835 1714 rependam.Quocirce
843 1656 880 1696 ne
892 1657 953 1695 mc·
993 1641 1040 1698 ille
1053 1644 1130 1700 omni
1143 1662 1259 1717 prorsas
1273 1664 1342 1704 cara
1350 1651 1585 1723 vacuusdegeret,
1594 1659 1681 1727 esque
1690 1654 1797 1712 intuxn

149 1734 215 1787 taes
225 1746 258 1786 ac
271 1730 464 1803 pertimesces.
476 1730 551 1787 Nam
557 1747 612 1804 ego
621 1729 901 1803 antsteprctlciscar,
910 1739 984 1802 ren
993 1739 1022 1786 ct
1035 1733 1143 1789 deliciis
1156 1736 1217 1791 sine
1241 1736 1301 1793 ullo
1319 1744 1397 1794 metu
1423 1746 1594 1810 temeretur,
1609 1750 1798 1816 perpetuum·

148 1837 270 1894 gsmque
280 1821 453 1877 manamine
463 1819 625 1887 obsecrabo,
634 1837 670 1876 ue
680 1826 710 1876 te
724 1819 849 1876 hostium
859 1817 952 1874 mani·
993 1821 1110 1893 quesibi
1121 1840 1240 1896 regnum
1262 1825 1323 1883 lora
1333 1828 1515 1898 existimaret,
1531 1838 1648 1903 repente
1660 1833 1797 1891 adversm

148 1907 203 1966 bas
220 1909 315 1967 dedat.
323 1911 418 1976 Quare
432 1911 476 1966 iac
489 1909 563 1966 hono
581 1909 676 1966 animo
693 1910 742 1976 sis,
763 1910 805 1964 rir
819 1907 953 1964 amicissi-
992 1927 1057 1967 eam
1071 1912 1259 1986 insurgentes,
1277 1916 1440 1989 regiamque
1460 1919 1514 1991 ipsi
1524 1926 1629 1976 vesum
1643 1922 1798 1980 detrahen-

149 2014 205 2066 me,
220 2016 273 2056 nec
284 2004 313 2056 tc
327 2016 448 2057 merore
460 2001 611 2057 excrucies.
622 2001 695 2056 'lum
704 2000 751 2055 ille
761 1998 951 2071 compunctio-
991 2006 1044 2069 tes,
1060 2018 1093 2057 ac
1106 2004 1215 2060 nudum
1227 2021 1278 2077 per
1290 2011 1380 2062 totam
1392 2007 1490 2064 urbem
1499 2015 1636 2082 tanquam
1649 2011 1680 2069 in
1693 2012 1797 2068 triane

147 2089 318 2157 namtas,
333 2096 363 2146 et
381 2090 658 2163 lacrymisperlusus,
679 2087 802 2145 dicebat:
820 2089 882 2144 lieu
904 2103 951 2142 mc
990 2091 1210 2164 phumegentee,
1225 2094 1255 2150 in
1263 2111 1393 2168 magnam
1405 2098 1686 2172 quamdamaclonge
1695 2107 1796 2170 ”4

148 2179 293 2249 rabum,
308 2177 950 2252 quidnampriusdelleboaclamcntaborllla·
989 2187 1128 2237 remotam
1142 2182 1264 2239 insulam
1293 2200 1359 2240 eum
1373 2186 1546 2258 relegabant,
1563 2187 1593 2243 in
1610 2204 1667 2261 qua
1680 2206 1732 2246 nec
1752 2191 1796 2246 vi·

146 2284 251 2326 namne
264 2285 357 2325 meam
374 2267 404 2325 in
412 2269 592 2324 immemores
609 2274 640 2324 ct
652 2268 779 2341 ingratos
792 2268 949 2324 lalscsillos
990 2276 1038 2327 ctu
1052 2287 1104 2327 uec
1113 2271 1287 2329 indumentis
1296 2275 1522 2347 suppetentibus,
1533 2276 1608 2332 fame
1619 2293 1652 2333 ec
1660 2279 1794 2337 nuditate

147 2359 253 2415 amicos
262 2357 485 2415 benevolentiam
493 2357 705 2415 condemnabo?
718 2373 756 2413 an
769 2356 864 2429 potius
873 2357 949 2413 insa·
989 2360 1147 2419 miserrime
1161 2362 1351 2434 premebatur,
1361 2363 1504 2437 voluptate
1514 2366 1620 2422 scilieet
1633 2374 1718 2440 atque
1731 2369 1796 2425 ani·

146 2463 215 2505 nam
229 2465 293 2506 eam
305 2447 614 2521 ingratitudinemque
622 2447 840 2503 inhonorerum
850 2446 946 2503 etcin-
988 2449 1027 2504 mi
1041 2450 1193 2515 hilaritate,
1206 2468 1268 2525 que
1280 2457 1384 2524 prater
1393 2469 1474 2527 spem
1490 2453 1544 2528 ipsi
1557 2471 1688 2512 concessa
1698 2457 1795 2514 tnemt

146 2554 243 2595 cerum
258 2537 381 2594 amicum
394 2554 463 2594 usos
471 2553 545 2604 sam,
560 2535 737 2592 inmetabori
987 2537 1018 2593 in
1032 2555 1181 2596 mmmmm
1198 2557 1296 2598 rursus
1309 2547 1499 2616 praterspem
1514 2559 1627 2601 omnem
1649 2551 1678 2602 et
1690 2561 1794 2621 exepe-

181 2628 668 2701 losaphatautembuncsermonem
677 2643 734 2683 non
744 2626 805 2682 sine
820 2626 945 2683 ednaha-
987 2628 1139 2685 ctationcm
1151 2636 1334 2687 commutata.

145 2717 225 2774 done
230 2717 393 2791 suscipiens,
403 2719 465 2789 ejus
479 2715 693 2790 explicationem
698 2715 947 2788 requirebatliixit
1024 2718 1150 2790 Contigit
1160 2725 1269 2793 ergoet
1282 2736 1334 2792 pro
1347 2721 1465 2794 antiquo
1475 2720 1577 2777 civium
1586 2721 1698 2780 illorum
1708 2741 1793 2784 more

146 2806 243 2879 itaque
257 2806 399 2864 Bsxlmm:
408 2806 523 2864 ¹Primus
533 2806 651 2871 amicus,
667 2821 752 2879 opum
762 2805 843 2878 copie
853 2810 905 2872 est,
916 2811 945 2860 et
987 2811 1072 2879 atque
1086 2808 1225 2878 instituto,
1242 2811 1284 2866 rir
1298 2812 1413 2884 quidam
1422 2829 1525 2886 magno
1538 2813 1644 2886 ingenii
1658 2815 1793 2872 acumine

144 2896 308 2955 dardania
317 2912 412 2964 amor,
438 2895 474 2953 cb
487 2910 571 2968 quem
584 2895 707 2951 homoin
720 2899 853 2951 sexcenta
868 2894 944 2967 peri-
986 2896 1119 2968 preditus
1130 2898 1166 2954 ad
1181 2916 1300 2972 regnum
1313 2901 1506 2958 ascisceretur.
1518 2901 1572 2967 Qui
1583 2902 1680 2959 statim
1692 2903 1793 2961 subita

145 2986 210 3043 cala
223 2985 366 3054 incidisse
374 2985 478 3043 multae
486 3000 627 3041 amianas
635 2983 750 3058 perient.
767 2985 838 3040 Oura
847 2989 944 3039 eutem
986 3001 1020 3040 ea
1031 2985 1172 3055 felicitate,
1185 3005 1247 3061 qun
1257 2989 1311 3063 ipsi
1321 2988 1469 3062 obtigerat,
1478 2990 1703 3064 haudquaquam
1716 3008 1792 3065 prte-

145 3081 287 3133 sxtrsmus
296 3076 360 3132 vitre
375 3075 436 3132 dies
444 3074 556 3131 clausus
569 3079 622 3140 est,
635 3090 670 3129 ex
682 3073 875 3130 illlscmnibus
885 3073 944 3145 opi·
953 3091 975 3156 c
985 3089 1050 3148 ceps
1063 3076 1206 3149 abreptus,
1215 3094 1266 3134 nec
1280 3095 1378 3135 corum
1393 3080 1514 3153 quiante
1526 3097 1557 3136 se
1570 3081 1677 3152 regiam
1691 3080 1791 3154 digni·

143 3163 206 3232 bus,
222 3172 324 3239 preter
332 3165 447 3222 inutiles
456 3163 592 3237 quosdam
605 3179 723 3237 pennos,
740 3163 788 3235 qul
804 3162 840 3218 ed
857 3160 944 3218 funus
986 3168 1073 3218 tatem
1090 3163 1281 3234 obtinuerant,
1294 3168 1452 3241 misereque
1475 3167 1692 3239 ejecti-luerent,
1707 3168 1791 3226 inem

144 3254 323 3319 adhibentur,
338 3255 408 3312 nihil
421 3255 536 3311 omniero
556 3270 652 3310 secam
667 3251 776 3325 accipit.
799 3251 943 3309 Secundus
984 3250 1057 3308 riam
1066 3253 1204 3324 imitatus,
1218 3256 1313 3313 animo
1327 3257 1410 3313 anxio
1424 3273 1457 3313 ac
1469 3256 1589 3313 sollicito
1599 3257 1629 3313 id
1646 3257 1787 3331 agitabat,

144 3350 241 3402 summ
249 3346 368 3407 arnicas.
377 3343 578 3400 uxorecliberi
589 3348 665 3408 sunt,
674 3341 823 3415 ceterique
831 3341 944 3414 cognati
985 3358 1107 3413 quonam
1119 3350 1201 3417 pacto
1211 3345 1294 3402 rebus
1309 3347 1370 3403 suis
1384 3345 1489 3419 optime
1518 3346 1685 3403 consuleret.
1708 3347 1789 3405 Dum

144 3438 176 3491 et
183 3434 347 3498 familiares,
356 3448 477 3508 querum
488 3432 672 3489 allectioneac
680 3431 945 3488 benemlcntiacou-
986 3447 1053 3504 ergo
1067 3432 1165 3489 erebra
1179 3435 1361 3491 meditatione
1377 3436 1437 3492 hee
1451 3451 1546 3492 secum
1571 3440 1705 3503 versaret,
1734 3453 1792 3510 per

144 3524 235 3581 stricti
243 3529 384 3590 tenemur,
392 3528 426 3579 ut
433 3522 469 3578 ab
484 3522 527 3577 his
534 3521 627 3576 divelli
635 3520 680 3576 rix
688 3536 833 3593 queamus,
846 3536 944 3592 aspra
985 3522 1225 3593 sapientissimam
1248 3524 1398 3597 quemdam
1413 3524 1614 3593 consiliarium,
1631 3524 1789 3583 deciviam

145 3629 243 3670 eorum
256 3629 353 3670 amore
363 3627 466 3685 corpus
476 3611 561 3667 eham
576 3615 606 3666 et
619 3610 743 3666 animem
758 3615 884 3665 nostram
892 3624 943 3665 ne·
985 3613 1188 3670 conmetudine
1200 3630 1234 3670 ac
1242 3613 1376 3687 perpetui
1397 3613 1486 3670 exsilii
1504 3615 1565 3670 loco
1576 3612 1680 3671 certior
1691 3613 1789 3672 lactus

122 3761 127 3767 ,
143 3702 294 3774 gllgasnus.
305 3703 344 3759 lix
357 3701 427 3774 ipsis
435 3716 519 3773 porro
533 3699 655 3756 ncmoin
671 3699 769 3755 mortis
784 3699 857 3754 hors
868 3697 944 3754 utili·
984 3705 1036 3766 est,
1050 3716 1173 3773 quonam
1186 3708 1268 3775 pacto
1282 3703 1343 3759 sine
1356 3703 1414 3759 ullo
1434 3703 1601 3776 emoreipse
1612 3701 1667 3759 sibi
1683 3718 1788 3761 cerem

143 3793 212 3849 tatis
225 3792 330 3867 aliquid
340 3791 464 3865 percipit,
480 3790 620 3864 nisiquod
636 3790 842 3864 adscpulcrum
851 3805 942 3862 usque
984 3788 1100 3846 deberet
1110 3790 1247 3847 intellexit
1272 3792 1343 3848 cum
1359 3792 1450 3865 igitur
1462 3792 1516 3848 hoc
1531 3790 1712 3864 cognovisset,
1740 3790 1788 3849 lo·

144 3886 282 3942 dnnmxm
300 3884 420 3941 macer
441 3884 621 3951 maritantur,
637 3900 671 3940 ac
687 3884 816 3958 protinus
826 3883 942 3939 domum
983 3881 1137 3953 torumque
1149 3897 1237 3954 prope
1258 3881 1333 3937 diem
1347 3887 1381 3938 ut
1394 3881 1430 3937 ad
1444 3881 1523 3936 illam
1536 3880 1659 3937 insulam
1671 3878 1788 3954 ablega·

143 3974 333 4043 reversiqsais
345 3973 420 4030 maie
435 3988 469 4029 ac
481 3973 602 4046 negotiis
615 3988 730 4047 operam
739 3973 818 4040 dant,
835 3988 944 4029 meme·
983 3973 1071 4037 retur,
1088 3975 1172 4043 atque
1192 3970 1376 4027 adventitium
1399 3969 1469 4026 illud
1483 3975 1513 4026 et
1524 3970 1648 4027 ahenum
1662 3985 1787 4042 mum

143 4064 300 4138 damaim,
317 4063 366 4136 qui
372 4063 514 4136 quondam
529 4061 599 4137 ipsis
613 4063 714 4120 charus
727 4069 799 4130 erat,
813 4078 870 4119 non
886 4061 941 4117 mi·
983 4059 1046 4116 aliis
1061 4059 1242 4132 relinqueret,
1257 4059 1403 4133 petetsctis
1416 4057 1558 4115 thesauris
1572 4056 1640 4125 suis,
1660 4072 1787 4130 qaorum

141 4168 197 4210 nus
208 4151 349 4221 oblivioni,
361 4167 446 4226 qaam
460 4167 561 4224 corpas
585 4152 713 4226 sepulcro
736 4151 940 4225 relinquentes.
982 4152 1051 4203 tunc
1064 4154 1227 4221 promptam
1240 4162 1273 4203 ec
1287 4147 1407 4205 liberum
1421 4162 1505 4204 usum
1518 4144 1648 4214 hahebat,
1661 4144 1787 4219 eurique

139 4245 252 4302 Atrero
264 4242 367 4300 tertius
381 4241 499 4306 amicas,
514 4241 563 4314 qul
581 4241 755 4316 contemptui
772 4257 806 4297 ac
825 4239 940 4297 fastidio
982 4243 1067 4311 atque
1081 4238 1202 4311 amenti,
1220 4253 1253 4294 ac
1258 4237 1447 4310 pretiosorum
1453 4234 1577 4309 lepidum
1591 4234 1785 4307 ingentimcle

140 4339 211 4401 emt,
226 4333 363 4407 culosque
372 4331 479 4388 aditum
488 4331 637 4389 horremus
644 4336 673 4389 et
682 4347 854 4391 cremamur.
870 4330 942 4404 opti·
981 4325 1094 4383 lamulis
1110 4326 1289 4400 quibusdam,
1316 4342 1385 4400 quos
1406 4325 1557 4384 fidissimos
1575 4321 1707 4391 habebat,
1723 4329 1785 4379 tn·

139 4420 665 4496 mommopemmcborusest,boccst
679 4415 1050 4512 tides,spes.chari·Ddita,
1067 4417 1103 4472 ad
1128 4432 1192 4472 eam
1215 4416 1337 4472 insulam
1351 4416 1484 4488 adquam
1513 4413 1695 4470 abducendus
1717 4418 1784 4469 erat

138 4517 193 4581 tae,
210 4511 412 4574 misericordia,
425 4509 784 4583 benignitas.rellquusque
797 4510 938 4567 virtutum
981 4506 1126 4578 premisit.
1145 4506 1279 4562 Vertente
1293 4509 1389 4562 eutem
1408 4520 1483 4560 anuo
1497 4503 1784 4571 cises,commetaee·

138 4607 227 4656 coetus
238 4619 245 4657 :
262 4601 309 4674 qui
322 4599 435 4674 quidem
448 4606 514 4655 ante
527 4615 589 4666 nos,
605 4614 670 4655 carm
685 4615 701 4654 e
716 4615 834 4672 corpore
853 4615 937 4655 exee-
979 4596 1095 4662 ditione
1112 4596 1218 4652 nudum
1229 4611 1304 4660 eum,
1319 4593 1557 4668 quemadmodum
1567 4592 1729 4665 superiores
1739 4609 1784 4649 re·

138 4688 240 4758 dimus,
251 4689 400 4762 proticisci,
415 4704 448 4744 ec
458 4694 555 4744 nostra
565 4689 745 4744 causabeum
759 4688 938 4761 precibusin·
976 4702 1037 4758 ges,
1047 4685 1076 4742 in
1084 4685 1212 4742 exsilium
1224 4685 1372 4741 miserunt.
1388 4685 1429 4740 Ac
1446 4683 1539 4740 ceteri
1548 4681 1670 4756 quidem
1677 4692 1783 4740 men-

137 4775 260 4846 flectere,
288 4783 374 4852 etque
394 4776 431 4834 ab
452 4770 580 4835 domtus
603 4777 707 4834 uostris
731 4783 760 4834 et
787 4777 935 4835 horrendis
976 4781 1029 4843 tes,
1043 4780 1072 4832 et
1086 4774 1178 4832 brevis
1191 4774 1327 4848 temporis
1337 4790 1426 4846 reges,
1435 4771 1601 4846 gravissima
1617 4771 1693 4828 tame
1706 4770 1788 4829 labo·

137 4865 430 4941 amatoribus,quide
445 4866 600 4924 referendis
621 4865 779 4924 rationibus
803 4866 934 4924 acerbam
975 4863 1094 4922 rabant:
1110 4864 1158 4921 ille
1172 4870 1271 4921 coatm
1298 4862 1346 4937 qui
1365 4878 1432 4936 opes
1457 4877 1524 4919 suas
1546 4858 1785 4935 praemiserat-ln

135 4952 217 5011 nobis
230 4954 260 5012 ln
272 4970 321 5012 aer
334 4955 414 5012 libem
428 4962 552 5024 movent,
575 4973 609 5013 ac
621 4955 775 5015 crudeliter
787 4973 839 5014 noe
865 4957 935 5014 arri-
974 4961 1112 5030 perpetua
1119 4969 1214 5010 rerum
1222 4952 1394 5026 cepiavitam
1404 4949 1785 5025 ducensatqueinllnitaso-

134 5058 202 5117 pere
218 5043 390 5101 contendunt
407 5043 528 5101 liberare
551 5051 652 5118 petest.
669 5046 722 5103 llic
732 5045 868 5103 nimirum
890 5051 934 5104 est
973 5043 1081 5117 luptste
1092 5044 1197 5110 mens,
1219 5041 1391 5116 pallidorum
1406 5056 1439 5096 ac
1460 5040 1661 5098 sceleratorum
1673 5037 1782 5095 civium

133 5132 326 5189 candidosille
339 5148 372 5188 ac
384 5132 488 5207 probus
503 5134 931 5209 etgratusamicus,quiquam·
973 5140 1051 5190 metu
1065 5131 1308 5207 prorsusabJ'ectc,
1324 5128 1525 5203 sapientissimi
1539 5128 1649 5186 consilii
1664 5127 1710 5184 sui
1730 5143 1783 5184 no-

132 5221 201 5278 libet
212 5219 298 5277 edam
312 5219 443 5293 exiguum
453 5219 558 5277 bonum
570 5228 700 5280 nostrum
709 5240 780 5298 opus
793 5225 931 5282 memoria
971 5223 1049 5281 mine
1061 5221 1175 5280 beatum
1188 5238 1218 5278 se
1230 5217 1410 5294 predicabat.

131 5313 222 5377 tenet
234 5325 268 5365 ac
281 5324 344 5365 cum
359 5308 456 5364 tenore
470 5308 551 5365 nobis
564 5309 634 5367 illud
646 5313 784 5385 rependit.
972 5306 976 5313 '
1006 5313 1059 5368 llic
1069 5328 1153 5386 porro
1166 5326 1218 5386 per
1231 5309 1373 5365 civitatem
1382 5324 1486 5364 vanum
1501 5307 1577 5364 hunc
1590 5311 1676 5379 atquc
1688 5303 1781 5380 impe·

166 5396 232 5454 Gar.
252 5396 325 5454 xlv.
341 5430 355 5439 —
375 5397 497 5453 Rursum
509 5398 597 5469 igitur
609 5400 745 5475 iosaphat
757 5402 829 5459 dixit
842 5421 849 5458 τ
861 5403 929 5460 Uti·
969 5407 1075 5459 etorem
1084 5400 1221 5457 mundam
1229 5397 1506 5471 intellige.Percives
1517 5402 1623 5464 autem,
1636 5394 1782 5469 principa·

128 5500 196 5542 nam
207 5484 259 5543 tibi
275 5502 291 5543 a
305 5484 425 5543 Domino
439 5484 653 5544 Deotuoomnia
660 5489 753 5547 lauda
766 5492 927 5563 etjucunda
967 5494 1015 5547 tus
1023 5497 1052 5547 et
1061 5496 1216 5564 potestates
1223 5488 1434 5556 damonum,ac
1448 5485 1547 5544 mundi
1562 5491 1686 5542 meteres
1696 5490 1782 5542 teue-

128 5573 346 5646 siathomioum
354 5572 571 5648 sapientissime.
585 5575 731 5652 Siquidem
744 5578 926 5653 optimistuie
966 5576 1082 5638 bramm
1096 5579 1182 5655 hujus
1197 5575 1304 5648 seculi,
1322 5574 1371 5652 qui
1384 5590 1437 5634 nos
1450 5591 1502 5650 per
1515 5571 1669 5650 voluptatis
1685 5572 1783 5632 molli·
