3818 6120
97 3814 106 3821 ·
192 3787 276 3842 brosa
287 3796 371 3843 sunt:

205 269 259 327 eor
356 311 360 319 .
712 253 759 321 ua
777 262 872 322 uris
890 263 1039 323 minua
1058 269 1165 340 tinea
1184 262 1329 325 paruus.
1785 236 1840 325 aba

242 400 295 466 Qui
310 398 405 449 recitati
418 393 533 461 paralio]
541 389 716 452 Ambrosius,
728 389 798 443 libro
810 390 919 456 lollio,
936 408 997 462 cap.
1008 396 1031 452 A
1043 392 1264 447 Christianorum
1272 393 1602 463 imperatorumtempore
1609 391 1758 445 exaltatam
1766 397 1841 447 retu·

206 467 257 525 10:
275 489 287 519 ι
305 466 357 530 Qui
368 480 467 519 navem
480 463 509 516 in
523 462 594 516 mari
607 478 705 532 regere
718 461 917 530 gubernaculis
938 468 1000 516 stu·
1041 464 1114 527 ierit,
1132 465 1309 519 nonomnino
1324 461 1478 517 aberrabit:
1491 464 1544 516 Pro
1553 479 1581 515 eo
1591 464 1663 530 qaod
1677 465 1841 530 faistidere-

205 540 261 602 det,
277 538 320 591 rel
333 534 417 589 remis
436 535 546 598 ducere,
563 533 641 604 prius
661 532 691 585 in
716 532 799 584 llurio
823 533 962 602 praeludit.
985 551 998 584 a
1041 539 1117 598 licto,
1130 541 1154 589 et
1166 537 1226 588 odio
1237 537 1340 599 trahite,
1353 542 1377 587 et
1392 550 1448 586 non
1462 537 1522 586 crat
1535 536 1585 600 qai
1594 549 1643 601 per
1655 538 1678 586 te
1694 537 1838 601 transiret,

202 609 319 665 Labitur
325 608 466 665 Erasmus,
479 604 526 686 qui
538 621 570 658 ex
579 605 630 657 hac
639 602 822 656 similitudine
832 603 1001 657 existimavit
1039 606 1842 674 ponamtcinsuperhicmsacrilorarrr,yorrdiarrringenera-

203 681 405 748 Hieronymum
420 675 641 744 subsrgnitrcare,
660 680 857 742 argumentum
878 675 929 727 hoc
944 691 1000 728 non
1042 678 1143 729 tionem
1157 681 1181 729 et
1193 679 1410 743 generationem,
1420 680 1444 729 et
1454 691 1532 742 anes
1543 679 1585 728 loc
1594 678 1729 742 pert-tiam,
1739 681 1764 728 ct
1779 691 1841 729 nta-

203 767 263 804 esse
277 748 391 808 seriem,
409 746 458 800 sed
473 745 643 800 exercitandi
658 745 722 816 styli
747 761 831 797 causa
844 750 997 815 sumptum.
1041 749 1388 814 initiarcyumiactcberis,
1406 748 1771 813 ctscirsqaioeqollominas
1786 751 1842 802 sol·

202 819 286 884 Quasi
296 836 361 873 vero
369 822 505 888 repugnet
515 816 619 870 serium
628 815 694 886 quid
703 831 774 879 esse,
782 821 811 867 et
822 815 896 868 idcm
905 820 999 870 tamen
1040 834 1108 870 raris
1117 823 1149 884 tc,
1160 819 1347 886 etredcrnptor
1356 817 1650 885 tarrssortislaeoh.(ls.
1662 821 1718 881 tx).
1727 817 1763 870 Et
1770 817 1841 872 illud

201 889 307 945 assumi
329 889 365 943 ad
384 888 592 942 exercitandum
613 886 726 957 stylum.
755 886 833 939 Serio
857 886 999 955 cogitabat
1040 887 1840 958 ejusdemzlitcrumreyesnutritiitui,ctreqinaautrices

201 960 430 1032 Hieronymusdc
440 959 563 1012 historice
574 957 994 1026 Ecclesiasticaecorapositionc3
1039 965 1106 1013 tica:
1121 962 1201 1013 saltu
1214 965 1245 1012 in
1258 964 1363 1013 terram
1377 961 1492 1012 denn'sso
1501 959 1659 1011 adorabunt
1669 962 1702 1018 tc,
1716 962 1842 1027 etpalat-

199 1049 284 1102 quam
293 1037 325 1086 ut
334 1047 384 1101 pro
392 1030 528 1099 dignitate
538 1033 659 1083 tractare
665 1032 769 1097 posset,
780 1028 880 1081 maluit
889 1034 955 1081 ante
965 1032 997 1082 in
1038 1046 1097 1082 reia
1110 1032 1211 1098 pedam
1220 1028 1841 1101 tuormniinycnttlscmtrn).Videepistolam

193 1120 291 1171 parvo,
308 1108 341 1157 ut
353 1101 455 1172 inquit,
472 1117 548 1168 opere
563 1099 695 1163 exerceri,
712 1115 798 1167 quam
817 1101 854 1152 ad
868 1102 997 1153 latiorem
1038 1100 1134 1154 AEneee
1147 1101 1224 1154 Silvii
1234 1106 1295 1154 tum
1310 1099 1470 1164 cardinalis,
1493 1104 1582 1152 testea
1596 1099 1638 1153 Pii
1655 1100 1839 1170 llpontificis,

196 1175 344 1228 historiam
359 1171 536 1243 perveniret;
557 1170 629 1224 serio
651 1169 748 1240 utique
770 1169 918 1240 utrobique
938 1186 997 1224 rcm
1040 1188 1103 1241 quse
1115 1171 1277 1224 inscribitur
1290 1174 1325 1226 lle
1337 1173 1461 1225 rnoribus
1476 1117 1639 1236 derisionis,
1660 1187 1717 1242 qua
1734 1171 1842 1226 refutat

202 1250 330 1300 acturus
1039 1242 1131 1295 varias
1145 1242 1259 1296 Martini
1274 1242 1349 1305 lleir,
1378 1242 1425 1312 qui
1444 1241 1652 1311 archiepiscopo
1673 1243 1840 1311 Magantino

241 1316 293 1370 Ms.
308 1312 624 1379 Audomarensis‚initio
635 1311 719 1380 hujus
727 1310 835 1381 capitis,
850 1313 1000 1381 praemitte
1040 1313 1224 1367 cancellarius
1232 1312 1838 1378 suit,calumniascontracuriamltomanam,

206 1386 254 1441 bat
269 1387 329 1441 hae
340 1385 442 1440 rerba:
461 1388 513 1454 eri
528 1387 602 1449 lepis,
615 1385 728 1435 imitare
742 1383 814 1449 quod
828 1386 903 1449 lepis.
1041 1383 1195 1454 probatque
1204 1383 1289 1437 variis
1295 1383 1451 1437 rationibus
1457 1383 1597 1436 Romanos
1604 1384 1840 1452 praesulcsdiaites

240 1458 474 1512 Persecutionibus
486 1454 623 1524 eraserit]
633 1454 830 1523 Hieronymus.
848 1453 928 1524 epist.
953 1451 997 1516 bl,
1040 1460 1065 1506 et
1075 1460 1194 1522 ymterrtcs
1214 1471 1274 1508 esse
1285 1461 1425 1525 oportere,
1442 1470 1474 1507 ac
1487 1453 1665 1524 potissimum
1679 1454 1715 1507 ad
1726 1454 1781 1508 tria
1796 1454 1841 1508 di·

204 1529 239 1581 ad
254 1527 438 1598 Theophilum
455 1527 588 1580 adversus
602 1540 711 1578 errores
730 1525 743 1577 J
747 1524 845 1577 oannis
859 1525 873 1578 J
877 1525 977 1578 erosol.
990 1543 996 1577 ε
1040 1525 1122 1578 sitias
1141 1525 1274 1595 requirit:
1288 1549 1298 1571 ι
1311 1527 1338 1578 l0
1353 1525 1388 1578 ad
1403 1531 1509 1579 statum
1520 1525 1667 1578 honestum
1675 1525 1840 1595 etdignitati

205 1616 218 1650 e
233 1599 387 1652 Fundendo
400 1599 576 1667 sanguinem,
585 1602 614 1649 et
624 1595 755 1676 patiendo
764 1595 853 1663 inagis
866 1611 950 1665 quam
960 1595 1000 1649 sa·
1039 1596 1251 1650 convenientem
1259 1596 1412 1649 tenendum
1424 1614 1430 1658 ;
1442 1594 1471 1651 ‘2⁰
1483 1596 1518 1649 ad
1530 1595 1644 1649 alendos
1653 1612 1804 1666 pauperes,
1811 1602 1841 1649 ct

202 1669 300 1723 ciendo
315 1669 509 1733 contumelias,
530 1666 634 1721 Christi
650 1664 766 1719 fundata
789 1671 831 1719 est
852 1666 974 1720 Ecclesia
991 1685 996 1733 3
1040 1666 1170 1720 ecclesias
1185 1684 1270 1720 manu
1288 1667 1439 1731 tenendas;
1456 1664 1484 1722 3⁰
1495 1666 1530 1720 ad
1545 1666 1712 1721 coercendos
1724 1667 1840 1721 malesa-

202 1738 443 1810 pcrsecutionibus
455 1738 550 1802 crevit,
564 1737 707 1807 martyriis
721 1740 855 1790 coronata
866 1742 917 1793 est.
932 1761 943 1784 ·
1007 1742 1140 1803 Botores,
1154 1738 1200 1808 qui
1218 1737 1282 1791 ildei
1297 1737 1451 1791 sinceritati
1464 1736 1601 1790 officiunt.
1618 1755 1631 1788 n

239 1810 892 1880 arpostquamauChristianae-runcaretranent
901 1808 1002 1873 {Ecole-
1078 1808 1243 1878 Maron-ios]
1254 1809 1297 1862 lta
1310 1807 1494 1897 manuscripti
1514 1814 1542 1861 et
1554 1808 1737 1863 vetuseditio.
1748 1809 1841 1880 Vulgo

203 1881 255 1944 siai
266 1883 509 1950 potentiaquidcm
520 1885 544 1933 et
558 1880 664 1931 divitiis
676 1883 776 1945 rrray'or,
793 1878 838 1930 sed
851 1880 1002 1932 virtutibus
1042 1881 1182 1933 iloronia.
1200 1879 1350 1933 Ptolemaeo
1368 1885 1435 1933 nota
1454 1878 1541 1950 Syriae
1560 1879 1656 1933 civitas
1677 1880 1838 1949 Μαρωνείας.

204 1955 299 2005 ricinos·
311 1954 385 2018 sacta
397 1955 442 2004 sit.
466 1949 595 2004 Haeretici
602 1947 729 2002 modemi
738 1948 882 2001 avidehac
892 1949 1002 2003 etsimi-
1042 1950 1095 2003 Hic
1105 1949 1211 2003 viculus
1226 1949 1338 2003 dicitur.
1356 1950 1426 2003 Vide
1441 1950 1653 2005 Onomasticon.

202 2022 241 2075 lia
256 2023 418 2093 Hieronymi
431 2039 447 2074 a
460 2022 606 2090 lorumque
616 2021 732 2073 Petrum
742 2020 802 2072 loca
814 2019 963 2090 arripiunt.
1077 2023 1119 2074 Ad
1131 2037 1207 2089 pope
1221 2021 1358 2091 Evagrii]
1373 2020 1527 2074 Antiochiae
1541 2021 1686 2092 episcopus
1699 2019 1754 2074 tuit
1768 2021 1839 2075 Eva·

239 2093 344 2157 Primo,
361 2098 393 2147 ut
405 2093 533 2146 Ecclesiae
543 2096 674 2146 ornatum
684 2096 713 2143 et
726 2105 793 2143 rasa
806 2106 885 2143 sacra
899 2091 1000 2161 pretio·
1040 2092 1128 2161 grius,
1137 2091 1307 2163 Hieronymo
1318 2090 1523 2161 perfamiliaris,
1534 2091 1569 2144 de
1578 2107 1633 2161 quo
1642 2091 1704 2172 ipse
1711 2091 1840 2162 catalogo

203 2163 450 2234 siomimprobcnt.
459 2164 533 2226 Quos
541 2161 653 2232 egregie
659 2160 807 2231 repercutit
814 2161 999 2216 Bellarminus
1040 2163 1126 2216 illust.
1143 2162 1270 2216 Ecclesiae
1281 2163 1464 2232 Scriptorum,
1476 2178 1536 2232 cap.
1548 2160 1611 2217 tta.
1628 2162 1699 2215 Vide
1714 2162 1790 2216 dicta
1802 2162 1840 2217 ed

203 2241 299 2288 noster
312 2239 389 2288 tomo
405 2234 441 2298 ll,
457 2238 580 2288 controv.
596 2232 720 2302 general.
736 2247 773 2298 rr,
791 2231 862 2285 libro
883 2246 924 2297 111,
952 2234 1000 2302 qui
1041 2233 1180 2287 Praeludia
1194 2235 1223 2286 in
1235 2233 1329 2286 Vitam
1343 2233 1432 2287 sancti
1447 2232 1572 2299 Antonii,
1595 2249 1626 2290 n.
1644 2233 1670 2287 4.
1695 2233 1735 2286 De
1757 2250 1839 2304 papae

204 2310 247 2358 est
261 2307 300 2358 De
315 2305 391 2359 cultu
404 2311 575 2370 sanctorum,
591 2320 652 2374 cap.
667 2300 694 2367 6,
711 2302 758 2356 ubi
773 2302 832 2372 agit
850 2302 884 2356 dc
899 2308 1000 2358 ornatu
1041 2304 1154 2357 nomine
1164 2304 1193 2357 in
1204 2304 1392 2358 Onomastico.

203 2381 263 2442 02
278 2384 334 2430 tem
356 2376 458 2429 lorum.
471 2376 505 2429 Et
517 2382 593 2429 tomo
608 2375 646 2428 lll
661 2379 785 2427 controv.
807 2374 932 2442 generali
956 2389 998 2441 nr,
1078 2373 1838 2456 Ctrrrcracjasdemtoeiindigenalltosweydushabet:

204 2463 266 2516 quae
277 2452 320 2500 est
330 2394 364 2500 de
379 2446 563 2509 Eucharistia,
580 2445 650 2498 libro
665 2459 695 2509 11,
712 2444 746 2497 dc
764 2444 859 2507 Missa,
875 2461 936 2515 cap.
953 2445 997 2511 ll,
1040 2451 1073 2512 et,
1095 2452 1125 2499 at
1140 2446 1230 2506 rebor,
1245 2462 1310 2516 pro:
1328 2451 1359 2499 ut
1373 2461 1477 2505 resero,
1492 2446 1782 2516 lectionemquesuam
1793 2461 1841 2499 se-

202 2517 250 2571 ubi
266 2517 325 2587 agit
336 2518 370 2571 dc
386 2516 457 2570 rasis
472 2517 568 2570 sacris.
585 2516 646 2578 Quo
657 2515 742 2568 etiam
757 2514 823 2567 tacit
835 2515 999 2586 intempore
1041 2515 1192 2586 quentihus
1213 2523 1339 2570 annotat.
1354 2517 1431 2570 Eois.
1453 2548 1484 2558 -
1501 2518 1543 2577 Et,
1562 2521 1593 2569 ut
1608 2518 1699 2582 rebar,
1718 2518 1841 2584 ejusdem

203 2587 310 2641 dictum
325 2586 467 2658 apophthe
488 2586 632 2640 masancti
647 2585 790 2650 Bonisacii,
807 2584 999 2655 dequohabes
1041 2591 1093 2641 toci
1100 2587 1255 2657 indigena]
1263 2588 1306 2641 lta
1314 2589 1482 2642 bisetretus
1489 2587 1584 2640 editio.
1595 2587 1841 2641 Coloniensiscum

203 2658 238 2711 de
252 2674 375 2712 consecr.
392 2658 456 2711 dist.
467 2605 499 2722 ἦ,
512 2675 573 2727 cap.
589 2655 623 2711 l-'t
636 2674 641 2708 ι
654 2677 664 2707 r
676 2656 834 2710 Boniiacius
849 2662 958 2728 martyr
972 2664 999 2712 et
1040 2658 1166 2723 Erasmo,
1177 2663 1205 2711 et
1214 2674 1308 2712 resera
1319 2655 1457 2729 atta-,oua
1466 2658 1539 2727 quod
1552 2658 1646 2712 nescio
1656 2674 1693 2711 an
1703 2658 1839 2712 Erasmus

203 2728 350 2799 episcopus
362 2729 561 2798 interrogatus,
576 2726 600 2780 si
616 2726 713 2781 liceret
727 2727 756 2780 in
770 2727 889 2780 vasculis
899 2728 999 2797 ligneis
1040 2745 1073 2782 ex
1086 2729 1210 2799 ingenio,
1227 2745 1263 2782 an
1274 2745 1305 2782 ex
1320 2730 1372 2783 Ms.
1384 2721 1571 2782 substituerit.
1588 2730 1623 2783 H.
1637 2728 1757 2782 Gravius
1770 2727 1841 2782 dicit

203 2799 384 2854 Sacramenta
397 2802 542 2864 conficere,
559 2797 721 2868 respondit:
743 2798 890 2861 Quondam
903 2815 996 2853 sacer·
1040 2800 1125 2853 ctiam
1140 2798 1497 2870 inquibusdamlibrislegi,
1508 2801 1681 2853 Tbchcstoais
1692 2801 1838 2866 indigena.

202 2869 282 2925 dotes
296 2871 375 2924 aurei
387 2870 488 2940 ligneis
500 2869 632 2924 calicibus
643 2868 796 2922 utebantur
807 2887 813 2935 ;
826 2885 996 2923 nuncecon·
1039 2870 1159 2934 Quidam
1170 2871 1221 2924 bis.
1237 2873 1377 2941 proretas
1392 2869 1477 2924 habet
1487 2875 1555 2924 crat.
1564 2870 1619 2924 Sed
1626 2887 1691 2924 vera
1704 2870 1787 2924 lectio
1795 2876 1840 2924 est

201 2941 298 3006 trado,
311 2941 397 3012 lignei
412 2943 570 2996 sacerdotes
585 2940 679 2994 aureis
693 2944 812 2994 utuntur
825 2940 967 2994 calicibus.
981 2959 994 2993 r
1037 2941 1203 3011 quamdcdi.
1214 2940 1335 2995 Putabat
1345 2941 1457 3011 quidem
1471 2941 1670 3012 Hioronymus,
1683 2941 1836 3006 llalchum,

201 3011 385 3075 Quoddesum
408 3010 869 3074 tumestexconcilioTriburiensi,
880 3028 940 3081 cap.
950 3010 994 3067 ld.
1036 3011 1084 3082 qui
1099 3014 1242 3067 Mai-onte·
1254 3012 1427 3076 versabatur,
1452 3013 1579 3081 eiusdem
1594 3012 1680 3066 tuisse
1694 3011 1749 3065 loci
1762 3011 1837 3065 indi-

147 3144 153 3154 ·
201 3083 314 3138 Monere
327 3030 456 3137 videlicet
468 3083 555 3138 voluit
567 3084 610 3136 vir
623 3087 736 3136 sanctus
750 3088 781 3136 ut
795 3098 896 3136 aureas
910 3082 1022 3154 simule
1034 3099 1147 3152 genam,
1171 3083 1220 3136 sed
1243 3100 1306 3137 mox
1324 3100 1342 3136 a
1361 3083 1469 3137 Malcho
1491 3084 1607 3136 docetur
1620 3081 1788 3138 Nisibenam
1803 3099 1835 3136 se

199 3162 308 3209 mentes
328 3154 364 3207 ad
387 3155 475 3208 altnrc
499 3155 657 3208 sacerdotes
680 3153 808 3206 aderant.
834 3153 994 3208 Imitatione
1035 3171 1105 3207 esse.
1122 3153 1269 3208 Labuntur
1282 3171 1345 3208 cum
1361 3155 1476 3208 Erasmo
1490 3154 1699 3207 Centuriatorcs
1719 3153 1837 3223 Magde-

206 3225 320 3279 uadam
335 3226 470 3295 expressit
485 3225 536 3278 hoc
551 3224 759 3295 apophtlregma
779 3224 951 3279 Trithcmius
964 3225 994 3278 in
1034 3223 1197 3295 burgenses,
1209 3230 1281 3279 cent.
1299 3225 1325 3290 4,
1337 3242 1397 3307 cap.
1411 3222 1453 3289 10,
1470 3225 1517 3295 qui
1532 3225 1612 3279 aiunt
1622 3224 1763 3279 Malchum
1776 3223 1836 3278 ori·

198 3241 335 3349 zhrouico
347 3313 398 3350 suo
409 3295 603 3378 llirsaugiensi
614 3312 620 3349 z
633 3313 646 3346 e
662 3295 777 3349 Veteres
786 3295 853 3348 olim
864 3295 994 3349 monachi
1035 3297 1142 3349 undum
1156 3313 1188 3349 ex
1202 3296 1260 3350 rico
1275 3296 1411 3350 Marcum.

196 3367 280 3421 cellas
296 3366 559 3438 quidem,ecclesras
570 3366 677 3426 etalias
687 3365 995 3420 mansioneshabebant
1070 3369 1110 3421 dii
1124 3371 1196 3431 note,
1215 3369 1336 3421 Nisibeni
1354 3369 1440 3433 apriti
1455 3364 1592 3438 colonas]
1603 3366 1654 3420 Ms.
1667 3365 1834 3420 sanctimo-

196 3437 359 3491 tenebrosas
371 3456 382 3505 ;1
396 3438 445 3491 sed
459 3453 555 3492 eorum
570 3438 654 3492 corda
667 3443 749 3490 erant
768 3437 859 3489 lucide
873 3436 952 3490 raldc
965 3437 993 3490 in
1034 3438 1122 3492 riani:
1133 3440 1173 3491 sti
1188 3444 1260 3503 recte,
1271 3439 1397 3492 disicetti
1405 3441 1486 3504 cyclis
1495 3441 1617 3492 colonas.
1629 3437 1680 3490 his.
1691 3437 1836 3491 Andoma-

196 3524 291 3563 amore
305 3508 355 3562 Dei
371 3509 446 3562 omni
469 3509 580 3573 otentis,
602 3514 631 3561 et
656 3507 816 3561 inscientia
835 3507 993 3561 divinarum
1034 3509 1139 3562 rensis:
1157 3510 1281 3562 lietberti
1301 3510 1389 3561 sibcni
1403 3511 1490 3575 apello
1505 3512 1626 3569 colonas,
1637 3507 1712 3578 quod
1728 3507 1836 3562 coaluit

195 3579 414 3649 Scripturarum.
459 3579 527 3631 ostri
548 3582 643 3632 autem
667 3577 806 3638 ecclesias,
826 3578 919 3642 cellas,
941 3578 990 3632 do·
1034 3596 1065 3633 ex
1080 3583 1121 3633 mi
1136 3584 1198 3632 reate
1213 3581 1349 3632 liisibcni.
1367 3578 1427 3631 Erit
1442 3579 1513 3632 sorte
1535 3578 1684 3649 quispiam,
1704 3577 1750 3648 qui
1767 3579 1835 3633 hinc

193 3665 320 3718 mosque,
335 3655 364 3703 et
373 3665 470 3702 omncs
479 3649 639 3703 mansiones
647 3649 707 3718 jam
720 3647 992 3702 lucidissimassabri-
1033 3652 1122 3704 Metire
1132 3651 1258 3704 Nisibeni
1267 3649 1419 3720 exsculpat,
1426 3655 1455 3703 et
1463 3650 1555 3704 locum
1563 3649 1603 3702 ita
1611 3649 1753 3702 dictumin
1764 3666 1834 3721 agro

193 3725 276 3781 cant;
293 3719 341 3772 sed
355 3719 439 3772 corda
454 3735 552 3800 eorum
562 3718 634 3773 vitiis
648 3723 677 3773 et
690 3718 796 3800 desidia
807 3718 899 3789 plena,
916 3724 992 3773 tene-
1032 3720 1166 3775 Nisibeno
1177 3721 1321 3774 arioletur.
1333 3720 1423 3790 Vulgo
1433 3721 1493 3775 loco
1507 3721 1633 3775 Nisibeni
1640 3719 1762 3774 habetur
1771 3723 1833 3774 Ha·

192 3852 322 3925 asiam,
337 3788 987 3931 ...litttttttdttetii..lilith
1033 3790 1831 3934 Altisttlittttlttttttttittttt...
1884 3920 1890 3930 ,

191 3902 320 3984 tendunt.
330 3931 373 3984 lta
384 3947 494 4001 quoque
501 3948 564 3985 cum
572 3932 673 3986 calices
684 3939 777 3986 essent
784 3932 987 4003 cuprei,sacer-
1027 3932 1056 3985 in
1080 3933 1193 4003 regione
1208 3932 1375 3987 Chalcidica.
1397 3932 1479 4002 Apud
1493 3933 1674 3987 Ammianum
1686 3932 1830 3987 Marcelli-

190 3999 270 4054 dotes
282 4002 360 4056 aurei
374 4002 595 4059 fueruntHodie
608 4008 702 4057 autem
714 4003 885 4057 calicessunt
896 4004 984 4071 aurei,
1027 4020 1104 4068 num,
1125 4003 1197 4059 libro
1218 4018 1292 4069 xrur,
1314 4002 1400 4057 habes
1424 4004 1553 4058 Chalcida
1570 4004 1713 4075 Syriacam
1729 4004 1830 4059 cirita·

189 4075 218 4125 et
230 4073 326 4142 ouprei
340 4074 510 4128 sacerdotes.
528 4091 540 4126 r
1026 4080 1094 4130 tem.
1110 4076 1181 4129 Vide
1197 4075 1406 4129 Onomasticon.

224 4143 361 4208 Secundo,
373 4149 406 4198 ut
417 4144 581 4199 clericorum
592 4144 703 4199 divitias
710 4145 883 4199 insectentur
896 4145 984 4199 etim·
1061 4147 1124 4213 (iac
1137 4149 1212 4200 inter
1218 4148 1322 4200 lrnmas
1337 4151 1360 4200 el
1373 4148 1491 4200 llcraora
1506 4144 1541 4226 ¹.]
1564 4145 1607 4199 lta
1620 4145 1774 4215 legendum
1794 4162 1828 4200 ex

188 4212 316 4284 probent.
332 4215 393 4280 Qua
407 4215 436 4270 in
452 4233 481 4269 re
492 4221 649 4287 sequuntur
662 4221 771 4270 veteres
786 4215 939 4281 haereticos,
952 4222 985 4271 ut
1024 4215 1825 4287 ManuscriptisQuidamManuscriptihabebanthracrn,

186 4285 342 4340 Arnaldum
356 4286 556 4359 dearmaqui
569 4287 691 4341 rixitan.
708 4287 811 4342 Christi
825 4284 984 4349 litatem·
1025 4288 1141 4342 solemni
1161 4288 1347 4358 quorumdam
1365 4293 1491 4341 veterum
1509 4303 1596 4353 more,
1618 4287 1787 4358 ponentium
1801 4286 1827 4340 V

206 4373 254 4410 ore
269 4358 390 4411 Conradi
405 4357 480 4427 regis
491 4356 693 4416 Romanorum.
712 4358 759 4428 qui
774 4358 884 4411 dicebat
900 4359 984 4428 (teste
1024 4358 1084 4411 loco
1095 4359 1126 4412 Β.
1140 4359 1172 4412 In
1186 4358 1355 4412 editionibus
1368 4357 1508 4412 veteribus
1522 4364 1591 4422 erat,
1605 4361 1751 4426 quainter
1764 4361 1825 4413 Inc-

186 4373 289 4482 ssttone
298 4428 480 4498 Frisingensi,
492 4429 563 4482 libro
573 4444 604 4492 u,
613 4446 674 4501 cap.
686 4429 730 4495 to,
745 4430 779 4482 de
788 4429 982 4483 GestisFride·
993 4450 1017 4508 D
1027 4445 1084 4483 ritas
1099 4434 1122 4483 et
1136 4432 1241 4482 heroos.
1252 4430 1284 4484 ln
1296 4429 1455 4483 Coloniensi
1465 4427 1597 4490 editione,
1608 4445 1667 4497 qua
1678 4432 1755 4483 inter
1765 4431 1824 4484 lm-

184 4497 235 4551 rici
247 4499 346 4571 impl:
366 4519 377 4550 r
394 4500 451 4553 Neo
466 4500 582 4553 clericos
591 4500 801 4572 proprietatem,
814 4516 865 4553 nec
880 4500 984 4570 episco·
1024 4516 1100 4553 risam
1113 4504 1136 4554 ct
1151 4501 1256 4553 Essem.
1270 4499 1377 4554 Abutar
1392 4499 1459 4564 otio,
1471 4499 1495 4552 si
1504 4504 1676 4554 monstrosas
1688 4515 1823 4570 quorum-

182 4572 234 4638 pos
249 4570 364 4640 regalia,
381 4586 431 4624 nec
454 4570 606 4625 monachos
628 4571 817 4641 possessiones
835 4569 981 4636 habentes,
1023 4570 1088 4624 dam
1103 4571 1356 4641 manuscriptorum
1371 4576 1400 4625 et
1415 4569 1554 4624 editorum
1576 4570 1710 4624 librorum
1726 4570 1825 4625 lectio·

184 4639 279 4709 aliqua
286 4641 395 4696 ratione
403 4658 483 4713 posse
493 4641 605 4695 salvari.
616 4661 628 4694 a
641 4642 804 4712 Sequuntur
811 4642 981 4696 etJoannem
1023 4658 1073 4695 nes
1088 4649 1296 4713 repraesentem.
1313 4643 1347 4696 Et
1363 4644 1426 4696 lma
1447 4647 1475 4695 et
1494 4644 1584 4695 Barca
1604 4639 1634 4694 iu
1648 4641 1741 4714 Syrie,
1762 4657 1825 4712 quae

184 4707 343 4777 Wiclefum,
360 4713 441 4782 cujus
455 4713 484 4766 in
497 4712 614 4767 concilio
629 4712 847 4774 Constantiensi,
858 4713 981 4767 sessione
1022 4712 1087 4767 huic
1102 4713 1161 4766 loco
1175 4713 1323 4782 quadrant.
1336 4712 1406 4765 Vide
1423 4712 1632 4766 Onomasticon.

183 4774 211 4845 8,
227 4780 353 4835 damnati
364 4783 393 4837 hi
407 4789 474 4838 sunt
487 4784 600 4839 articuli
613 4798 700 4837 nturi.
716 4783 813 4837 Ditare
827 4782 982 4838 clerumest
1060 4785 1089 4838 ur
1101 4786 1168 4837 darn
1177 4782 1449 4852 advirrerettmater]
1460 4784 1503 4837 lta
1513 4782 1722 4854 manuscriptus
1732 4781 1825 4836 sancti

183 4852 281 4905 contra
294 4854 421 4922 regulam
429 4855 533 4909 Christi
555 4868 653 4909 statu.
664 4854 799 4908 Silvester
810 4854 981 4908 etGonstan·
1021 4855 1143 4908 Floriani
1156 4855 1233 4920 editi,
1252 4856 1282 4908 lit
1293 4857 1361 4908 deren
1373 4855 1464 4908 aditae
1477 4857 1577 4908 uiueret
1597 4859 1697 4907 incar.
1712 4853 1827 4907 Tertul-

183 4920 260 4974 tinus
273 4929 404 4976 errarunt
415 4925 565 4980 Ecclesiam
580 4926 704 4981 ditando.
714 4939 804 4978 rsxrx.
822 4926 980 4996 Imperator
1021 4925 1121 4989 liarrus,
1138 4926 1173 4979 dc
1186 4927 1297 4979 Corona
1308 4925 1402 4992 milit,
1413 4925 1499 4995 capi
1513 4942 1520 4978 ε
1533 4943 1546 4977 t
1558 4925 1644 4978 Porro
1654 4925 1679 4978 si
1691 4940 1754 4996 quae
1763 4923 1826 4977 aliae

182 4995 211 5044 et
224 4993 363 5048 seculares
377 5001 443 5049 sunt
461 4996 568 5051 seducti
591 5014 609 5051 a
630 4996 752 5060 diabole,
772 5002 804 5050 ut
828 4996 980 5056 Ecclesiam
1020 4996 1102 5050 idolis
1114 4996 1227 5060 saciant,
1243 4997 1276 5049 ad
1292 4996 1432 5050 deamones
1446 4995 1598 5066 pertinent,
1612 4999 1719 5066 quanto
1733 5011 1779 5048 ma
1802 4995 1826 5048 's

182 5059 308 5141 ditarent
320 5063 402 5118 bonis
409 5067 618 5136 temporalibus.
632 5086 644 5120 n
657 5068 711 5123 Sed
721 5073 796 5121 recte
803 5066 976 5133 Ambrosius,
1020 5067 1094 5137 quod
1105 5067 1166 5137 ipsa
1178 5066 1230 5120 sibi
1241 5067 1316 5120 idola
1326 5067 1460 5128 iecerunt,
1471 5083 1535 5120 cum
1547 5066 1719 5121 adviverent.
1738 5085 1752 5118 a
1796 5065 1826 5120 bi

182 5131 252 5186 libro
267 5147 316 5188 v111
331 5134 359 5188 in
375 5135 466 5205 capite
476 5151 522 5190 xix
535 5139 628 5203 Lucae,
640 5155 695 5193 non
710 5139 740 5191 in
748 5137 852 5191 divitiis
860 5137 976 5202 crimen,
1020 5153 1074 5191 non
1090 5143 1165 5193 recte
1182 5137 1319 5204 Latinius,
1336 5155 1401 5192 estin
1416 5138 1505 5191 adhaec
1519 5140 1650 5201 variarent,
1664 5137 1786 5207 reponit.

180 5202 229 5256 sed
244 5204 273 5258 in
289 5206 361 5261 male
376 5206 519 5261 utentibus
532 5208 629 5277 ponit:
647 5226 660 5260 r
678 5209 792 5263 Discant
810 5209 909 5262 divites
920 5224 978 5262 non
1054 5210 1189 5263 balterico
1196 5210 1322 5263 Edessam
1326 5208 1526 5278 pergentibus]
1537 5209 1580 5262 Ita
1587 5208 1738 5265 recteMss,
1751 5207 1826 5262 Male

179 5273 208 5327 in
225 5274 404 5331 facultatibus
420 5277 527 5331 crimen
541 5279 657 5344 haerere,
670 5279 756 5334 sedin
771 5279 806 5333 iis
821 5279 869 5349 qui
879 5279 921 5332 uti
931 5295 978 5333 ne·
1018 5278 1193 5333 Coloniensis
1208 5279 1307 5333 editio:
1325 5282 1467 5334 llcllcrria
1481 5281 1518 5332 ed
1528 5279 1623 5332 Essem
1631 5281 1823 5348 pergentibus.

178 5344 460 5402 sciautfacultatibus.
473 5349 545 5402 Nam
554 5349 657 5404 divitiae
664 5356 696 5404 ut
703 5350 905 5421 impedimenta
912 5355 978 5404 sunt
1018 5350 1067 5404 Est
1081 5351 1177 5403 Beroea
1188 5351 1233 5403 hic
1249 5351 1336 5422 Syriae
1348 5350 1454 5416 civitas,
1462 5349 1492 5403 in
1503 5350 1683 5420 Cyrrhestica
1692 5350 1823 5420 regione.

177 5414 216 5468 im
238 5417 322 5482 robis,
338 5417 379 5471 ita
393 5417 473 5472 bonis
484 5424 551 5472 sunt
564 5420 728 5490 adjumenta
740 5421 861 5474 virtutis.
881 5439 895 5473 s
1018 5420 1123 5474 Edessa
1135 5437 1246 5492 quoquc
1260 5422 1305 5474 hic
1320 5421 1407 5493 Syriae
1418 5427 1461 5474 est
1471 5420 1576 5474 civitas.

212 5433 292 5551 guod
306 5489 330 5542 si
343 5489 406 5559 quis
419 5489 498 5544 Isaiae
512 5490 684 5556 vaticinium,
696 5492 732 5545 ad
744 5492 894 5546 Ecclesiam
908 5492 976 5546 olim
1058 5492 1147 5545 l'icino
1151 5495 1260 5561 publico
1266 5495 1365 5545 itineri
1369 5490 1801 5560 solitudo,perqucrnSarraceni
1804 5489 1833 5562 ,ἶ

176 5556 228 5612 sub
243 5559 362 5614 ethnicis
376 5560 594 5632 imperatoribus
619 5561 699 5633 quasi
718 5562 890 5630 derelictam,
911 5568 976 5637 post
1015 5562 1151 5617 Tenditur
1160 5564 1218 5617 hac
1227 5563 1483 5618 latissimaeremus
1494 5562 1529 5617 ab
1543 5563 1624 5618 India
1638 5563 1823 5619 adMaurita-

174 5737 312 5870 iffi.
343 5738 549 5870 ’tlpmweydm
559 5757 611 5815 pro
620 5742 744 5812 dacem,
757 5757 820 5814 que
834 5746 878 5798 est
887 5741 972 5799 lectio
1046 5737 1145 5798 'Loco
1159 5741 1368 5813 meneviensi,
1381 5742 1456 5818 qaod
1468 5737 1820 5800 habetVallarsius.Eo1r.
