3818 6120
127 250 178 307 tlt
631 238 679 300 DE
697 242 792 300 Vl'l’lS
811 242 961 301 PATRUM
979 242 1086 302 LIBER
1105 242 1250 301 PRIMUS.
1716 243 1770 306 tlt

126 393 207 446 nam,
220 372 371 433 atterebat
383 366 529 427 universos
539 384 652 436 moeror,
669 375 698 424 et
712 370 824 425 infinita
838 368 927 425 animi
936 372 960 431 A
969 370 1043 441 quod
1066 371 1163 425 intima
1177 369 1286 426 solebat
1299 383 1427 424 exercere
1446 383 1567 440 persona
1579 369 1721 443 suscepit;
1741 372 1769 427 in

126 465 281 523 tribulatio.
298 464 399 534 Fitque
412 477 464 533 per
478 465 569 516 totam
583 459 755 532 provinciam
770 459 925 531 inquisitio,
968 459 1098 514 omnibus
1108 476 1211 531 aquam
1220 465 1343 531 portare,
1355 459 1434 529 ligna
1447 458 1605 527 concidere,
1617 459 1770 516 munditias

125 557 335 626 interrogantur
355 551 508 623 aruspices,
528 549 709 620 inquirantur
719 549 849 620 pithones
862 567 868 615 ;
885 564 928 603 sa·
967 546 1109 604 adhibere.
1121 551 1193 604 Ineo
1203 548 1325 619 denique
1341 548 1401 602 loco
1412 546 1665 603 habitaculumsibi
1676 549 1768 621 elegit,

127 643 239 700 criticiis
263 657 375 713 quoque
398 646 426 695 et
452 637 597 694 sceleratis
611 637 858 709 superstitionibus
875 637 929 693 da»
969 636 1017 692 ubi
1031 638 1162 693 ostiarius
1177 637 1340 693 monasterii
1352 636 1501 705 manebat,
1511 654 1547 693 ne
1556 639 1602 693 rel
1612 638 1676 711 ipso
1689 656 1771 694 sesu-

129 733 225 790 monia
239 731 458 801 interrogantur,
476 732 508 782 ut
522 744 576 799 quo
586 728 709 782 venisset
722 727 848 798 Eugenia
859 726 930 781 indi·
969 728 1109 799 perierem
1120 728 1289 783 ostenderet.
1303 729 1386 790 Sane,
1399 726 1580 783 resectionem
1592 727 1715 784 fratrum
1721 729 1775 786 sol.

128 828 235 879 carent.
253 822 312 876 Hoc
334 820 424 875 solum
439 834 537 872 omnes
561 816 701 882 dicebant,
717 816 791 887 quod
806 833 869 870 cam
890 816 928 871 dii
969 816 1046 870 licite
1056 816 1180 877 curabat,
1191 822 1220 870 et
1228 815 1374 888 psallendo
1382 817 1440 870 Deo
1450 816 1580 870 ordinem
1591 816 1704 873 fortiter
1715 834 1770 873 cus

127 909 418 982 decoelorapuisseat.
435 906 563 962 Credidit
576 906 783 976 fuctumpater3
796 906 931 960 ctlletum
971 905 1112 971 todiebat;
1134 911 1164 961 et
1190 905 1289 970 tertiae,
1306 911 1400 969 sextae,
1426 921 1515 967 nona,
1542 905 1714 977 vespertinis
1731 907 1770 962 rel

129 1002 165 1058 ad
179 1000 401 1056 consolationem
415 1013 558 1055 revocans.
574 996 624 1049 dat
647 996 719 1049 testa
738 993 890 1067 responsis,
902 999 931 1050 et
971 995 1117 1050 nocturnis
1132 999 1217 1067 atque
1232 995 1379 1050 matutinis
1392 994 1469 1049 horis
1480 999 1539 1049 tam
1554 994 1722 1050 cautissime
1731 996 1770 1050 iu·

129 1092 248 1148 deorum
262 1104 380 1145 numero
389 1102 565 1151 consecrans,
578 1102 611 1139 ex
625 1100 694 1139 auro
709 1100 780 1156 puro
794 1082 931 1154 ejusfecit
972 1083 1097 1147 sistebat,
1115 1089 1147 1139 ut
1160 1083 1304 1138 videretur
1314 1086 1374 1154 jam
1396 1084 1502 1156 perisse
1518 1084 1587 1151 Deo,
1603 1085 1627 1139 si
1638 1086 1768 1141 horarum

128 1181 189 1236 sieri
202 1178 400 1235 simulacrum:
415 1175 488 1247 quod
498 1174 538 1230 ita
553 1175 637 1246 coepit
652 1173 750 1240 excoli,
764 1177 795 1227 ut
809 1187 866 1227 non
878 1171 930 1225 mi·
971 1173 1014 1227 rel
1034 1172 1180 1244 quidpiam
1194 1173 1278 1243 spatii
1299 1171 1403 1244 absque
1417 1172 1518 1228 divinis
1532 1172 1667 1230 laudibus
1681 1173 1770 1244 aliqua

127 1287 226 1327 norem
239 1270 376 1323 bonorem
391 1282 474 1339 quam
498 1265 552 1320 diis
566 1263 624 1318 suis
648 1261 822 1318 exhiberent.
839 1261 930 1315 Mater
970 1262 1342 1335 preteriisset.1tadenique
1356 1262 1385 1317 in
1399 1261 1549 1333 bocopere
1565 1279 1628 1318 esse
1642 1262 1770 1318 Deocba·

130 1364 226 1415 tamen
242 1358 304 1430 ejus
318 1355 444 1420 Claudia,
463 1359 491 1409 et
505 1354 606 1408 iratres
628 1352 727 1407 Avitus
752 1356 781 1406 et
803 1351 927 1421 Sergius,
970 1352 1028 1406 rior
1047 1351 1139 1423 coepit,
1158 1357 1190 1407 ut
1205 1351 1346 1407 demones
1358 1367 1392 1406 ex
1405 1351 1525 1406 obsessis
1537 1351 1707 1424 corporibus
1716 1353 1769 1425 pel·

130 1449 208 1506 nulla
227 1452 358 1521 poterant
372 1445 480 1499 ratione
495 1442 715 1499 consolationem
728 1441 864 1512 accipere,
880 1438 929 1493 sed
971 1442 1052 1505 leret,
1068 1446 1097 1495 et
1114 1456 1252 1496 cecorum
1261 1440 1357 1495 oculos
1377 1440 1508 1513 aperiret.
1532 1440 1589 1496 Sed
1604 1441 1675 1513 quia
1688 1442 1769 1497 multa

131 1542 213 1593 orant
226 1533 442 1592 intolerabiliter
454 1533 583 1603 lugentes
597 1548 670 1586 eam.
972 1530 1135 1601 singulatim
1156 1546 1272 1584 narrare
1287 1530 1403 1584 intendo
1421 1546 1473 1603 per
1484 1530 1623 1597 ordinem,
1637 1538 1768 1603 quantum

168 1628 235 1681 Cas.
252 1624 299 1680 lli.
312 1624 445 1678 -Beata
459 1627 554 1675 autem
569 1619 695 1691 Eugenia
708 1618 781 1673 virili
791 1617 889 1673 habitu
904 1621 933 1671 et
973 1619 1112 1691 permittit
1124 1618 1253 1684 brevitas,
1271 1619 1445 1674 accedamus.

131 1715 236 1781 animo,
249 1714 277 1769 in
285 1712 417 1786 praedicto
423 1711 546 1765 virorum
555 1707 727 1767 monasterio
734 1706 931 1780 permanebat:
939 1735 964 1795 Β
1010 1709 1079 1764 Cara
1090 1710 1139 1763 lil.
1153 1737 1181 1749 -
1194 1709 1323 1764 Matrona
1335 1709 1463 1779 quadam
1478 1709 1681 1775 Alexandrina,
1695 1716 1769 1765 cate·

130 1809 216 1877 atque
231 1803 272 1858 lta
284 1801 315 1857 in
329 1800 431 1855 divinis
444 1797 650 1855 eruditionibus
668 1796 796 1870 proiecit,
811 1803 845 1850 ut
858 1796 933 1850 intra
974 1798 1013 1852 ris
1040 1798 1177 1853 matronis
1200 1798 1387 1869 praestantior,
1411 1798 1525 1854 nomine
1550 1798 1714 1864 ltelantbia,
1728 1815 1770 1855 uu

131 1894 287 1949 secundum
302 1906 408 1945 annum
424 1905 522 1944 omnes
541 1887 695 1959 scripturas
703 1885 862 1940 Dominicas
877 1901 933 1939 me·
974 1887 1053 1941 diens
1067 1887 1227 1959 opinionem
1242 1888 1313 1958 eius,
1331 1888 1408 1941 venit
1422 1888 1457 1943 ad
1467 1904 1539 1955 eam,
1556 1888 1625 1960 quia
1638 1893 1771 1961 quartam

131 1982 223 2038 moria
232 1980 377 2035 retineret.
387 1977 513 2048 Tantajin
524 1982 625 2031 eaerat
634 1975 722 2030 animi
732 1972 931 2045 tranquillitas,
973 1976 1137 2047 grauissime
1150 1981 1179 2031 et
1191 1976 1250 2047 jam
1271 1993 1323 2047 per
1341 1993 1448 2032 annum
1462 1983 1491 2033 et
1505 1994 1538 2033 eo
1553 1979 1681 2052 amplius
1696 1995 1771 2033 rexa-

132 2077 165 2126 ut
181 2087 267 2127 unam
279 2069 358 2124 illam
371 2084 468 2123 omnes
481 2067 607 2122 dicerent
626 2083 658 2120 ea
674 2081 791 2120 numero
806 2080 866 2118 esse
881 2079 933 2117 an·
974 2065 1066 2121 batur.
1081 2066 1172 2130 Quam
1187 2082 1252 2121 cum
1267 2064 1351 2121 beata
1364 2066 1489 2138 Eugenia
1503 2068 1566 2123 oleo
1586 2068 1771 2140 perunxisset,

131 2151 933 2234 gaiorquuisenimdeprehcndcretquodessetfemi·
975 2171 1088 2210 omnem
1108 2155 1242 2210 continuo
1255 2159 1350 2222 844
1368 2155 1531 2211 violentiam
1544 2157 1619 2212 fellis
1643 2155 1771 2213 evomuit.

132 2267 179 2317 na,
189 2248 369 2322 quampirtus
380 2245 483 2302 Christi
492 2253 520 2300 et
526 2244 671 2316 virginitas
681 2243 864 2298 immaculata
872 2258 935 2314 pro·
975 2244 1010 2298 Et
1019 2243 1168 2298 sanissima
1182 2243 1301 2309 reddita,
1311 2242 1429 2314 pedibus
1443 2244 1478 2300 ad
1492 2261 1576 2300 suum
1591 2246 1771 2301 diversorium

131 2338 255 2411 tegebat,
267 2343 300 2393 ut
310 2335 447 2392 mirabilis
455 2340 529 2389 esset
539 2339 569 2389 et
581 2333 667 2387 siris?
678 2334 775 2388 Sermo
787 2333 863 2387 enim
873 2332 934 2402 ejus
975 2334 1143 2405 properarit,
1162 2332 1235 2404 quod
1253 2333 1282 2386 in
1306 2333 1396 2387 vicino
1420 2335 1584 2391 monasterii
1602 2334 1771 2407 possidebat.

130 2434 198 2487 ¹erat
212 2427 328 2482 humilis
336 2426 366 2480 in
376 2424 522 2490 charitate,
531 2424 622 2477 clarus
637 2423 666 2476 in
684 2419 886 2485 mediocritate,
896 2420 935 2474 ri·
976 2422 1096 2476 Ordinat
1108 2423 1215 2477 interea
1229 2438 1357 2488 munera,
1368 2423 1487 2495 scyphos
1497 2430 1650 2495 argenteos
1660 2430 1719 2479 tres
1726 2424 1773 2480 im·

135 2519 183 2574 tiis
195 2511 728 2583 careas,etlacundiamfugiens,omnes
737 2511 765 2564 in
776 2509 935 2564 humilitate
977 2511 1035 2582 plot
1047 2510 1153 2577 solidis,
1169 2511 1262 2566 ethos
1276 2512 1429 2566 sanationis
1449 2530 1507 2568 suae
1527 2512 1625 2585 grath
1635 2513 1726 2569 mittit
1740 2513 1773 2569 ad

135 2605 295 2680 superabat.
305 2604 406 2659 Nullus
417 2603 466 2656 illa
473 2601 509 2656 ad
516 2601 672 2656 orationem
682 2598 876 2654 inveniebatur
884 2613 935 2653 an·
976 2598 1088 2654 beatam
1100 2599 1265 2671 Eugenium.
1278 2601 1330 2656 Cui
1338 2606 1485 2671 gratanter
1498 2603 1651 2658 remittens
1659 2602 1774 2674 quaemi-

133 2695 230 2760 terior,
247 2692 421 2748 efficiebatur
441 2695 536 2746 autem
550 2688 680 2745 omnibus
696 2688 808 2743 omnia:
825 2687 936 2743 tristem
977 2690 1062 2751 serat,
1078 2685 1131 2740 ait:
1146 2684 1340 2752 Abundamus,
1362 2692 1391 2740 et
1406 2686 1673 2759 superabundamus
1687 2688 1774 2743 omni·

135 2782 341 2849 consolabatur,
353 2782 417 2837 laeto
427 2778 632 2851 congaudebat,
642 2777 809 2832 imscentem
816 2792 936 2831 unoser-
978 2774 1031 2829 bus
1045 2773 1135 2829 bonis.
1152 2774 1232 2829 Unde
1253 2779 1292 2842 te,
1307 2791 1410 2847 parens
1428 2776 1595 2833 charissima
1613 2776 1773 2833 Melanthia.

135 2890 218 2930 mone
230 2888 281 2928 suo
293 2869 457 2941 mitigabat;
473 2867 682 2941 superbientem
698 2866 737 2922 ita
751 2882 803 2922 suo
817 2865 936 2921 aedilica·
975 2869 1008 2918 ut
1021 2862 1076 2917 ista
1085 2862 1232 2934 egentibus
1246 2864 1338 2933 magis
1351 2880 1384 2919 ac
1398 2867 1595 2923 necessitatem
1604 2865 1775 2938 patientibus

134 2963 184 3020 bat
193 2961 328 3034 exemplo,
340 2965 373 3016 ut
382 2975 461 3014 ovem
471 2958 564 3013 subito
574 2974 590 3013 e
600 2957 666 3030 lupo
676 2957 778 3012 sectam
786 2955 935 3011 accredere
975 2950 1092 3018 dividas,
1111 2952 1208 3008 hortor
1221 2957 1250 3007 et
1263 2969 1373 3010 moneo.

135 3051 332 3107 delectaretur.
343 3049 557 3106 TantamaDeo
568 3046 723 3118 etgratiam
732 3049 891 3112 consecuta,
903 3049 967 3115 utp,
1012 3042 1078 3097 car.
1093 3041 1191 3097 xlt-
1206 3042 1331 3098 Audiens
1347 3043 1505 3111 Melanthia,
1521 3045 1695 3103 contristata
1720 3050 1773 3112 est:

137 3156 344 3215 quemcumque
354 3140 383 3195 in
392 3138 487 3194 dolore
493 3137 616 3209 positum
623 3135 771 3199 visitasset,
784 3133 936 3190 omnissta·
976 3134 1005 3184 el
1018 3130 1142 3197 veniens,
1155 3131 1240 3204 coepit
1249 3149 1349 3203 rogare
1359 3138 1388 3187 et
1398 3133 1536 3205 ampliom
1548 3136 1775 3207 promitterellit

133 3232 185 3286 tim
201 3231 283 3286 dolor
292 3230 445 3293 recederet,
464 3232 493 3282 et
507 3225 597 3281 omnis
608 3225 760 3281 salubritas
779 3222 934 3279 adveniret.
976 3219 1089 3274 assidua
1106 3219 1178 3275 circa
1193 3221 1305 3276 beatem
1315 3222 1485 3292 ,Eugeniarm
1501 3229 1531 3279 ot
1544 3224 1575 3280 in
1589 3224 1774 3297 nullodeprc·

133 3321 357 3377 Comitesautem
367 3319 428 3389 ejus
438 3316 613 3389 Hyacinthus
619 3320 648 3370 et
654 3315 755 3369 Protus
765 3310 936 3368 comitaban·
976 3307 1101 3364 bundans
1115 3309 1190 3380 quod
1204 3315 1279 3365 esset
1290 3310 1404 3379 semina,
1422 3311 1563 3382 elegantia
1576 3313 1721 3387 decipitur
1729 3316 1774 3386 ju-

131 3416 182 3467 tur
191 3427 263 3476 aem,
279 3415 308 3465 et
321 3411 403 3463 erant
416 3406 446 3460 in
460 3404 591 3461 omnibus
605 3402 832 3474 obtemperantes
845 3400 880 3456 ei.
975 3399 1107 3452 vertutis.
1124 3397 1229 3453 Videas
1239 3415 1312 3466 eam,
1326 3401 1457 3471 juvenem
1471 3418 1522 3473 per
1535 3402 1686 3459 rerimtem
1700 3407 1775 3476 putu-

169 3500 236 3555 Cas.
258 3497 293 3553 X.
309 3523 342 3536 -
361 3495 456 3550 Tertio
469 3493 557 3564 igitur
570 3508 645 3548 anno
657 3489 848 3546 conversionis
862 3489 932 3559 eius,
975 3485 1025 3541 bat
1037 3503 1098 3541 esse
1110 3491 1273 3554 terrenum;
1294 3506 1324 3544 se
1345 3495 1440 3545 numm
1457 3507 1514 3547 non
1533 3494 1687 3549 sanctitate
1705 3493 1771 3564 ejus,

133 3587 220 3644 abbas
234 3586 282 3659 qui
292 3590 413 3658 praeerat
429 3581 563 3638 fratribus
572 3581 603 3636 in
611 3580 792 3642 monasterio,
802 3577 934 3649 migravit
974 3576 1024 3631 sed
1037 3576 1132 3648 aliqua
1145 3583 1206 3632 arte
1220 3577 1382 3634 existimans
1397 3580 1483 3635 luisse
1503 3581 1654 3651 salvatam,
1670 3582 1699 3638 in
1713 3598 1773 3638 oon·

134 3677 171 3732 ad
182 3676 345 3732 Dominum.
355 3674 423 3728 Post
431 3673 511 3742 cujus
528 3670 689 3726 abscessum
700 3667 829 3723 omnibus
842 3667 932 3722 risum
974 3664 1145 3734 cupiscentia
1160 3667 1221 3737 oJ‘us
1235 3666 1356 3723 elabitur
1367 3674 1524 3741 ;etputaus
1538 3670 1773 3743 ampliorispscu

134 3770 216 3820 estut
222 3763 276 3819 sibi
283 3763 394 3818 beatam
405 3760 558 3830 Eugenium
568 3759 705 3830 eligerent
714 3756 935 3812 abbatamTunc
974 3753 1029 3808 nia
1043 3754 1226 3825 cupidiorem,
1243 3757 1327 3827 coepit
1343 3757 1455 3813 inlinita
1468 3759 1578 3827 offerre,
1594 3766 1626 3815 et
1639 3760 1775 3832 ampliora

135 3853 219 3908 beata
229 3851 355 3921 Eugenia
365 3855 494 3905 metuens
505 3865 536 3903 se
550 3848 684 3903 seminam
695 3851 793 3902 contm
808 3845 935 3917 regulam
976 3843 1151 3916 promittere.
1167 3845 1294 3916 Cumque
1315 3848 1416 3919 saepius
1435 3849 1534 3905 eadem
1547 3856 1724 3921 precaretur,
1748 3856 1777 3903 et

136 3942 202 3996 viris
211 3939 350 4013 praeponi3
362 3939 430 3993 item
436 3937 581 3992 timensne
595 3952 693 3993 omnes
704 3935 874 3992 unanimiter
888 3935 936 3989 do·
975 3938 1056 4002 grato
1070 3933 1165 3988 animo
1180 3932 1274 3989 oblata
1288 3936 1342 3991 sibi
1356 3937 1391 3992 ab
1404 3938 1531 4009 Eugenia
1545 3944 1677 3994 cerneret
1688 3937 1773 4004 reddi,

136 4033 283 4103 precantes
310 4032 464 4100 sperneret,
481 4025 522 4081 ait
544 4026 579 4081 ad
600 4042 648 4081 eos
665 4044 671 4078 :
689 4024 810 4081 Obsecro
832 4040 881 4080 uos
903 4030 936 4078 ut
976 4021 1099 4077 declinat
1112 4021 1294 4095 admajorem
1308 4026 1465 4093 interitum,
1481 4028 1682 4098 aegritudinem
1695 4029 1776 4083 simu·

135 4120 318 4192 Evangelium
326 4117 494 4189 inpraesenti
502 4115 666 4171 adlubentia.
678 4115 757 4180 Quod
767 4113 936 4169 cumfuisset
977 4110 1048 4165 lans.
1062 4111 1152 4176 Quam
1162 4129 1227 4168 cum
1241 4113 1323 4170 beata
1339 4115 1465 4188 Eugenio
1473 4124 1572 4188 rogatu
1586 4117 1775 4185 visitaretur·

136 4203 936 4277 allatumdixit:QuotiescumqueChristianisaliquideli·
976 4200 1053 4254 denti
1063 4202 1241 4258 antelectum
1251 4220 1334 4259 suum
1349 4211 1452 4261 sanctae
1462 4206 1596 4276 Eugenie
1612 4207 1683 4262 talia
1695 4205 1773 4280 copti

135 4301 260 4373 gendum
274 4303 328 4363 est,
344 4297 473 4352 Christus
487 4301 605 4350 estante
615 4295 710 4349 omnia
724 4293 934 4349 aiiscultandus.
977 4289 1131 4361 producere
1145 4310 1151 4344 ε
1167 4292 1350 4349 intolerabilis
1361 4295 1470 4350 circata
1481 4311 1561 4350 amor
1570 4301 1672 4369 pectus
1686 4310 1772 4351 mean

136 4390 288 4446 Videamus
299 4403 366 4458 ergo
375 4386 405 4441 in
415 4386 467 4440 bac
476 4384 611 4440 electione
622 4389 713 4439 vestra
724 4383 790 4455 quid
801 4383 860 4454 ipsc
869 4375 970 4454 prael)
980 4379 1111 4449 exagitat,
1124 4397 1176 4436 nec
1185 4382 1274 4437 ullum
1286 4384 1441 4439 remedium
1456 4384 1616 4455 latigationi
1627 4402 1698 4442 mem
1704 4401 1772 4458 repe

136 4479 231 4552 cipiat‚
245 4484 278 4533 ut
291 4483 319 4532 et
334 4475 432 4530 restris
440 4475 537 4544 jussis,
549 4481 578 4529 et
588 4473 675 4545 ipsius
687 4473 801 4528 monitis
811 4472 937 4527 intenda-
978 4467 1033 4522 rire
1047 4469 1135 4540 potui,
1147 4470 1201 4525 nisi
1212 4480 1244 4526 ut
1253 4478 1281 4527 te
1300 4473 1427 4528 omnium
1440 4489 1535 4528 rerum
1548 4489 1680 4531 mearum
1694 4473 1772 4531 domi·

135 4585 209 4624 mus.
220 4569 255 4623 Et
264 4566 408 4622 revolvens
417 4563 557 4628 Codicem,
568 4562 645 4617 venit
653 4561 689 4616 od
700 4563 802 4623 locum,
814 4567 844 4615 et
854 4561 938 4630 coepit
977 4572 1044 4611 num
1056 4558 1213 4615 instituam.
1221 4562 1293 4626 Quid
1301 4563 1423 4634 teipsum
1430 4563 1508 4617 ranis
1518 4568 1548 4618 et
1555 4562 1772 4620 inertibusabsti

137 4658 240 4729 legere,
260 4656 373 4711 dicens:
396 4652 472 4708 Dixit
490 4652 571 4707 lesus
584 4651 729 4723 discipulis
755 4651 814 4705 suis
831 4670 837 4704 :
855 4651 937 4705 Scitis
978 4646 1082 4701 nentiis
1092 4649 1219 4703 crucias?
1233 4651 1302 4705 Ecce
1316 4652 1520 4723 possessionem
1534 4653 1719 4725 locupletatio
1735 4652 1771 4708 in·

139 4750 205 4819 quia
214 4746 354 4821 principes
364 4743 492 4816 gentium
501 4742 624 4812 majores
639 4744 706 4794 sunt
717 4740 760 4794 bis
775 4740 876 4811 quibus
887 4740 938 4795 do·
979 4734 1069 4805 finita,
1087 4743 1115 4790 et
1133 4754 1196 4792 ecce
1215 4739 1278 4795 auri
1296 4740 1406 4811 pondus
1427 4742 1612 4808 immensum,
1629 4740 1772 4815 stargard

137 4836 292 4904 minantur,
301 4840 331 4890 et
346 4832 534 4907 principatum
543 4836 753 4903 eorumgsrunt
764 4827 935 4900 (lucillam).
979 4823 1168 4882 ministerium
1182 4828 1338 4899 copiosum,
1352 4835 1382 4884 et
1394 4830 1507 4885 familiae
1524 4831 1658 4888 inlinitur
1672 4839 1772 4889 estou-

136 4925 219 4996 Apud
238 4941 288 4980 ros
310 4928 405 4979 autem
421 4938 478 4977 non
492 4925 535 4976 cst
548 4920 604 4987 sic;
630 4918 679 4975 scd
693 4919 717 4974 si
733 4918 795 4991 quis
809 4919 838 4973 in
860 4917 937 4974 vobis
979 4927 1074 4967 merus
1093 4915 1239 4987 :dignitas
1257 4919 1454 4989 generositatis
1472 4926 1515 4975 est
1529 4919 1621 4987 mibi3
1636 4922 1692 4978 boc
1709 4934 1772 4977 aaut

140 5013 198 5069 vult
211 5013 320 5086 primus
328 5029 400 5079 esse,
412 5011 449 5067 sit
463 5015 555 5066 vester
563 5008 680 5064 ultimus
694 5015 740 5074 ;ct
752 5006 849 5080 siquis
863 5006 938 5062 inter
978 5000 1083 5075 absque
1093 5004 1159 5059 liliis
1169 5005 1283 5062 viduata
1292 5025 1366 5076 sum,
1377 5009 1494 5064 succede
1508 5025 1559 5082 pro
1570 5011 1614 5067 eis
1624 5011 1655 5067 in
1664 5011 1772 5068 facab*

138 5119 186 5158 ros
200 5101 319 5158 voluerit
331 5118 394 5157 esse
414 5100 554 5167 dominus,
569 5098 606 5155 sit
627 5102 719 5154 vester
737 5113 836 5153 servus
852 5098 937 5167 (Luca
977 5089 1053 5146 tibus
1068 5093 1358 5160 meanwarorum
1371 5115 1466 5154 rerum
1480 5115 1623 5169 mearum,
1636 5101 1689 5157 sed
1703 5114 1773 5158 meus

138 5194 228 5261 xrru).
240 5188 428 5256 Etbisdictis,
445 5188 564 5260 adiecit:
582 5187 660 5253 Ecca,
677 5187 778 5259 inquit,
795 5191 825 5241 et
837 5185 937 5242 restris
978 5182 1251 5252 estojamdominus.
1266 5187 1459 5259 Cumquebarc
1469 5193 1497 5244 et
1507 5187 1552 5244 bis
1562 5189 1774 5264 similialoqus·

135 5280 222 5353 jussis
235 5279 442 5350 obtemperans,
457 5275 567 5333 decrevi
581 5277 735 5349 primatum
744 5275 896 5348 suscipere,
909 5280 938 5331 et
978 5275 1065 5334 retur,
1077 5271 1190 5329 dixitad
1205 5292 1267 5330 eam
1282 5276 1423 5348 Eugenia:
1435 5277 1520 5332 Recte
1535 5294 1642 5335 nomen
1653 5279 1776 5337 tuumai·

138 5370 252 5427 Domini
273 5365 448 5439 J‘ussionibus
471 5365 595 5431 obedire,
612 5366 744 5422 ultimum
770 5383 815 5421 me
839 5371 937 5422 restrae
977 5360 1103 5427 gredinis
1111 5368 1232 5419 testatur
1240 5366 1397 5438 perlldiam;
1408 5381 1544 5438 magnum
1554 5367 1776 5425 enimtediabolo

137 5458 271 5516 charitati
277 5453 939 5513 constituo.Exbilaraturomniumcausaincon-
979 5447 1171 5509 habitaculum
1185 5456 1371 5527 preparasti:
1389 5455 1501 5511 discede
1515 5472 1533 5511 a
1545 5458 1638 5513 serris
1651 5458 1716 5523 Dei,
1739 5457 1778 5514 dc·

137 5566 223 5610 sensu
236 5549 298 5621 ejus
311 5567 317 5602 :
330 5547 392 5619 ipsa
402 5547 497 5600 tamen
507 5549 572 5600 ante
587 5561 685 5601 omnes
696 5562 766 5618 opus
776 5544 938 5602 monasterii
979 5544 1086 5614 ceptris
1097 5543 1461 5614 etillecebrosallelanthia3
1477 5562 1529 5602 nos
1543 5546 1622 5603 enim
1634 5548 1723 5604 aliter
1735 5548 1781 5605 mi·
