3818 6120
148 258 200 335 iar
322 310 325 314 .
684 263 770 332 virt
789 265 918 332 sanun
936 237 1090 333 uuonan
1110 263 1262 335 sonim.
1733 292 1785 354 aas

149 400 214 457 simi
230 404 280 456 aut
293 398 374 467 nivis,
395 403 477 473 quasi
491 402 521 456 in
539 418 606 456 aera
625 401 759 468 volantes,
781 404 873 455 tot'um
896 399 946 453 viri
956 399 1146 470 Aexspectate
1161 401 1307 472 paululum
1320 422 1325 469 ;
1339 402 1429 461 habeo
1443 409 1518 464 enim
1532 411 1626 467 leones
1641 414 1719 481 duos,
1737 419 1784 489 qui

149 504 251 563 corpus
266 495 447 563 operuerunt.
463 491 527 562 Ipse
542 498 636 546 autern
648 508 720 556 mox,
734 497 766 546 ut
779 507 852 544 noso
867 490 947 559 longe
989 504 1039 560 per
1054 490 1127 544 diem
1152 491 1226 544 foras
1240 493 1494 567 ambulantes(lssl,
1508 518 1571 555 sero
1585 503 1677 559 adme
1692 524 1784 561 rever-

144 580 281 652 i'espenit,
293 581 476 650 semetipsum
486 581 515 635 in
530 580 903 652 terramprojecitprotinus,
916 594 948 630 ao
988 583 1097 644 tuntar,
1110 596 1144 633 ne
1154 580 1221 650 ipsis
1232 581 1324 636 subito
1340 585 1524 650 venientibus,
1543 593 1609 646 mali
1618 594 1724 664 aliquid
1734 614 1784 669 pa-

147 672 264 722 narsum
280 667 390 721 clevans
405 683 445 733 se,
457 667 493 721 ad
502 669 725 722 nositaclamare
734 667 818 738 coepit
834 684 839 718 ε
857 666 885 720 Si
900 682 948 717 vos
988 667 1098 721 tiamini
1110 669 1145 721 ab
1159 670 1209 723 eis.
1233 670 1318 724 Nobis
1342 689 1408 742 ergo
1433 693 1495 730 cum
1511 696 1612 748 pavore
1639 684 1784 754 paululum

147 771 182 811 ex
197 755 257 811 Deo
273 757 349 820 estis,
362 764 464 811 sancta
478 758 567 810 crucis
574 757 718 825 signaculo
729 756 837 809 munite
846 772 903 819 ros,
913 753 947 807 ad
989 756 1162 821 exeuntibus,
1187 759 1281 812 leones
1296 760 1432 830 rugiendo
1449 769 1585 839 extemplo
1600 770 1782 840 advenerunt,

145 846 194 898 ‘me
208 861 297 915 usque
311 850 495 917 properantes
504 865 510 913 3
520 846 562 899 sin
572 850 665 899 autem
678 862 710 899 en
724 845 845 905 diabolo,
860 843 946 912 tugite
988 850 1017 897 et
1034 844 1127 915 ipsum
1136 853 1263 900 sanctum
1272 849 1321 902 Dei
1332 851 1527 909 adoraverunt.
1540 858 1601 927 lpse
1611 876 1673 914 vcro
1685 879 1784 917 manus

146 948 243 988 amco
253 933 303 988 Dei
319 950 407 989 servo.
420 935 486 990 llaee
497 952 529 989 eo
539 934 658 999 dicente,
671 936 721 988 tali
737 951 802 988 voce
815 934 946 987 allatisu-
987 949 1263 1005 supercosponens
1282 940 1579 1010 accolludemulcens,
1597 948 1698 1003 aitillis
1715 968 1720 1002 :
1738 952 1783 1005 Fi·
1810 938 1814 944 ’

146 1028 227 1076 mus:
252 1011 374 1077 Benedic
389 1023 479 1085 nobis,
502 1024 586 1078 Pater
598 1030 703 1090 sancte,
717 1029 745 1077 et
759 1021 944 1087 noliturbari,
988 1020 1045 1075 lioli
1060 1023 1125 1088 mei,
1140 1022 1318 1080 bonifratres
1349 1032 1407 1081 tres
1421 1031 1455 1083 do
1470 1033 1570 1086 saeculo
1597 1040 1783 1093 veneruntad

148 1112 378 1182 'quoniametnos
389 1113 460 1167 servi
474 1130 572 1167 sumus
586 1114 651 1167 lesu
662 1113 775 1174 Christi,
791 1111 902 1166 Domini
918 1116 947 1164 et
987 1110 1267 1175 noanefaciatisillis
1286 1114 1401 1172 malum.
1419 1119 1558 1176 Continuo
1578 1140 1628 1177 nos
1638 1126 1782 1192 advocans

147 1195 304 1256 Salvatoris
331 1203 430 1256 nostri.
447 1201 680 1256 Renuntiavimus
691 1202 830 1271 siquidem
845 1201 945 1255 saeculo
987 1197 1079 1253 dixit:
1107 1199 1229 1267 Fratres,
1241 1204 1344 1267 venite,
1371 1213 1399 1259 et
1419 1209 1478 1276 jam
1498 1209 1598 1264 timere
1613 1214 1707 1268 nolite.
1726 1217 1783 1271 Nos

148 1288 215 1344 huic
228 1290 433 1362 rano,tacthue
442 1307 540 1346 sumus
548 1291 687 1345 monachi.
699 1290 778 1345 Talia
787 1295 819 1344 ut
828 1290 943 1353 audivit,
986 1302 1050 1341 vero
1065 1305 1234 1360 eumpavore
1244 1291 1330 1346 nimio
1349 1293 1781 1370 intrantes,salutavimusillum,

146 1375 222 1433 illico
235 1379 272 1433 ad
286 1396 336 1434 nos
350 1380 441 1446 renit3
467 1387 495 1434 et
516 1396 617 1434 manus
632 1392 697 1434 suas
712 1379 747 1433 ad
771 1380 870 1433 coelum
887 1379 944 1431 ele·
986 1381 1015 1428 et
1025 1378 1184 1447 vespertina
1205 1381 1302 1451 synaxi
1320 1381 1469 1448 celebrata,
1486 1387 1649 1455 resedimus,
1667 1391 1783 1461 glandes

148 1480 226 1533 rans,
246 1467 352 1522 diutius
377 1469 467 1522 oravit
483 1486 489 1534 3
511 1472 539 1522 et
559 1483 676 1539 surgens
699 1468 733 1521 ab
749 1469 884 1531 oratione,
901 1485 945 1521 ca·
985 1479 1017 1518 ac
1031 1464 1182 1521 herbarum
1198 1469 1305 1523 radices
1319 1488 1369 1541 pro
1389 1472 1449 1526 cibo
1464 1483 1618 1542 sumentes,
1635 1484 1663 1531 et
1680 1497 1782 1551 aquam

148 1555 230 1626 pillos
242 1555 278 1610 ab
293 1573 341 1611 ore
355 1562 383 1612 et
395 1558 465 1611 facie
481 1558 657 1621 sustollens,
672 1557 814 1611 benedixit
827 1572 887 1613 nos.
912 1573 943 1610 ao
985 1551 1112 1608 bibentes
1122 1573 1184 1609 curn
1199 1559 1320 1613 silentio.
1333 1558 1414 1614 illane
1430 1568 1525 1617 autern
1536 1565 1617 1631 facto,
1635 1567 1719 1623 locuti
1733 1588 1781 1625 su-

145 1643 256 1699 locutus
266 1645 406 1700 estnobis.
416 1646 580 1718 ipsiusvero
594 1646 686 1717 capilli
701 1645 838 1717 sapitisne
851 1641 1044 1699 barbaeBmus
1054 1645 1112 1699 viro
1125 1653 1231 1713 sancte,
1241 1648 1379 1703 dicentes:
1403 1652 1486 1706 Pater
1501 1660 1595 1709 sancte
1611 1663 1639 1710 ct
1654 1657 1775 1719 domine.

142 1721 297 1803 litterani
316 1735 426 1788 candidi
436 1741 468 1788 ut
483 1736 535 1799 lar,
555 1735 943 1805 faciesqueeJussicutrultus
984 1730 1162 1788 obsecramus
1181 1741 1258 1789 tuam
1274 1736 1527 1807 lreatituclineru,nt
1541 1747 1780 1802 conversationem

144 1821 250 1892 angeli.
268 1822 337 1878 Erat
345 1823 418 1877 enim
434 1824 622 1894 sicutliguum
635 1840 716 1877 secus
731 1839 868 1894 aquarum
893 1823 942 1876 de·
983 1825 1063 1874 tuam
1075 1822 1155 1876 nobis
1171 1830 1477 1896 enarres,etquomodo
1487 1829 1549 1897 huc,
1562 1839 1611 1887 aut
1621 1834 1779 1891 undeveni·

144 1924 243 1965 cursus
255 1912 414 1982 plantatum
426 1915 507 1976 (Psoi.
519 1907 546 1985 r),
573 1917 602 1965 et
614 1929 673 1982 pras
687 1918 830 1966 senectute
842 1912 939 1976 nimia,
983 1910 1029 1975 sti,
1046 1914 1074 1963 et
1088 1928 1143 1981 quo
1155 1912 1270 1967 nontine
1285 1916 1399 1983 voceris,
1416 1917 1517 1972 edicito
1533 1920 1621 1974 nobis

144 2000 216 2054 oculi
234 2001 298 2070 ejus
312 2016 368 2055 non
380 2001 588 2071 aperiebantur,
605 2018 637 2055 eo
648 2002 721 2071 quod
731 2002 879 2072 supersilia
894 2018 941 2054 eos
1019 2000 1083 2053 Car.
1095 1997 1233 2055 xv111.-
1247 2003 1406 2059 aitsanctus
1419 2006 1498 2061 nobis
1508 2009 1564 2062 talo
1579 2010 1657 2065 dedit
1667 2029 1780 2084 respon-

143 2089 360 2160 ooopenebant;
376 2091 490 2160 ungula*
506 2107 616 2161 quoque
627 2106 762 2144 manuum
773 2092 833 2160 ejus
848 2106 880 2143 ac
895 2107 941 2160 pe·
982 2103 1043 2141 sum
1060 2107 1065 2140 ε
1095 2090 1162 2160 Ego,
1185 2090 1285 2161 inquit,
1303 2094 1341 2146 mi
1363 2096 1549 2151 amantissimi
1559 2098 1660 2153 iratres
1675 2106 1703 2154 et
1717 2101 1777 2169 filii,

143 2175 312 2248 dumiongre
322 2179 416 2245 nimis,
432 2178 518 2233 barba
537 2185 637 2234 veroet
651 2179 753 2250 capilli,
765 2196 865 2251 corpus
880 2181 941 2249 ejus
981 2175 1119 2231 Macarius
1129 2195 1220 2245 vocor,
1238 2180 1266 2234 in
1283 2182 1370 2251 regali
1380 2183 1492 2238 civitate
1507 2192 1591 2241 natus
1601 2192 1630 2241 et
1644 2189 1776 2257 nutritus,

142 2266 940 2340 omnecircumdederunt:loquelailliusexilis‚etquasi
982 2264 1056 2319 lilius
1083 2266 1133 2320 viri
1158 2267 1287 2334 Romani,
1306 2271 1353 2340 qui
1378 2271 1575 2345 inclytusiuit,
1595 2277 1663 2330 etin
1692 2278 1778 2350 impe-

141 2351 172 2409 da
187 2354 385 2426 profunditate
395 2355 497 2409 emissa
508 2375 514 2422 ;
524 2356 685 2411 cutisiaciei
695 2357 756 2427 ejus
769 2357 849 2428 quasi
860 2356 940 2428 pellis
982 2353 1044 2408 n'ali
1063 2354 1186 2425 pollebat
1195 2357 1315 2412 civitate.
1328 2359 1397 2414 Cum
1406 2367 1501 2416 autem
1511 2364 1633 2434 pucriles
1643 2368 1776 2421 excessis-

139 2443 302 2498 testudinis,
980 2458 1037 2496 sem
1049 2460 1146 2512 annos
1160 2462 1204 2499 me
1218 2453 1353 2502 renuente
1367 2465 1398 2502 ac
1414 2451 1535 2515 uolente,
1548 2458 1629 2524 pater
1638 2472 1716 2510 meus
1727 2456 1776 2511 de-

171 2533 243 2588 Car.
255 2534 328 2588 XVI.
353 2564 385 2574 -
408 2533 485 2589 Tunc
506 2536 566 2606 ipse
593 2551 656 2589 curn
681 2534 811 2607 lacrpnnis
831 2535 867 2588 ad
888 2551 939 2588 uos
980 2533 1122 2602 sponsavit
1134 2533 1202 2588 milri
1213 2538 1337 2600 uxorem,
1354 2536 1483 2609 diemque
1494 2543 1773 2615 statuitnuptiarum.

136 2622 257 2676 ¹exorsus
272 2628 315 2676 est
329 2622 380 2676 ita:
391 2622 504 2678 Fratres
519 2623 743 2688 mihibenedicti,
760 2623 833 2676 unde
846 2623 912 2676 estis
926 2622 938 2675 t
979 2621 1090 2674 Interea
1097 2623 1374 2689 thalanroadornato,
1386 2644 1448 2681 cum
1454 2629 1677 2701 jamfrequentia
1682 2633 1776 2705 populi

133 2711 177 2766 'tel
193 2712 513 2766 undehucadrenistist
528 2713 612 2766 dicite
623 2712 703 2766 nobis
717 2713 838 2783 qualiter
848 2730 876 2766 sc
891 2713 938 2766 ha·
978 2708 1077 2764 fuisset
1092 2710 1218 2778 invitata,
1235 2719 1374 2784 etsponsa
1384 2716 1508 2778 sedente,
1521 2727 1601 2790 pater
1615 2721 1777 2776 mcushila-

132 2797 203 2854 δαὶ
217 2800 479 2870 genushumanum,
494 2801 683 2871 velquomodo
693 2800 938 2855 tidesChristiano
978 2796 1036 2850 rior
1049 2799 1173 2866 effectus,
1185 2808 1299 2856 cunctos
1310 2803 1441 2859 inritatos
1456 2807 1584 2861 hortatur
1599 2810 1633 2863 ad
1649 2811 1777 2881 volupta-

131 2900 213 2954 rum,
235 2894 265 2943 et
279 2889 302 2942 si
329 2890 476 2943 Sarraceni
491 2891 533 2943 vcl
549 2890 650 2944 ethnici
677 2890 811 2943 hactenus
832 2890 936 2944 Christi
978 2890 1035 2940 tem
1050 2888 1322 2947 conririi.0mnibus
1337 2899 1441 2959 antem,
1460 2895 1506 2966 qui
1517 2896 1644 2963 aderant,
1654 2899 1725 2968 jocis
1744 2917 1776 2953 ac

129 2978 243 3050 'populo
253 2979 477 3050 persecutionem
493 2978 799 3049 ingeruntNositaquo
811 2984 843 3032 ut
853 2979 938 3033 inter·
978 2976 1174 3031 saltationibus
1188 2979 1312 3043 intentis,
1324 2981 1508 3050 furtimexiri,
1520 2991 1548 3038 et
1560 2985 1673 3040 doraum
1686 2988 1775 3042 viduae

128 3067 233 3137 rogati
251 3083 357 3133 sumus,
373 3068 398 3121 ei
411 3085 461 3138 per
475 3067 600 3121 ordinem
619 3082 782 3138 responsum
798 3067 935 3135 dedimus,
947 3065 1125 3136 conjusdam
1141 3066 1287 3122 familiaris
1297 3069 1408 3132 intravi,
1421 3089 1452 3126 ac
1462 3079 1568 3143 septem
1582 3073 1640 3128 dics
1650 3092 1714 3129 cum
1726 3076 1776 3131 illa

128 3155 224 3211 timul
234 3155 358 3209 dicentes
369 3157 512 3226 angvtstias
524 3163 552 3210 et
562 3156 693 3228 pericula,
704 3172 936 3227 queeperomnem
978 3154 1348 3225 latitanspermansimo
1362 3159 1425 3229 Ipsa
1437 3167 1531 3215 autern
1547 3161 1645 3217 diebus
1657 3163 1775 3235 singulis

128 3244 214 3316 passi
229 3260 328 3298 sumus
341 3245 425 3308 viam,
442 3251 468 3300 et
492 3246 558 3316 quia
577 3247 704 3300 voluntas
719 3262 751 3298 ac
766 3244 936 3300 desiderium
977 3243 1091 3297 domum
1108 3244 1196 3314 patris
1211 3245 1266 3298 mci
1281 3246 1418 3315 ingressa,
1432 3249 1605 3320 audivitque
1615 3252 1721 3307 demea
1734 3253 1775 3308 in·

128 3338 214 3390 esset
227 3335 270 3388 ire
284 3333 332 3388 ubi
352 3335 452 3389 coelarn
478 3342 560 3390 terrae
584 3353 613 3389 se
633 3336 736 3406 jungit,
763 3335 934 3406 aperuimus.
978 3331 1128 3401 quisitionc
1143 3333 1343 3404 loquebantur;
1354 3342 1382 3390 et
1394 3337 1517 3400 veniens,
1534 3346 1634 3393 cuncta
1648 3340 1718 3394 mihi
1734 3360 1775 3396 re-

127 3410 200 3496 ipsa
215 3421 312 3478 antem
327 3425 360 3477 ad
379 3424 436 3478 haec
450 3424 680 3496 respondens,ait
692 3423 797 3478 :Filioli
809 3425 863 3478 mei
873 3424 936 3478 cha·
976 3420 1171 3490 plicansdixit.
1187 3422 1271 3476 Pater
1280 3428 1373 3477 autem
1386 3442 1537 3479 meuscum
1547 3428 1775 3499 nreundiquerc·

127 3513 255 3579 tissimi,
277 3513 372 3566 audite
384 3528 439 3566 me.
460 3513 502 3566 Ab
521 3512 574 3566 isto
588 3513 647 3566 loco
663 3514 738 3566 ultra
761 3512 796 3565 ad
813 3512 936 3584 paradisi
978 3510 1113 3580 quirendo
1141 3527 1197 3564 non
1221 3512 1367 3578 inveniret,
1384 3514 1660 3585 devitamarissime,
1683 3519 1775 3575 sedet

128 3600 198 3656 loca
208 3616 267 3655 non
282 3606 373 3671 potest
397 3602 438 3655 ire
453 3602 534 3655 homo
554 3618 637 3655 carne
647 3602 772 3655 restitus.
789 3601 845 3671 Ego
860 3601 935 3655 enim
978 3605 1076 3663 mater,
1091 3616 1123 3654 ac
1137 3600 1319 3655 totafamilia,
1333 3602 1435 3656 Octava
1446 3603 1544 3659 exinde
1555 3605 1609 3670 dic,
1620 3607 1710 3674 idest,
1723 3625 1774 3661 no·

126 3694 269 3762 peccator
283 3691 409 3760 exiguus,
421 3690 501 3743 valde
514 3690 602 3743 inhac
613 3690 696 3743 etiam
707 3690 849 3744 voluntate
862 3690 935 3744 labo-
977 3691 1021 3739 cte
1037 3686 1192 3750 Dominica,
1208 3688 1356 3742 mulierem
1372 3688 1448 3745 illam
1459 3691 1588 3755 salutavi,
1604 3698 1631 3747 et
1646 3706 1775 3764 egressus
1845 3727 1849 3735 ·

128 3777 207 3846 ruri,
221 3780 338 3851 cupiens
349 3780 422 3833 ultra
437 3780 632 3850 procederent
646 3781 729 3833 tinem
740 3785 821 3833 terrra
835 3796 866 3832 ac
880 3780 937 3850 poli
977 3773 1006 3827 iu
1025 3775 1165 3846 publicam
1188 3776 1271 3842 viam,
1287 3778 1378 3832 inveni
1396 3779 1487 3833 sirum
1508 3782 1658 3852 quemdam
1673 3785 1775 3839 canitie

127 3870 254 3923 ‘eernere
265 3868 423 3938 quivissem,
435 3867 482 3922 sed
495 3867 704 3939 noctequadam
714 3867 803 3921 astitit
822 3867 891 3920 mihi
906 3868 936 3921 in
977 3864 1173 3930 venerabilem,
1192 3867 1271 3936 quasi
1287 3860 1533 3923 adambulandum
1555 3878 1685 3942 paratum
1700 3877 1775 3927 stan-

129 3956 200 4012 assu
214 3957 327 4011 Domini
338 3958 465 4027 angelus,
473 3956 598 4027 dixitque
612 3957 648 4010 ad
663 3973 707 4010 me
718 3975 723 4008 ε
733 3957 774 4010 Ne
788 3957 935 4027 ultrapro·
976 3956 1043 4005 tem.
1060 3953 1149 4016 Quem
1165 3953 1295 4019 adorans,
1307 3954 1372 4008 dixi:
1384 3955 1444 4018 Quo
1450 3974 1566 4028 pergere
1575 3958 1671 4026 habea,
1682 3960 1776 4015 senior

129 4047 231 4112 bedas,
242 4060 332 4117 neque
346 4046 496 4102 Dominum
503 4050 613 4100 tentare
625 4051 788 4116 praesumas.
801 4044 852 4098 Cui
864 4061 933 4113 ego:
977 4041 1140 4096 sanctorm
1154 4042 1200 4095 ille
1210 4043 1294 4096 hilari
1304 4043 1383 4098 vultu
1399 4045 1434 4097 ad
1451 4062 1495 4098 me
1509 4062 1668 4113 conversus,
1680 4047 1751 4102 dixit
1766 4068 1771 4101 :

129 4135 230 4200 Quam
242 4133 277 4189 ob
290 4152 413 4201 causam,
423 4135 547 4204 inquam,
557 4135 596 4188 mi
605 4135 863 4197 Domine,inantea
873 4150 935 4204 per·
977 4130 1037 4193 Quo
1051 4135 1083 4184 tu
1093 4130 1133 4184 ire
1143 4130 1294 4196 desideras,
1309 4147 1361 4201 ego
1367 4137 1460 4187 tecum
1470 4133 1511 4187 ire
1522 4134 1647 4206 dispono,
1659 4152 1691 4189 eo
1700 4137 1774 4207 quod

132 4224 207 4296 'gere
222 4241 279 4278 non
292 4224 377 4278 licetl
390 4223 496 4277 htille:
514 4225 553 4277 De
564 4223 626 4288 isto,
645 4224 744 4293 inquit,
762 4224 821 4277 loco
836 4223 935 4292 viginti
976 4217 1079 4272 itinera
1104 4220 1166 4289 ipsa
1181 4221 1249 4273 mihi
1274 4221 1375 4290 oppido
1397 4226 1463 4274 sunt
1481 4223 1602 4291 cognita.
1618 4225 1697 4279 Tunc
1723 4242 1774 4295 ego

134 4312 440 4383 suntinilliariausque
450 4313 484 4367 ad
493 4312 664 4382 paradisum,
675 4311 722 4366 ubi
732 4312 820 4365 Adam
837 4315 866 4365 et
879 4312 936 4365 Eva
977 4307 1158 4372 confortatus,
1171 4308 1241 4378 coepi
1262 4308 1405 4361 hominem
1420 4309 1507 4380 sequi.
1530 4311 1584 4363 Por
1598 4311 1698 4364 domus
1709 4330 1773 4366 vero

134 4400 166 4456 in
180 4401 289 4456 deliciis
297 4407 387 4456 erant.
400 4401 497 4455 Posuit
506 4401 770 4470 deniqueDominus
785 4406 935 4455 antaeum·
944 4393 967 4450 D
977 4396 1075 4449 exinde
1085 4396 1223 4451 intrantes
1234 4396 1348 4461 vicinas,
1365 4414 1414 4467 per
1424 4397 1495 4451 viam
1504 4415 1605 4469 panem
1614 4401 1773 4470 rogavimus

137 4490 377 4561 donaparadisum
391 4489 533 4544 cherubim
543 4506 606 4543 curn
618 4489 701 4559 ignea
709 4490 865 4560 rhomphea
879 4490 936 4560 (18)
977 4484 1111 4556 accipere,
1128 4492 1157 4539 et
1174 4485 1342 4557 accepimus.
1363 4487 1418 4540 Per
1437 4487 1573 4558 plurimos
1595 4494 1690 4543 autem
1714 4490 1773 4544 dies

137 4584 224 4651 atque
235 4579 357 4643 volubili,
383 4580 417 4633 ad
432 4578 646 4633 custodiendum
656 4579 717 4631 vitto
732 4579 839 4648 lignum
856 4579 932 4644 (den.
976 4573 1161 4640 ambulantes,
1173 4575 1286 4629 tandem
1301 4575 1478 4646 pervenimus
1492 4578 1527 4631 ad
1542 4577 1634 4632 locum
1648 4583 1772 4634 tormon-

138 4664 934 4738 iu);ethubetapedibususqueadumbilicumsimilitudi-
975 4667 1080 4729 torum,
1097 4669 1127 4717 et
1147 4664 1313 4719 intravimus
1341 4664 1483 4735 angustias
1507 4665 1615 4720 viarum
1635 4667 1770 4734 omnium,

137 4768 203 4811 uem
217 4756 350 4822 hominis,
360 4761 459 4827 pectus
470 4755 542 4809 aaut
553 4762 648 4826 pectus
664 4755 762 4821 leonis,
771 4770 886 4808 manum
900 4755 935 4808 si·
975 4752 1103 4806 undcvos
1115 4753 1331 4808 reniredixistis.
1347 4753 1492 4823 Curnergo
1498 4752 1533 4807 ad
1541 4754 1659 4825 triginta
1669 4754 1772 4810 millia-

138 4845 478 4917 cutcrpstallum,habeas
488 4844 612 4914 gladium
621 4850 652 4898 ut
662 4850 754 4898 servet
761 4843 933 4915 paradisum,
976 4841 1017 4894 ria
1031 4856 1118 4912 prope
1131 4843 1225 4897 locum
1237 4842 1325 4896 istum
1335 4842 1518 4910 venissemus,
1535 4843 1657 4914 ‹puadam
1671 4845 1716 4898 dio
1732 4862 1773 4900 se-

138 4948 173 4989 ne
185 4933 288 5005 aliquis
312 4933 377 4987 illuc
395 4933 553 5005 proximare
567 4934 666 4987 valcat.
687 4933 747 5003 Ego
765 4933 861 5003 itaque
878 4934 934 4986 haec
976 4928 1106 4984 dentibus
1122 4929 1212 4990 nobis,
1224 4929 1298 4983 inter
1317 4930 1379 5000 ipsa
1391 4935 1490 4984 mutua
1499 4932 1646 5003 colloquia,
1658 4940 1773 5005 repente

140 5023 256 5077 audiens
275 5022 309 5076 ab
323 5024 432 5093 arrgelo,
443 5022 564 5093 amplius
577 5039 632 5076 non
644 5021 784 5093 respondi,
795 5037 848 5077 uec
860 5022 935 5076 ultra
975 5019 1067 5073 socius
1083 5036 1160 5074 meus
1171 5018 1317 5090 disparuit.
1333 5018 1410 5073 Tunc
1425 5034 1477 5088 ego
1497 5019 1616 5075 nimium
1632 5022 1772 5093 turbatus,

138 5113 290 5183 procedere
314 5111 430 5166 tentavi.
454 5112 546 5181 Igitur
562 5127 615 5181 ego
631 5111 810 5183 Theophilus,
837 5117 865 5165 et
885 5111 934 5165 iti·
976 5113 1005 5162 et
1034 5125 1089 5179 quo
1114 5126 1158 5162 me
1179 5113 1326 5172 verterem,
1344 5107 1469 5178 ignarus,
1495 5110 1597 5165 cadens
1613 5111 1771 5178 interram,

141 5203 214 5256 neris
226 5202 284 5259 mei
306 5201 374 5255 socii
387 5219 418 5254 ac
436 5201 547 5264 iratres,
569 5200 624 5253 ista
637 5218 654 5254 a
665 5207 762 5254 sancto
777 5200 933 5265 audientes,
976 5197 1142 5277 plangebam
1157 5196 1336 5251 validissime.
1354 5200 1388 5253 Et
1397 5213 1459 5251 ecce
1470 5200 1682 5255 confestimsine
1695 5218 1774 5255 mora

141 5296 280 5361 prostrato
293 5292 368 5345 omni
382 5290 895 5362 corpore,collaudavimusDominum,
908 5296 937 5344 et
976 5286 1001 5341 is
1015 5286 1062 5356 qui
1077 5291 1142 5339 ante
1158 5286 1363 5356 disparuitcum
1376 5304 1478 5360 magna
1491 5289 1617 5343 claritate
1631 5288 1772 5360 apparuit,

143 5376 230 5449 ipsum
250 5396 361 5435 servum
376 5379 480 5435 Christi
493 5379 686 5434 salutavimus.
978 5381 1006 5430 et
1021 5375 1060 5430 ita
1075 5376 1176 5430 aflatus
1186 5384 1229 5430 est
1244 5395 1301 5431 rne:
1320 5378 1505 5443 Noliturbari,
1522 5377 1712 5440 dilectissime,
1722 5393 1772 5448 ego

173 5468 240 5523 thr.
256 5468 343 5524 nvn.
362 5469 527 5539 -Vespere
543 5474 637 5522 autem
652 5470 734 5534 sacto,
753 5469 822 5524 dixit
834 5468 934 5524 nobis:
978 5464 1053 5520 enirn
1066 5482 1128 5519 sum
1140 5466 1257 5535 angelus
1267 5465 1392 5538 Raphael
1408 5465 1474 5537 (20),
1491 5469 1519 5521 in
1536 5465 1707 5535 adjutorium
1722 5463 1774 5517 tibi

146 5553 253 5613 tiata-cs
276 5558 332 5613 mei
358 5557 544 5625 dilectissimi,
566 5558 638 5612 exite
656 5557 731 5613 foras
745 5559 884 5628 cellulam,
910 5565 938 5613 et
977 5570 1089 5619 missus,
1106 5554 1154 5625 qui
1164 5559 1193 5610 te
1206 5555 1260 5610 huc
1270 5556 1387 5626 perduxi
1396 5560 1534 5628 praecepto
1549 5549 1696 5607 hltissirui.
1717 5550 1774 5604 Do·
