3832 6120
137 255 190 311 tol
367 255 452 311 Vl'l'd
469 256 690 314 sanctonum
708 260 871 319 EPIC'I'ETI
890 262 1111 319 PRESBYTERI
1130 261 1175 318 ΕΤ
1192 260 1361 319 Ismenis
1378 231 1556 320 udaium.
1722 263 1775 322 lot

136 377 296 434 terribilem
310 378 337 434 ei
350 396 433 435 suum
446 381 556 437 vultum
571 384 730 453 ostendens,
743 394 771 443 et
787 388 1039 459 indignansAnus,
1054 389 1107 442 hoc
1115 387 1223 459 patria3
1235 391 1264 442 et
1273 386 1344 442 nihil
1354 386 1431 441 aliud
1445 402 1552 454 sumus,
1564 400 1650 457 quam
1659 387 1716 441 reri
1723 385 1775 442 Dei

136 469 347 541 quodammodo
357 470 489 525 adversus
499 471 663 539 daemonem,
674 476 769 530 taliter
777 477 812 531 ad
823 494 888 532 eum
898 479 938 533 lo·
978 478 1109 530 cultores.
1122 476 1156 530 Et
1165 475 1282 530 iterum:
1294 475 1324 530 Si
1333 474 1413 529 nobis
1424 475 1564 545 posthanc
1573 472 1775 529 contessionem

135 561 219 612 cutus
233 563 286 624 est,
303 557 415 613 dicens:
432 560 467 615 Et
481 577 568 633 quare
587 561 692 634 absque
714 581 778 619 mea
798 567 938 621 sententio
977 565 1115 636 supplicia
1126 564 1244 635 jusserit
1258 563 1395 629 adhiberi,
1411 564 1481 618 nihil
1496 563 1572 618 aliud
1582 564 1612 618 in
1626 563 1775 618 tormentis

134 645 243 701 ostium
257 647 365 703 cellulas
377 664 506 719 egressus
520 667 560 717 es,
573 652 617 706 vel
626 652 687 707 sine
696 654 822 710 oratioue
832 656 937 710 Christi
978 653 1060 724 positi
1068 653 1205 719 dicamus,
1217 653 1271 707 nisi
1281 671 1287 704 :
1297 652 1496 719 Dominelesu,
1508 658 1557 707 tua
1566 653 1695 707 voluntas
1703 669 1775 708 sem-

134 735 292 791 sacerdotis
304 737 452 808 perrexisti
467 738 503 793 ad
520 740 636 794 lluvium
647 741 659 795 l
670 743 714 796 An
735 743 848 813 ignoras
870 745 937 816 quia
977 759 1028 815 per
1039 744 1090 797 llat
1101 743 1129 797 in
1144 742 1233 798 nobis.

135 825 345 880 commendatio
355 826 497 898 prepositi
508 830 781 900 semperjunioribus
789 848 886 887 murus
895 833 937 887 in·
1013 832 1078 886 Car.
1089 832 1165 887 XIII.
1180 860 1213 872 -
1225 831 1316 903 Igitur
1328 830 1384 885 alia
1398 830 1452 897 die,
1468 831 1559 900 primo
1568 829 1775 903 diluculoy'ubet

134 911 341 984 expugnabilis,
348 915 936 989 etloricassdci,adsupcrandumdiabolum
978 920 1165 975 Latronianus
1184 921 1238 976 dux
1253 919 1376 975 tribunal
1390 919 1542 991 praeparari
1555 920 1585 974 in
1599 920 1691 974 media
1705 920 1773 975 civi·

134 1001 255 1056 existit?
270 1003 305 1057 Et
317 1002 376 1058 haec
389 1003 495 1072 dicens,
508 1005 591 1076 jubet
604 1023 668 1060 enm
678 1008 786 1079 pariter
798 1025 893 1064 secum
906 1010 937 1065 in
978 1013 1046 1075 tate,
1062 1014 1091 1062 et
1103 1008 1278 1080 preconibus
1296 1008 1418 1080 imperat
1431 1013 1463 1062 ut
1476 1025 1539 1063 curn
1554 1009 1642 1063 nimio
1651 1010 1773 1065 clamore

133 1091 264 1146 oratione
278 1098 345 1147 ante
357 1092 509 1148 Dominum
530 1099 718 1165 prosternere.
737 1098 864 1169 Cumque
887 1099 935 1154 diu
978 1097 1013 1151 ad
1028 1104 1086 1152 tam
1095 1097 1246 1153 nefandum
1257 1103 1286 1152 ct
1295 1098 1440 1152 horridum
1447 1098 1637 1169 spectaculum
1648 1099 1774 1153 multitu·

133 1181 314 1252 multumque
327 1181 478 1236 salvatoris
488 1189 585 1249 κιο
595 1184 816 1240 misericordiam
829 1188 935 1258 precati
975 1186 1070 1241 dinem
1084 1187 1180 1258 populi
1195 1187 1355 1241 invitarent.
1366 1187 1402 1242 Et
1413 1186 1486 1241 facta
1497 1188 1557 1256 jam
1568 1186 1640 1240 hora
1652 1186 1708 1241 diei
1718 1193 1773 1241 ter-

133 1268 264 1337 luissent,
281 1270 395 1325 ethnita
407 1270 534 1326 oratione
544 1289 578 1326 er
592 1273 651 1327 solo
662 1274 857 1342 surrexissent,
865 1275 935 1331 vidit
975 1275 1026 1341 tia,
1044 1276 1124 1346 quasi
1139 1274 1386 1330 furibundabestia
1396 1274 1583 1330 Latmnianus
1593 1274 1727 1346 procedit.
1739 1276 1774 1330 Et

132 1357 234 1412 beatus
245 1359 345 1415 Aetion
358 1375 476 1430 puerum
492 1361 642 1431 quemdam
655 1362 839 1434 nigrumcum
851 1365 936 1434 ignea
975 1364 1079 1435 populo
1090 1365 1214 1436 undique
1223 1369 1410 1436 exspectante,
1421 1365 1521 1418 sedens
1528 1380 1578 1434 pro
1588 1363 1723 1418 tribunali
1728 1365 1774 1433 jn·

131 1446 226 1502 iacula
238 1448 274 1502 de
288 1464 340 1502 suo
354 1448 417 1502 sinu
432 1449 633 1518 egredientem,
647 1466 679 1505 ac
688 1451 758 1505 talia
771 1451 824 1506 sibi
838 1453 935 1507 dicen·
975 1451 1022 1506 bct
1037 1453 1137 1507 adduci
1151 1460 1261 1508 sanctos
1275 1453 1303 1507 in
1318 1458 1468 1523 conspectu
1482 1469 1542 1506 suo.
1555 1453 1683 1523 Canaque
1697 1451 1773 1506 exhi-

132 1542 211 1590 tem:
226 1536 371 1592 Confessio
383 1542 442 1604 tua,
461 1538 570 1604 Astion,
586 1555 703 1610 magnas
718 1557 795 1595 meas
804 1542 934 1597 contrivit
974 1539 1025 1595 biti
1039 1558 1134 1595 coram
1149 1547 1329 1608 constarent,
1347 1557 1409 1595 mox
1424 1548 1456 1595 ut
1469 1540 1538 1595 vidit
1551 1557 1608 1605 eos,
1632 1557 1649 1594 a
1670 1556 1773 1612 parcre

132 1625 311 1691 hodievires,
324 1632 353 1680 et
362 1627 516 1682 unaoratio
526 1634 618 1682 vestra
628 1645 674 1682 me
686 1629 823 1684 inermem
833 1630 863 1684 in
873 1647 934 1685 om·
975 1629 1061 1684 nimio
1080 1635 1156 1684 totus
1167 1630 1305 1699 obriguit3
1320 1629 1459 1684 nonenim
1470 1634 1580 1701 potemt
1590 1628 1771 1683 intenderein

132 1713 346 1769 nibusreddidit
359 1731 392 1770 ac
403 1716 569 1771 desolatum.
582 1718 704 1789 Ideoque
714 1734 843 1788 egressus
856 1720 930 1788 hinc,
941 1708 1094 1784 Bsanccos,
1111 1735 1143 1773 co
1154 1718 1228 1789 quod
1237 1718 1327 1772 instar
1334 1716 1409 1785 solis,
1421 1734 1478 1790 pra
1488 1717 1575 1771 nimia
1582 1716 1676 1787 gratia
1685 1732 1772 1788 quam

133 1803 243 1858 intrabo
258 1804 518 1860 incoantroniani
526 1805 605 1861 ducis
619 1804 665 1877 (7),
683 1812 712 1860 et
727 1808 853 1863 excitabo
867 1826 932 1863 eum
973 1807 1117 1877 gerebant,
1133 1807 1277 1878 fulgebunt
1301 1807 1385 1861 facies
1409 1822 1515 1861 eorum.
1543 1806 1611 1860 Erat
1632 1805 1770 1876 siquidem

133 1893 282 1947 adversum
300 1909 349 1948 vos
365 1894 502 1962 celeriter,
519 1899 548 1950 et
563 1911 615 1966 per
637 1896 714 1950 varia
732 1898 932 1968 suppliciorum
973 1901 1087 1950 sauctus
1101 1896 1244 1968 Epictetus
1257 1912 1396 1950 annorum
1411 1895 1469 1950 sere
1482 1895 1636 1964 sexaginta,
1660 1899 1771 1948 statura

131 1998 237 2052 genera
249 1999 300 2037 vos
310 1983 456 2054 expendet,
472 2000 505 2038 eo
518 1985 592 2054 quod
604 1985 724 2055 Ingressi
738 1987 815 2052 estis,
831 1988 933 2058 utqui·
972 2001 1114 2055 proceruS,
1130 1984 1219 2039 barba
1228 1985 1343 2057 prolixa,
1361 1991 1389 2038 et
1403 1984 1550 2056 splendore
1557 1983 1672 2038 caniciei
1685 1983 1769 2036 dcco·

131 2070 197 2125 dam
210 2071 336 2126 latrones
345 2073 402 2127 slve
415 2073 544 2140 malefici,
557 2074 587 2127 in
601 2074 773 2144 provinciam
788 2075 885 2146 ipsius,
903 2082 932 2131 et
972 2079 1060 2128 ratus.
1081 2075 1218 2129 Similiter
1237 2080 1265 2129 et
1285 2073 1464 2129 beatissImus
1484 2073 1582 2128 hstion
1603 2071 1766 2138 monachus,

133 2161 236 2215 multos
242 2160 729 2233 homiuesaculturadeorurnipsius
736 2179 787 2233 per
797 2165 929 2219 veneficia
971 2167 1081 2216 statura
1095 2168 1124 2217 et
1137 2163 1197 2234 ipse
1210 2179 1344 2234 procerus
1357 2162 1493 2217 existebat
1505 2181 1512 2228 ;
1524 2161 1574 2216 sed
1597 2167 1626 2215 et
1648 2160 1768 2214 nlmium

131 2255 223 2303 vestra
239 2250 473 2318 avertentes,Dco
481 2256 573 2305 vestro
585 2251 708 2305 sociatis.
720 2251 755 2306 Et
765 2251 822 2306 hac
834 2253 929 2308 dicens
970 2252 1125 2322 pulehcrac
1134 2251 1279 2317 delicatus,
1291 2256 1321 2305 et
1329 2251 1408 2322 qnasi
1420 2251 1538 2321 trIginta
1544 2250 1668 2321 quinque
1678 2264 1767 2303 annos

132 2337 248 2405 demon,
260 2339 337 2394 ultra
349 2355 405 2394 non
413 2341 580 2412 comparuit.
969 2341 1060 2394 etatis
1066 2356 1162 2411 agens.
1171 2342 1298 2412 Cumque
1304 2338 1598 2410 uniushoraespatium
1607 2337 1763 2403 transisset,

164 2427 232 2482 Car.
246 2428 309 2483 IIII.
327 2459 359 2470 -
373 2429 463 2499 Igitur
476 2446 538 2483 curn
551 2429 746 2500 hujuscemodi
756 2430 928 2501 spiritalibus
967 2428 1151 2499 interrogavit
1161 2445 1208 2483 eos
1222 2429 1407 2484 Latronianus
1416 2428 1482 2493 dux,
1494 2426 1607 2482 dicens:
1623 2426 1689 2491 Qua
1699 2431 1766 2481 suut

132 2515 267 2571 exercitiis
276 2518 366 2571 sancti
376 2517 427 2572 Dei
434 2518 531 2572 tomuli
541 2524 781 2585 conversarentur,
794 2525 823 2573 et
835 2519 928 2574 Salva·
967 2517 1103 2571 vocabula
1118 2523 1219 2583 vestra,
1235 2518 1309 2590 quod
1316 2533 1415 2588 genus,
1426 2532 1477 2570 seu
1487 2517 1522 2571 de
1532 2517 1608 2587 quali
1623 2515 1766 2587 provincia

131 2604 182 2658 tori
196 2612 293 2660 nostro
307 2606 375 2661 lesu
390 2605 500 2660 Christo
513 2607 543 2661 in
565 2607 680 2679 psalmis
701 2613 730 2661 ct
754 2607 926 2663 orationibus
967 2621 1016 2661 vos
1023 2605 1091 2660 estis
1098 2606 1219 2672 oriundi,
1231 2606 1311 2660 nobis
1321 2607 1505 2677 inconspectu
1514 2604 1764 2675 hujusmultitudi·

132 2693 298 2748 unanimiter
312 2695 503 2763 deservIrent;
519 2712 552 2749 ac
563 2697 653 2751 multa
666 2695 806 2750 mirabilia
819 2713 875 2751 non
884 2714 926 2752 so-
967 2694 1010 2748 nis
1025 2695 1181 2766 explanate.
1199 2695 1408 2766 Respondentes
1430 2694 1529 2761 sancti,
1545 2694 1690 2749 dixerunt:
1705 2693 1764 2748 Nos

134 2781 185 2836 lum
203 2782 232 2837 in
245 2782 417 2850 hominibus,
434 2800 531 2839 verum
545 2784 630 2839 etiam
644 2791 672 2838 et
686 2784 713 2839 in
728 2784 875 2856 pecoribus
886 2785 926 2839 di·
966 2783 1120 2838 Christiani
1134 2799 1241 2850 sumus,
1257 2790 1287 2838 et
1299 2784 1333 2837 de
1343 2783 1507 2855 parentibus
1516 2782 1576 2838 nati
1584 2782 1761 2850 Christianis,

133 2870 189 2926 rina
202 2872 296 2942 gratia
311 2888 361 2943 per
375 2873 488 2927 eosdem
503 2880 676 2944 operaretur,
701 2874 793 2928 subito
812 2873 925 2929 advenit
965 2877 1051 2942 atque
1065 2871 1100 2925 de
1114 2871 1338 2927 Christianorum
1353 2873 1511 2944 petrianos
1526 2888 1624 2927 sumus
1639 2871 1760 2927 oriundi.

133 2960 315 3016 latronianus
328 2962 811 3018 duninAlmiridensiumcivitatcm.
820 2964 923 3017 Etcum
965 2960 1151 3014 latronianus
1165 2961 1222 3015 dur
1235 2961 1321 3015 dixit:
1338 2962 1397 3031 Ego
1411 2961 1526 3015 nomina
1546 2965 1637 3015 vestra
1645 2961 1762 3015 interim

135 3048 314 3119 pertriduum
330 3066 415 3121 opera
430 3050 540 3121 publica
554 3057 582 3105 ct
596 3051 755 3123 imperialia
765 3022 1037 3107 ministerIanolui
1052 3049 1159 3103 audire.
1176 3050 1248 3104 Nam
1261 3065 1294 3104 eo
1302 3050 1376 3121 quod
1384 3050 1419 3104 de
1426 3050 1474 3104 illa
1484 3049 1633 3104 maledieta
1643 3048 1762 3120 perfldia

135 3153 188 3206 quse
204 3137 310 3192 ibidem
324 3143 406 3193 erant
416 3139 591 3209 pervidisset,
607 3140 761 3211 quartadie
774 3142 922 3196 nuntiave-
963 3138 1039 3204 estis,
1056 3144 1085 3192 et
1094 3155 1145 3208 ego
1160 3139 1232 3204 novi,
1248 3144 1276 3193 et
1286 3139 1407 3194 universi
1415 3139 1638 3194 circumstantes.
1646 3138 1689 3193 Ad
1701 3138 1760 3192 haec

134 3233 190 3280 runt
205 3227 230 3280 ei
243 3226 359 3297 quidam
369 3227 405 3281 de
415 3227 506 3282 cilicio
517 3229 552 3281 do
565 3227 734 3284 beatissimis
740 3230 816 3297 viris,
828 3230 922 3285 dicen·
962 3227 1050 3281 sancti
1065 3232 1204 3298 martyres
1217 3227 1362 3282 dixerunt:
1380 3229 1438 3282 Nos
1452 3226 1605 3282 Christiani
1611 3243 1719 3292 sumus,
1731 3232 1760 3280 et

135 3318 168 3368 les
180 3315 252 3379 ei,et
262 3316 339 3386 quod
354 3317 582 3371 maleficIsuntet
596 3319 681 3388 magi,
694 3320 797 3373 multos
811 3336 921 3390 persua
961 3319 1057 3373 lesum
1068 3318 1212 3372 Christum
1226 3318 1377 3372 Dominum
1391 3323 1529 3384 nostrum,
1554 3317 1583 3370 in
1603 3317 1684 3387 cujus
1707 3333 1759 3388 po·

134 3404 254 3458 asenna
268 3408 428 3458 averterent
439 3406 499 3475 jam
514 3422 531 3459 a
547 3407 690 3461 sacrificiis
711 3408 838 3462 deorum.
855 3408 920 3462 ilaec
960 3410 1062 3460 testate
1076 3412 1176 3460 cuncta
1189 3405 1338 3473 habentur,
1353 3407 1531 3476 agnoscimus
1555 3411 1583 3459 et
1595 3406 1757 3473 adoramus,

134 3493 241 3548 murille
255 3493 391 3559 audisset,
408 3493 539 3548 continuo
554 3494 674 3565 imperat
686 3496 794 3566 aliquos
804 3513 836 3551 ex
847 3514 920 3567 quae-
961 3494 1092 3549 universa
1104 3494 1180 3549 idola
1191 3502 1241 3549 tua
1254 3494 1459 3563 abominamur,
1474 3494 1584 3549 dicente
1592 3494 1736 3566 Scriptum
1749 3512 1756 3547 ε

134 3581 274 3646 rhenanis,
289 3587 325 3636 ut
337 3586 401 3654 post
410 3582 476 3637 solis
486 3599 615 3637 occasum
630 3590 780 3655 pergerent
793 3585 828 3640 ad
843 3585 920 3640 habi·
961 3583 1072 3637 Similes
1085 3584 1141 3637 illis
1155 3584 1225 3638 fiant
1236 3584 1283 3655 qui
1297 3584 1405 3638 saclunt
1418 3600 1460 3651 ea,
1473 3584 1522 3638 sed
1536 3591 1565 3638 et
1587 3599 1684 3638 omnes
1708 3583 1757 3654 qui

132 3671 244 3725 berlum
259 3676 431 3738 sanctorum,
448 3678 477 3726 et
489 3672 704 3743 comprehensos
716 3689 764 3728 eos
777 3674 852 3728 ferro
862 3675 920 3729 viu·
960 3673 1104 3727 confidunt
1118 3673 1148 3727 ln
1162 3672 1202 3727 eis
1217 3676 1298 3743 (Prot.
1315 3675 1403 3743 cxiii).
1420 3673 1485 3727 Haec
1498 3673 1616 3751 audiens
1630 3673 1697 3737 dux,
1712 3673 1756 3728 ni·

131 3764 180 3813 dos
193 3760 380 3831 perducerent
394 3759 423 3814 in
439 3759 596 3815 custodiam
610 3762 740 3816 carceris.
766 3763 837 3817 Cum
852 3779 919 3834 ergo
960 3762 1048 3815 mium
1062 3761 1151 3817 Iratus
1167 3768 1218 3829 est,
1233 3768 1261 3816 ct
1274 3762 1396 3833 imperat
1407 3768 1440 3817 ut
1454 3761 1621 3833 exspoliatos
1647 3761 1758 3817 sortiter

131 3848 919 3921 comprehensibeatissimiviri‚invinculatorium[Slduce
960 3848 1148 3905 verberarent.
1163 3852 1290 3922 Cumque
1303 3868 1320 3904 a
1334 3851 1470 3905 ministris
1490 3851 1594 3906 Christi
1617 3854 1756 3924 martyres

130 3944 227 4005 mehir,
237 3938 398 4008 psallebant
407 3938 530 3992 dicentes
539 3956 545 3990 :
554 3939 628 3992 Deus
637 3945 733 3993 noster
743 3939 882 4009 relhgium
890 3946 919 3996 et
959 3938 1141 4006 caederentur,
1154 3940 1297 3994 oculorum
1309 3957 1427 3995 suorum
1438 3940 1567 3995 obtutum
1575 3940 1755 3995 elevantesad

130 4024 217 4093 nnus,
229 4027 344 4098 adjutor
350 4027 379 4081 in
388 4026 684 4098 tribulationibusque
692 4027 858 4082 invenerunt
866 4045 917 4083 nos
959 4027 1069 4091 coelum,
1088 4029 1184 4083 taliter
1194 4028 1323 4083 dicebant
1335 4047 1342 4082 τ
1355 4029 1753 4101 Dominelesu,magisterno.

105 4182 109 4191 ·
130 4113 561 4182 nimistPsal.x1.vl.Etiterum·:
578 4116 715 4170 Dominus
724 4116 858 4170 virtutum
870 4132 918 4170 no·
958 4129 1025 4184 ster,
1040 4124 1091 4172 tua
1103 4119 1231 4174 voluntas
1244 4119 1294 4173 liat
1309 4119 1337 4173 in
1350 4118 1439 4172 nobis.
1456 4120 1510 4173 Sed
1528 4136 1592 4174 cum
1607 4120 1655 4174 diu
1679 4121 1753 4175 mul·

130 4199 236 4269 brenna
253 4208 400 4274 susceptor
413 4209 510 4258 noster
523 4203 598 4258 Deus
612 4203 697 4258 Jacob
718 4204 822 4274 (ibid).
844 4205 918 4259 Ilur·
958 4212 1076 4277 tumque
1085 4208 1267 4272 cederentur,
1276 4207 1444 4276 etnihilejus
1456 4208 1755 4264 Immanitasadversus

130 4306 256 4363 sumque:
271 4292 368 4347 Multas
382 4292 576 4347 tribulationes
589 4295 740 4364 justorum,
756 4298 785 4347 et
797 4310 854 4348 non
866 4295 918 4348 im·
958 4295 1008 4349 Dei
1023 4295 1143 4349 cultores
1164 4295 1362 4366 praevaluisset,
1378 4295 1473 4349 taliter
1486 4296 1576 4349 iratus
1590 4299 1754 4352 contra'eos

131 4379 249 4450 piorum;
265 4381 316 4435 sed
329 4385 426 4435 tamen
440 4398 473 4434 ex
496 4381 626 4436 omnibus
649 4382 693 4436 his
716 4381 846 4436 liberabit
869 4376 1142 4438 eosDLatronianus
1157 4385 1265 4439 locutus
1282 4389 1333 4450 est,
1350 4384 1457 4438 dicens:
1474 4383 1528 4439 Ubi
1551 4390 1594 4439 est
1616 4385 1754 4440 mirabilis

131 4467 917 4539 hominus.CustoditDominusomniaossacorum,uuum
958 4472 1005 4526 illc
1019 4478 1111 4526 vester
1123 4473 1261 4537 defensor,
1277 4489 1361 4544 quem
1375 4473 1436 4528 sine
1446 4473 1664 4539 cessationem
1675 4479 1754 4539 Qvo-

132 4557 268 4613 crhisnon
278 4563 441 4612 conteretur
451 4560 531 4629 (Psoi.
545 4564 654 4627 sssrrr).
667 4560 916 4631 Cumqueingressi
957 4559 1040 4614 bisin
1050 4560 1184 4615 auxilium
1197 4561 1369 4615 invocastis?
1381 4560 1679 4632 Veniatitaqucnnnc,
1691 4562 1753 4616 etsi

132 4644 238 4703 ament
250 4646 281 4701 in
295 4662 447 4712 carcerem,
461 4652 550 4701 totam
562 4654 673 4702 noctem
684 4664 762 4703 more
775 4649 916 4704 sibisolito
957 4654 1058 4721 potest,
1075 4649 1109 4703 de
1119 4649 1189 4703 meis
1199 4667 1246 4705 vos
1255 4649 1357 4721 eripiat
1364 4649 1501 4704 manibus.
1511 4650 1605 4704 Sancti
1615 4656 1753 4724 martyres

132 4732 270 4807 Inprimis
277 4735 697 4808 etorationibustransegerunt.
705 4738 771 4792 Post
779 4738 917 4809 expletam
957 4737 1100 4793 dixerunt:
1115 4739 1268 4793 Christiani
1277 4755 1383 4804 sumus,
1396 4743 1550 4809 otyranne,
1567 4739 1754 4796 fiatvoluntas

133 4832 214 4880 mtem
229 4826 390 4896 vigiliarum
406 4826 622 4892 solemnitatem,
639 4827 692 4882 hoc
706 4827 789 4882 modo
803 4836 916 4884 sanctus
957 4827 1009 4882 Dei
1023 4827 1111 4881 nostri
1126 4828 1154 4881 ln
1169 4827 1259 4882 nobis.
1276 4828 1341 4880 llaec
1352 4843 1415 4881 cum
1425 4826 1750 4898 audissethtronianus‚

135 4910 263 4983 Epictetus
276 4914 313 4969 ad
326 4914 440 4969 beatum
455 4915 599 4969 hedonem
614 4916 724 4970 locutus
739 4923 789 4982 est,
800 4916 894 4971 dicens
908 4937 915 4972 :
955 4914 1040 4986 jussit
1053 4931 1101 4970 eos
1114 4914 1142 4970 in
1156 4915 1282 4970 eculeum
1297 4914 1392 4980 levari,
1409 4921 1437 4969 et
1449 4914 1561 4970 fortIter
1573 4916 1686 4987 ungulis
1700 4917 1754 4972 ler-

136 4998 159 5053 Si
170 5018 226 5062 uos.
242 5020 260 5057 o
273 5003 434 5059 dulcissIme
448 5003 497 5069 fili,
512 5004 634 5058 crastIno
649 5004 694 5058 die
702 5004 918 5076 interrogaverit
958 5003 1013 5058 reis
1021 5004 1087 5058 radi.
1100 5005 1226 5074 Cumque
1232 5003 1405 5067 raderentur,
1413 5003 1665 5060 iterumdicebant:
1675 5007 1754 5061 Chri-

135 5086 214 5157 iudex,
225 5091 330 5146 dicens:
348 5091 428 5156 Quod
442 5108 541 5162 genus,
553 5093 596 5146 vel
612 5109 674 5163 quse
688 5093 804 5148 nomina
814 5099 914 5159 vestra,
957 5091 1042 5147 atiani
1056 5109 1162 5157 sumus,
1183 5108 1200 5145 o
1214 5097 1334 5162 tyranne
1353 5092 1533 5162 latroniane,
1551 5095 1601 5148 liat
1626 5095 1753 5150 voluntas

137 5176 170 5230 rel
180 5195 210 5233 ex
222 5168 431 5252 quaprovincia
443 5180 519 5245 estis,
531 5185 559 5233 et
570 5181 644 5235 unde
656 5180 711 5234 huc
724 5181 857 5235 venistis?
866 5197 917 5236 nos
958 5181 1009 5236 Dei
1023 5181 1111 5235 nostri
1125 5181 1154 5234 in
1169 5179 1260 5235 nobis.
1276 5181 1356 5235 Tunc
1370 5181 1470 5235 deinde
1477 5182 1564 5251 jussit
1577 5189 1713 5255 tyrannus
1721 5189 1755 5239 ut

137 5264 194 5320 nihii
205 5268 245 5322 illi
256 5269 370 5339 penitus
380 5268 601 5340 respondeamus
613 5287 619 5336 ;
631 5285 722 5340 neque
730 5286 819 5339 genus
829 5270 864 5336 ei,
875 5271 918 5324 vel
958 5270 1102 5340 lampades
1115 5268 1255 5335 ardentes,
1271 5286 1334 5323 cum
1344 5270 1435 5324 adhuc
1446 5270 1475 5324 in
1481 5271 1576 5325 eculeo
1588 5273 1752 5342 penderent,

139 5356 577 5426 uominanostraindicemus3scd
587 5359 777 5429 necpatrianr,
789 5360 863 5414 unde
873 5377 918 5414 su·
959 5359 994 5413 ad
1008 5359 1098 5413 latera
1112 5374 1210 5412 eorum
1226 5359 1408 5428 applicarent.
1432 5360 1559 5430 Cumque
1583 5367 1611 5414 ct
1625 5361 1677 5415 hoc
1694 5365 1753 5414 tor-

139 5455 189 5497 mus
197 5447 316 5512 oriundi,
326 5447 592 5516 illifateamur;nisi
600 5448 771 5503 hoctantum
780 5449 915 5515 dicamus,
959 5447 1046 5501 menti
1072 5464 1161 5517 genus
1187 5447 1405 5518 magnanimiter
1421 5448 1583 5514 tolerarent,
1604 5448 1752 5502 dicebant:

140 5532 193 5599 quia
205 5535 357 5592 Christiani
371 5552 479 5603 sumus,
495 5542 523 5590 ct
535 5536 588 5590 hoc
601 5535 800 5603 nomennobis,
812 5537 918 5605 hocge·
959 5536 1111 5591 Christiani
1126 5552 1234 5604 sumus,
1251 5554 1267 5592 o
1281 5542 1411 5610 tyranne,
1427 5537 1477 5591 fiat
1499 5537 1628 5591 voluntas
1651 5535 1702 5589 Dei
1725 5535 1754 5590 in
