3818 6120
137 254 192 315 aab
655 255 740 313 vrri
758 256 888 314 ancul
909 258 1084 315 smaouls·
1099 259 1267 317 smmu-
1728 266 1780 330 3‘26

135 382 206 437 dum
221 383 283 436 ait:
312 402 323 433 ι
345 382 385 437 Ex
399 382 541 452 impudica
556 381 695 452 pudicam,
713 398 745 436 ex
761 383 862 436 lesciva
879 383 1012 451 gra-,tin
1034 384 1219 438 similitudine
1235 384 1369 440 columbae
1383 389 1531 443 uectamis
1553 391 1779 462 frequentissime

135 469 211 520 uem,
221 470 255 507 ex
265 453 412 579 inquinata
426 470 525 524 {iuream
538 454 859 534 castamquereddidit.»
871 456 942 510 Tota
983 455 1177 536 perspexisset.
1198 475 1223 536 x¹
1240 456 1274 509 Et
1297 458 1424 527 sequenti
1438 461 1529 530 capite
1549 462 1645 546 splxlit
1657 465 1780 548 loannes

136 530 181 578 est
199 525 276 594 apud
319 525 519 595 etaphrastem,
536 523 581 577 ubi
597 524 671 594 quod
682 525 727 578 luc
741 531 784 579 est
799 532 844 578 tuo
857 530 936 595 nepio.
982 526 1136 580 Diaconus:
1160 547 1170 575 a
1191 526 1261 579 Hmc
1272 529 1397 598 estquod
1412 535 1709 590 eonsueturlmahterS
1730 554 1781 592 iri·

136 594 176 648 ibi
190 600 237 649 est
252 603 298 648 luo
311 598 378 649 cibo.
982 603 1027 650 tus
1040 604 1153 652 sanctus
1167 599 1195 650 in
1208 597 1299 667 specie
1309 599 1443 653 columbae
1458 620 1542 674 super
1552 606 1698 661 scribentis
1710 554 1777 662 gre

174 666 232 734 (ll)
249 669 462 720 lmnmculatom
475 667 652 735 collimitanei
668 666 745 721 ldem
759 674 858 721 narrat
871 668 939 721 Gre-
980 668 1052 738 gerii
1065 676 1150 738 caput
1162 669 1333 738 depingitur.
1350 690 1362 721 n

135 737 235 807 gorius
262 739 406 808 Nyssenus
425 738 455 790 in
479 738 605 792 encomio
634 738 772 807 Ephrem,
797 745 826 792 et
854 739 939 793 habes
1018 738 1075 807 (lb)
1086 740 1240 809 Meretrix]
1255 740 1332 793 ldem
1349 740 1434 795 habes
1445 743 1525 809 infra,
1543 747 1613 801 libro
1628 750 1698 804 voe
1708 751 1780 806 Vitis

137 808 226 862 etiam
240 808 313 879 apud
329 808 556 879 bletaphrastem.
981 811 1112 878 Petrum,
1123 810 1198 899 qpud
1214 810 1368 881 Pelagium,
1381 813 1473 867 libello
1485 833 1511 879 x,
1524 834 1551 872 n.
1563 818 1607 872 Ti.

171 879 272 933 Simile
291 879 376 933 habes
390 879 419 932 in
434 879 499 932 vita
517 878 605 933 saneti
621 878 676 933 Gre
697 877 749 932 orii
765 880 838 949 apud
853 881 938 934 ioan·
1016 880 1070 947 (la)
1089 882 1130 936 l'rl
1139 882 1235 935 casulo
1250 883 1382 952 calicula]
1393 884 1418 936 N
1431 903 1545 951 sesnes,
1556 906 1657 960 supra:
1669 894 1779 965 «rispe-

138 965 204 1002 nem
220 950 385 1011 Diaconum,
402 950 472 1003 libro
487 965 525 1011 ιν,
541 950 679 1020 capella
700 949 823 1004 iPetrus
837 951 938 1004 Diaco-
980 957 1097 1021 ctusque
1122 952 1183 1021 ejus
1200 952 1343 1022 angelicus
1367 902 1506 1010 suliielens
1531 965 1601 1021 erat,
1619 962 1666 1032 qui
1692 981 1732 1018 ‚er
1750 985 1779 1019 se

136 1036 199 1083 nus,
213 1022 261 1091 qui
272 1023 361 1075 sancti
374 1021 502 1092 Gregorii
513 1021 747 1075 familiarissimus
757 1020 819 1083 fuit,
831 1029 936 1084 narrat,
979 1020 1084 1092 absque
1094 1023 1152 1076 ulla
1167 1022 1294 1077 oratione
1304 1024 1446 1080 intuentes
1456 1028 1491 1081 ad
1506 1031 1778 1090 commiserationem

136 1092 210 1162 quod
224 1109 332 1163 isuper
346 1092 584 1164 caputhregorii)
597 1093 802 1163 ipseSpintum
811 1100 939 1148 sanctum
980 1101 1166 1163 permoveret.
1185 1113 1197 1146 s

861 1369 1003 1414 annuatur
1027 1369 1057 1413 V.

219 1518 512 1666 VITA
558 1519 978 1668 SANOTI
1025 1519 1587 1673 SIMEONIS
1629 1601 1695 1694 a,

767 1752 1075 1827 STYLlTAE
1103 1776 1159 1855 (a),

551 1907 739 1969 AUCTORE
761 1908 935 1969 ANTONIO
958 1908 1000 1986 (3)
1022 1908 1117 1970 EJUS
1139 1910 1357 1972 DlSGlPULO.

169 2148 388 2206 Carerenruuu.
400 2155 421 2215 1
431 2151 616 2216 uosanctus
626 2149 740 2204 Simeon
750 2165 782 2202 ex
788 2155 868 2203 utere
877 2164 938 2203 uta·
949 2144 1016 2208 But
1028 2149 1074 2203 die
1089 2149 1189 2220 quinta
1200 2149 1347 2218 egrediens
1359 2149 1446 2203 abbas
1466 2151 1631 2206 Timotheus
1661 2153 1780 2209 interro·

135 2235 185 2289 tris
199 2253 258 2290 suae
272 2238 377 2291 electus
388 2242 430 2292 est
440 2256 457 2292 a
467 2239 595 2305 Domino,
607 2243 636 2292 et
646 2238 939 2310 meditabaturparere
978 2237 1054 2308 gavit
1069 2254 1144 2303 euni,
1160 2238 1273 2291 dicens:
1290 2238 1365 2292 uude
1376 2239 1484 2303 es,s1lil
1499 2247 1549 2293 aut
1563 2257 1632 2310 <quos
1647 2246 1780 2312 parentes

136 2329 162 2378 et
175 2326 357 2396 placereilli:
372 2333 432 2381 erat
444 2335 539 2383 autem
550 2329 597 2383 isti
610 2335 691 2399 pater
700 2326 877 2397 Susoeiontll
891 2344 939 2381 no·
980 2327 1065 2380 habes
1074 2327 1122 2397 qui
1133 2327 1172 2381 sic
1182 2326 1303 2381 afflictus
1318 2328 1366 2380 es?
1380 2329 1511 2398 autquod
1522 2334 1563 2383 est
1573 2346 1676 2384 nomen
1685 2336 1776 2397 tuum,

135 2414 220 2480 mine,
229 2415 639 2489 etnutriebaturaparentibus
648 2416 938 2481 suisQuicumfaetus
980 2432 1015 2470 ne
1028 2415 1099 2469 ferte
1109 2415 1216 2486 aliquid
1226 2416 1292 2469 mali
1300 2416 1430 2485 gesseris,
1442 2422 1491 2470 aut
1499 2417 1616 2471 forsitan
1624 2435 1720 2472 servus
1728 2419 1779 2484 sis,

134 2502 234 2557 inisset
247 2520 389 2558 annorum
399 2506 543 2573 tredecim,
563 2506 692 2576 pascebat
705 2523 770 2560 oves
784 2503 937 2576 patrissui;
980 2511 1009 2558 et
1026 2504 1262 2558 dominumtuum
1277 2504 1386 2573 fugias?
1396 2507 1474 2559 Tunc
1484 2505 1583 2560 beatus
1593 2507 1706 2562 Simeon
1713 2524 1779 2563 cum

135 2596 161 2645 et
174 2591 276 2646 ridens
289 2593 491 2663 ecclesiamtbl,
503 2595 608 2649 relictis
629 2594 937 2665 peceribus,iugressus
979 2592 1109 2663 lacrymis
1134 2593 1202 2646 dixit
1220 2611 1225 2645 :
1248 2594 1443 2664 Nequaquam,
1460 2595 1583 2661 (lorraine,
1599 2597 1647 2650 sed
1666 2602 1731 2668 opto
1747 2601 1779 2650 ut

135 2690 182 2739 est.
199 2681 366 2751 audivitque
381 2682 547 2754 Apostolum
562 2683 602 2737 ibi
617 2683 682 2752 legi.
699 2685 936 2753 Interrogausquc
979 2682 1037 2740 sim,
1050 2699 1146 2736 servus
1163 2682 1219 2747 Dei,
1236 2682 1259 2735 si
1276 2683 1334 2752 ipse
1349 2684 1477 2747 voluerit,
1500 2685 1566 2754 quia
1580 2685 1643 2738 volo
1666 2702 1778 2741 servare

136 2785 225 2823 unum
241 2771 394 2835 seniorem,
407 2771 448 2825 ait
463 2791 468 2824 :
486 2772 614 2835 Domine,
632 2773 700 2843 quid
715 2777 757 2826 est
772 2772 847 2827 istud
861 2771 935 2842 qued
978 2771 1101 2824 animam
1116 2788 1206 2825 meam
1221 2771 1372 2842 perditam.
1389 2772 1460 2825 lube
1473 2789 1539 2843 ergo
1551 2790 1595 2827 me
1612 2774 1728 2828 introire
1748 2775 1778 2829 in
1865 2808 1870 2821 ι

134 2857 344 2930 legitur'lsenex
352 2861 502 2931 respondet
512 2862 537 2915 ei
547 2881 554 2914 :
566 2863 619 2916 Pro
630 2861 786 2916 substantia
797 2862 898 2915 animae
906 2865 938 2914 ut
979 2860 1191 2925 monasterium,
1208 2866 1237 2913 et
1251 2860 1380 2914 omnibus
1394 2861 1534 2915 deservire
1546 2880 1552 2928 ;
1570 2863 1627 2916 noli
1642 2880 1687 2918 me
1705 2864 1774 2918 soris

136 2944 222 3001 discent
232 2948 320 3002 homo
334 2949 434 3003 timere
448 2950 538 3004 Deum
550 2967 584 3004 ex
599 2955 659 3004 toto
675 2951 768 3014 corde,
785 2956 814 3004 et
826 2967 858 3003 ex
879 2954 938 3003 tota
979 2948 1084 3003 diutius
1104 2949 1255 3003 dimittere.
1272 2950 1348 3003 Tunc
1358 2950 1630 3019 apprehensamauu
1645 2953 1715 3022 eius,
1732 2953 1777 3006 in-

137 3042 232 3090 mente
247 3054 301 3090 sua
313 3040 403 3101 (Dura
415 3039 530 3098 x).Dixit
543 3038 641 3093 beatus
656 3040 770 3094 Simeon
785 3058 790 3091 :
810 3038 883 3103 Quid
896 3044 939 3092 est
978 3038 1102 3091 troduxit
1118 3054 1182 3091 eum
1200 3037 1288 3092 abbas
1304 3040 1332 3091 in
1348 3039 1559 3102 monasterium,
1577 3040 1671 3095 dicens
1686 3041 1781 3096 iratri-

136 3126 235 3179 timere
251 3126 361 3180 Deum?
373 3127 449 3181 Dixit
463 3128 488 3181 ei
503 3128 614 3183 senior:
632 3129 725 3193 Quare
749 3145 795 3182 me
816 3127 934 3198 flagitas,
961 3197 964 3206 ¹
978 3126 1031 3180 bus
1047 3146 1054 3179 :
1077 3127 1168 3181 Filioli
1185 3127 1250 3192 mei,
1268 3144 1330 3180 ecce
1345 3127 1426 3180 trado
1442 3127 1518 3181 vobis
1542 3130 1629 3183 istum
1651 3129 1778 3191 fratrem,

137 3214 192 3268 lili?
208 3212 245 3269 Et
257 3215 305 3269 ille
320 3230 327 3269 ε
343 3215 427 3279 Quasi
443 3218 542 3282 Deum,
555 3218 656 3288 inquit,
672 3218 864 3288 interrogate.
881 3218 938 3271 Ista
978 3213 1074 3268 docete
1085 3232 1150 3269 eum
1164 3232 1284 3269 canones
1299 3216 1553 3270 monasterii.Fecit
1570 3223 1665 3271 autem
1680 3219 1710 3272 in
1720 3236 1779 3274 mo-

137 3303 209 3358 enim
221 3320 287 3375 quae
299 3321 317 3357 a
330 3312 358 3357 te
372 3306 465 3370 audio,
475 3306 582 3360 discere
594 3306 737 3377 volo,quia
749 3307 864 3376 ignarus
874 3322 937 3360 sum
977 3305 1101 3359 nasterio
1120 3304 1200 3375 quasi
1223 3320 1333 3357 menses
1353 3309 1483 3374 quatuor,
1505 3305 1630 3360 serviens
1649 3307 1779 3363 omnibus

137 3397 161 3447 et
174 3393 293 3447 stultus.
309 3390 463 3464 Respondit
473 3395 497 3448 ei
514 3395 607 3448 senior
624 3413 629 3446 :
647 3395 676 3449 Si
687 3396 750 3465 quis
762 3395 935 3465 jejunaverit
977 3392 1168 3464 sinequerela,
1183 3396 1213 3448 iu
1225 3393 1326 3464 quibus
1336 3394 1506 3448 Psalterium
1516 3412 1548 3449 ex
1560 3396 1780 3466 integromemo·

132 3481 251 3552 iugiter,
270 3487 299 3534 et
312 3481 518 3536 obsecrationes
528 3484 837 3555 feceritpermomeuta,
850 3491 879 3538 et
888 3463 969 3539 hu·D
980 3482 1028 3537 riae
1041 3483 1254 3547 commendavit,
1273 3482 1397 3552 quotidie
1413 3483 1569 3554 percipiens
1592 3485 1685 3538 cibum
1709 3486 1780 3540 divi-

134 3570 291 3624 miliarem't
299 3571 423 3642 seipsum
433 3572 510 3625 omui
519 3573 636 3631 homini.
647 3581 675 3628 et
685 3591 741 3627 non
749 3573 877 3628 dilexerit
887 3591 938 3627 au·
980 3589 1057 3627 num.
1075 3572 1176 3627 Cibum
1191 3588 1255 3626 uero
1281 3588 1364 3642 quem
1382 3572 1466 3626 simul
1481 3589 1546 3626 cum
1560 3573 1693 3628 fratribus
1704 3576 1779 3630 acci-

130 3674 209 3726 tum,
226 3676 321 3730 neque
335 3667 475 3730 parentes,
485 3678 575 3731 neque
588 3663 762 3726 vestimentu,
777 3680 867 3733 neque
878 3680 939 3734 pos·
980 3661 1083 3733 piebat,
1099 3662 1183 3715 tacite
1209 3659 1379 3732 pauperibus
1402 3660 1545 3731 erogabat,
1562 3678 1619 3715 non
1643 3662 1779 3719 sollicitus

128 3748 287 3811 sessiones,
295 3748 448 3803 etlionorat
458 3755 567 3819 patrem
584 3758 613 3805 et
627 3758 756 3818 matrem,
769 3758 797 3806 et
809 3753 938 3806 sacerdo·
979 3751 1014 3805 de
1033 3751 1165 3805 crastino.
1190 3751 1302 3803 Fratres
1324 3765 1389 3818 ergo
1412 3749 1447 3802 ad
1473 3767 1628 3821 uesperam,
1644 3751 1691 3805 ille
1713 3768 1779 3806 vero

129 3837 785 3911 tesDeiprosequitur,hiehaeredimbitregnum
791 3849 936 3903 aeternum
979 3840 1098 3911 septimo
1112 3840 1157 3893 die
1171 3838 1264 3892 cibum
1275 3837 1412 3891 sumebat.

127 3927 226 3998 etqui
240 3925 398 3981 econtrario
414 3929 468 3981 istu
487 3944 542 3981 non
556 3930 688 3991 custodit,
698 3930 742 3983 hic
762 3930 939 3984 haereditabit
1015 3930 1080 3984 Cau.
1090 3929 1241 3983 lli-Una
1249 3934 1344 3983 autem
1353 3927 1462 3981 dierum
1472 3927 1615 3998 ingressus
1622 3930 1779 3999 adputeum

126 4014 269 4070 tenebras
281 4015 516 4087 exteriores,quas
527 4019 717 4089 panxxitDeus
729 4020 840 4074 diabolo
852 4025 881 4073 et
890 4036 939 4073 an·
979 4035 1080 4089 aquam
1097 4017 1219 4081 haurire,
1228 4016 1349 4086 sumpsit
1365 4016 1461 4070 funem
1475 4017 1509 4070 de
1523 4017 1617 4083 situla,
1630 4019 1704 4072 unde
1720 4019 1777 4072 sra-

128 4102 209 4175 gelis
224 4105 289 4174 ejus
300 4104 408 4176 (Multis.
423 4120 493 4171 xxn,
507 4107 582 4178 xxv).
593 4108 760 4173 lstaomnia,
777 4109 827 4173 sili,
840 4109 938 4162 inmo·
979 4114 1036 4162 tres
1051 4123 1153 4178 aquam
1167 4105 1343 4162 hauriebant.
1357 4110 1385 4159 et
1395 4105 1509 4159 involvit
1522 4122 1588 4160 eum
1602 4107 1654 4160 toti
1669 4107 1778 4179 corpori

127 4192 263 4247 nastfflio
274 4198 490 4265 exaggerantur.
499 4195 624 4250 Audiens
634 4197 691 4252 haec
701 4197 800 4252 beatus
812 4197 937 4257 Simeon,
980 4213 1030 4251 suo
1045 4197 1120 4250 nudo
1131 4214 1149 4250 a
1158 4195 1271 4250 renibus
1286 4209 1373 4263 usque
1389 4193 1425 4245 ad
1439 4194 1542 4246 collum
1555 4212 1561 4260 3
1582 4201 1610 4247 et
1623 4195 1776 4265 ingressus,

125 4281 239 4337 aecidat
252 4281 289 4335 ad
304 4281 390 4352 pedes
405 4283 475 4352 ejus,
491 4282 586 4337 dicens
603 4287 663 4340 :Tu
677 4303 707 4340 es
720 4293 800 4357 pater
817 4302 897 4340 meus
911 4291 939 4339 et
980 4283 1048 4339 dicit
1057 4284 1190 4339 fratribus
1203 4302 1208 4335 :
1225 4281 1301 4336 Exivi
1316 4281 1430 4334 haurire
1440 4297 1553 4351 aquam,
1566 4288 1595 4335 et
1612 4298 1669 4336 non
1684 4283 1779 4337 inveni

126 4374 228 4424 mater
242 4386 317 4435 mea,
334 4376 363 4424 et
376 4370 473 4424 doctor
485 4388 602 4443 operum
617 4373 763 4441 bonorum,
785 4380 813 4429 et
833 4376 889 4429 dux
903 4374 939 4427 ad
979 4373 1074 4429 funem
1095 4374 1124 4426 in
1138 4373 1232 4426 situla.
1249 4371 1284 4424 Et
1302 4369 1343 4423 illi
1358 4369 1490 4423 dixerunt
1507 4387 1512 4421 :
1528 4370 1609 4437 Tace,
1629 4369 1726 4437 irater,
1743 4387 1779 4425 ne

127 4473 225 4529 regna
239 4458 384 4513 ooelorum.
401 4460 442 4514 Tu
455 4460 531 4514 enim
542 4462 685 4532 acquisisti
695 4465 819 4518 animam
834 4481 935 4530 uieam,
982 4463 1053 4517 sorte
1067 4466 1202 4532 agnoscat
1215 4458 1311 4521 abbas,
1327 4474 1472 4529 quousque
1486 4464 1599 4529 tempus
1619 4464 1777 4530 praetereat.

130 4548 266 4618 quaejam
275 4547 456 4619 mergebatur
464 4548 493 4601 in
502 4550 835 4620 perditionemDominus
842 4553 941 4607 reddat
981 4551 1172 4608 Putresactum
1187 4553 1229 4603 est
1243 4553 1338 4603 autem
1347 4564 1448 4618 cerpus
1458 4549 1519 4617 ejus
1530 4548 1563 4601 de
1575 4546 1744 4619 obligatione
1751 4555 1780 4603 et

131 4634 188 4692 tibi
213 4637 437 4691 vicissitudinem
455 4655 505 4709 pro
519 4639 614 4693 anima
626 4657 699 4695 mea.
716 4642 774 4697 Ista
787 4649 854 4697 sunt
864 4642 939 4697 enim
981 4641 1136 4712 asperitate
1152 4639 1236 4706 lunis,
1254 4638 1321 4709 quia
1338 4641 1423 4703 n}
1437 4635 1551 4690 secabat
1565 4653 1630 4691 eum
1645 4653 1732 4707 usque
1743 4638 1779 4693 ad

135 4743 199 4799 quae
218 4725 369 4780 aedificant.
394 4724 452 4797 Ego
466 4734 561 4782 autem
577 4730 637 4799 jam
654 4746 728 4784 nunc
741 4732 851 4798 vadem,
869 4732 940 4786 sicut
981 4748 1058 4797 ossa;
1073 4731 1217 4801 ingressus
1232 4733 1275 4783 est
1289 4727 1365 4782 enim
1378 4725 1408 4780 in
1421 4741 1533 4779 earnem
1549 4725 1633 4792 itaut
1644 4726 1781 4800 xixappa-

136 4814 270 4877 docuisti,
285 4815 315 4868 in
330 4817 543 4883 monasterium,
554 4817 602 4871 ubi
613 4819 687 4873 Deus
698 4820 833 4875 voluerit:
850 4826 879 4874 et
891 4815 968 4876 fiatc
978 4825 1062 4875 reret.
1078 4820 1206 4884 Quadam
1220 4822 1315 4871 autem
1331 4815 1377 4869 die
1391 4818 1524 4868 exeuntes
1534 4815 1620 4886 aliqui
1636 4815 1670 4870 de
1680 4815 1779 4871 fratri·

138 4904 269 4960 voluntas
279 4903 376 4975 ejusin
384 4920 438 4958 me.
449 4904 524 4958 Dixit
537 4905 577 4960 illi
592 4907 940 4981 seni01·:Fili,p1iusquam
981 4910 1042 4971 bus,
1059 4909 1227 4963 invenerunt
1239 4923 1304 4960 eum
1314 4904 1407 4958 cibum
1421 4919 1503 4958 suum
1517 4904 1632 4959 dantem
1647 4905 1780 4977 pauperi·
1879 4917 1887 4931 ³

135 4991 307 5065 ingrediaris
315 4994 527 5057 monasterium,
538 4996 605 5050 audi
614 5014 675 5067 quae
685 4997 756 5052 dico.
767 4998 939 5053 Tribulatio-
980 4997 1050 5064 bus3
1066 5003 1095 5051 et
1108 4994 1238 5067 regressi,
1259 4993 1390 5047 dixerunt
1413 4990 1508 5046 abbati
1525 5011 1530 5044 :
1549 4993 1623 5047 unde
1637 4994 1718 5048 nobis
1732 4995 1780 5050 ad-

141 5096 204 5136 nem
225 5080 376 5135 imbittrrus
396 5098 446 5141 es:
466 5099 578 5138 necesse
596 5090 639 5138 est
654 5087 729 5140 enim
751 5094 778 5141 te
792 5088 897 5142 servire
913 5094 941 5142 et
981 5087 1085 5141 duxisti
1102 5086 1246 5140 hominem
1268 5081 1375 5136 istum?
1389 5082 1452 5135 Non
1466 5098 1616 5151 possumus
1638 5082 1782 5140 abstinere

143 5169 256 5242 illigare
269 5170 299 5225 in
309 5170 482 5235 nuditateet
496 5172 686 5229 indesinenter
698 5176 837 5231 sustinere
848 5178 938 5232 mala:
981 5176 1124 5242 sentilla,
1142 5176 1177 5228 do
1186 5171 1332 5227 Domiuiea
1343 5170 1418 5225 enim
1432 5170 1460 5222 in
1471 5170 1645 5225 Dominicam
1657 5173 1780 5243 jejunat,

145 5259 290 5313 etiterum
303 5258 504 5315 confortandus
519 5279 557 5328 es,
575 5280 622 5316 vas
633 5264 786 5335 pretiosum
797 5267 864 5322 Deo.
982 5265 1057 5319 eibos
1072 5280 1141 5334 quos
1156 5261 1257 5333 accipit
1272 5259 1440 5331 pauperibus
1456 5266 1554 5330 erogat
1567 5279 1573 5313 :
1599 5260 1648 5314 sed
1663 5268 1691 5315 et
1710 5262 1783 5315 letor

178 5348 242 5402 Can.
255 5346 367 5402 lI.-Et
373 5348 469 5402 statim
484 5350 577 5405 exiens
593 5352 692 5408 beatus
703 5354 797 5409 Simon
808 5355 842 5409 de
857 5357 942 5409 eccle·
982 5353 1164 5425 gravissimus
1179 5350 1324 5421 egreditur
1335 5350 1369 5404 de
1383 5365 1500 5420 corpore
1514 5350 1586 5418 ejus,
1593 5349 1634 5403 ita
1642 5355 1674 5403 ut
1687 5349 1784 5404 nullus

148 5434 193 5501 sla,
200 5436 261 5491 ibat
269 5436 300 5491 in
313 5438 516 5492 monasterium
530 5442 619 5496 sancti
633 5442 773 5497 Timothei
784 5442 822 5513 (b)
836 5445 942 5516 magui·
981 5446 1063 5515 juxta
1074 5458 1140 5496 eum
1151 5445 1226 5494 stare
1236 5439 1337 5510 possit,
1352 5444 1380 5493 et
1395 5454 1459 5492 cum
1477 5438 1611 5504 ambulat,
1624 5454 1733 5492 vermes
1748 5437 1784 5490 de

152 5524 189 5579 fid
201 5525 255 5581 llss'
264 5526 313 5595 (Vll
324 5531 352 5579 et
365 5525 514 5599 procidens
525 5535 589 5584 ante
603 5531 676 5587 fores
686 5533 860 5600 monasterii,
864 5535 942 5605 J'ace-
984 5547 1100 5603 corpere
1114 5531 1175 5600 ejus
1189 5530 1303 5595 cadunt,
1316 5530 1459 5599 lectusque
1472 5529 1533 5597 ejus
1549 5526 1648 5597 plenus
1665 5531 1708 5580 est
1725 5538 1785 5578 ven

154 5611 195 5668 bat
206 5631 257 5687 per
269 5614 330 5669 dies
339 5615 463 5688 quinque
476 5630 534 5672 non
544 5621 716 5678 manducans
730 5639 822 5694 neque
831 5622 939 5678 bibens.
984 5620 1085 5676 mibus.
1095 5621 1173 5676 Tunc
1185 5621 1279 5676 exiens
1289 5617 1374 5673 abbas
1391 5616 1498 5670 invenit
1509 5615 1581 5669 sicut
1589 5613 1631 5668 illi
1643 5613 1784 5680 dixerunt3
