<?xml version="1.0" encoding="UTF-8"?>
<!DOCTYPE html PUBLIC "-//W3C//DTD XHTML 1.0 Transitional//EN"
    "http://www.w3.org/TR/xhtml1/DTD/xhtml1-transitional.dtd">
<html xmlns="http://www.w3.org/1999/xhtml" xml:lang="en" lang="en">
 <head>
  <title>
</title>
<meta http-equiv="Content-Type" content="text/html;charset=utf-8" />
  <meta name='ocr-system' content='tesseract 3.04.00' />
  <meta name='ocr-capabilities' content='ocr_page ocr_carea ocr_par ocr_line ocrx_word'/>
</head>
<body>
  <div class='ocr_page' id='page_1' title='image "./patrologiaecurs38unkngoog/patrologiaecurs38unkngoog_0303.png"; bbox 0 0 3818 6120; ppageno 0'>
   <div class='ocr_carea' id='block_1_1' title="bbox 130 204 1771 273">
    <p class='ocr_par' dir='ltr' id='par_1_1' title="bbox 130 204 1771 273">
     <span class='ocr_line' id='line_1_1' title="bbox 130 204 1771 273; baseline -0.002 -4"><span class='ocrx_word' id='word_1_1' title='bbox 130 210 182 270; x_wconf 82' lang='lat'>595</span> <span class='ocrx_word' id='word_1_2' title='bbox 641 213 688 269; x_wconf 88' lang='lat' dir='ltr'>DE</span> <span class='ocrx_word' id='word_1_3' title='bbox 706 212 801 271; x_wconf 77' lang='lat' dir='ltr'>vlrrs</span> <span class='ocrx_word' id='word_1_4' title='bbox 821 213 970 271; x_wconf 86' lang='lat' dir='ltr'>PATRUM</span> <span class='ocrx_word' id='word_1_5' title='bbox 989 215 1097 273; x_wconf 85' lang='lat' dir='ltr'><strong>LIBER</strong></span> <span class='ocrx_word' id='word_1_6' title='bbox 1114 211 1260 270; x_wconf 85' lang='lat' dir='ltr'><strong>PRIMUS.</strong></span> <span class='ocrx_word' id='word_1_7' title='bbox 1720 204 1771 265; x_wconf 73' lang='lat' dir='ltr'>aab</span> 
     </span>
    </p>
   </div>
   <div class='ocr_carea' id='block_1_2' title="bbox 104 332 1787 3541">
    <p class='ocr_par' dir='ltr' id='par_1_2' title="bbox 104 332 1787 3541">
     <span class='ocr_line' id='line_1_2' title="bbox 129 332 1770 415; baseline -0.001 -22"><span class='ocrx_word' id='word_1_8' title='bbox 129 338 273 411; x_wconf 81' lang='lat' dir='ltr'>amplexus</span> <span class='ocrx_word' id='word_1_9' title='bbox 280 338 376 393; x_wconf 87' lang='lat' dir='ltr'>statim</span> <span class='ocrx_word' id='word_1_10' title='bbox 386 341 514 405; x_wconf 81' lang='lat' dir='ltr'>ruerunt,</span> <span class='ocrx_word' id='word_1_11' title='bbox 527 338 690 395; x_wconf 88' lang='lat' dir='ltr'>diuturnam</span> <span class='ocrx_word' id='word_1_12' title='bbox 698 340 880 413; x_wconf 88' lang='lat' dir='ltr'>cupiditatem</span> <span class='ocrx_word' id='word_1_13' title='bbox 892 342 928 397; x_wconf 92' lang='lat' dir='ltr'>si·</span> <span class='ocrx_word' id='word_1_14' title='bbox 937 342 1117 415; x_wconf 79' lang='lat' dir='ltr'>Aspicituale</span> <span class='ocrx_word' id='word_1_15' title='bbox 1131 337 1301 409; x_wconf 86' lang='lat' dir='ltr'>colloquium</span> <span class='ocrx_word' id='word_1_16' title='bbox 1314 334 1450 400; x_wconf 90' lang='lat' dir='ltr'>inierunt,</span> <span class='ocrx_word' id='word_1_17' title='bbox 1468 333 1607 388; x_wconf 86' lang='lat' dir='ltr'>salutares</span> <span class='ocrx_word' id='word_1_18' title='bbox 1621 332 1770 391; x_wconf 79' lang='lat' dir='ltr'>accoelcati</span> 
     </span>
     <span class='ocr_line' id='line_1_3' title="bbox 130 426 1772 504; baseline -0.007 -14"><span class='ocrx_word' id='word_1_19' title='bbox 130 444 166 484; x_wconf 76' lang='lat' dir='ltr'>ne</span> <span class='ocrx_word' id='word_1_20' title='bbox 179 429 237 484; x_wconf 79' lang='lat' dir='ltr'>ulla</span> <span class='ocrx_word' id='word_1_21' title='bbox 252 428 381 483; x_wconf 73' lang='lat' dir='ltr'>satietate</span> <span class='ocrx_word' id='word_1_22' title='bbox 400 427 552 498; x_wconf 72' lang='lat' dir='ltr'>explentes·</span> <span class='ocrx_word' id='word_1_23' title='bbox 698 489 699 492; x_wconf 68' lang='grc'>,</span> <span class='ocrx_word' id='word_1_24' title='bbox 969 431 1108 504; x_wconf 88' lang='lat' dir='ltr'>sapientia</span> <span class='ocrx_word' id='word_1_25' title='bbox 1122 431 1220 502; x_wconf 91' lang='lat' dir='ltr'>plenos</span> <span class='ocrx_word' id='word_1_26' title='bbox 1234 440 1378 480; x_wconf 86' lang='lat' dir='ltr'>sermones</span> <span class='ocrx_word' id='word_1_27' title='bbox 1392 439 1442 496; x_wconf 90' lang='lat' dir='ltr'>per</span> <span class='ocrx_word' id='word_1_28' title='bbox 1456 426 1665 479; x_wconf 86' lang='lat' dir='ltr'>totamnoctem</span> <span class='ocrx_word' id='word_1_29' title='bbox 1679 428 1772 478; x_wconf 73' lang='lat' dir='ltr'>conte</span> 
     </span>
     <span class='ocr_line' id='line_1_4' title="bbox 166 513 1770 591; baseline -0.004 -18"><span class='ocrx_word' id='word_1_30' title='bbox 166 518 237 573; x_wconf 85' lang='lat' dir='ltr'>Cum</span> <span class='ocrx_word' id='word_1_31' title='bbox 246 523 340 570; x_wconf 88' lang='lat' dir='ltr'>antem</span> <span class='ocrx_word' id='word_1_32' title='bbox 350 515 459 570; x_wconf 82' lang='lat' dir='ltr'>abunde</span> <span class='ocrx_word' id='word_1_33' title='bbox 470 533 530 570; x_wconf 90' lang='lat' dir='ltr'>sese</span> <span class='ocrx_word' id='word_1_34' title='bbox 541 518 677 589; x_wconf 86' lang='lat' dir='ltr'>complexi</span> <span class='ocrx_word' id='word_1_35' title='bbox 697 519 825 586; x_wconf 87' lang='lat' dir='ltr'>fuissent,</span> <span class='ocrx_word' id='word_1_36' title='bbox 843 525 928 591; x_wconf 90' lang='lat' dir='ltr'>atque</span> <span class='ocrx_word' id='word_1_37' title='bbox 969 526 1076 587; x_wconf 78' lang='lat' dir='ltr'>nentes,</span> <span class='ocrx_word' id='word_1_38' title='bbox 1085 518 1267 591; x_wconf 84' lang='lat' dir='ltr'>quoadusque</span> <span class='ocrx_word' id='word_1_39' title='bbox 1278 531 1385 571; x_wconf 77' lang='lat' dir='ltr'>aurora</span> <span class='ocrx_word' id='word_1_40' title='bbox 1397 518 1509 568; x_wconf 74' lang='lat' dir='ltr'>exortus</span> <span class='ocrx_word' id='word_1_41' title='bbox 1521 513 1557 568; x_wconf 88' lang='lat' dir='ltr'>ad</span> <span class='ocrx_word' id='word_1_42' title='bbox 1571 518 1770 568; x_wconf 87' lang='lat' dir='ltr'>consuetarum</span> 
     </span>
     <span class='ocr_line' id='line_1_5' title="bbox 131 602 1683 678; baseline -0.003 -16"><span class='ocrx_word' id='word_1_43' title='bbox 131 607 346 671; x_wconf 82' lang='lat' dir='ltr'>consultassent,</span> <span class='ocrx_word' id='word_1_44' title='bbox 358 605 488 659; x_wconf 85' lang='lat' dir='ltr'>sedentes</span> <span class='ocrx_word' id='word_1_45' title='bbox 500 605 573 661; x_wconf 91' lang='lat' dir='ltr'>inter</span> <span class='ocrx_word' id='word_1_46' title='bbox 582 624 612 661; x_wconf 86' lang='lat' dir='ltr'>se</span> <span class='ocrx_word' id='word_1_47' title='bbox 633 607 875 678; x_wconf 77' lang='lat' dir='ltr'>colloquebantur.</span> <span class='ocrx_word' id='word_1_48' title='bbox 890 610 929 663; x_wconf 84' lang='lat' dir='ltr'>Ac</span> <span class='ocrx_word' id='word_1_49' title='bbox 969 627 1068 665; x_wconf 89' lang='lat' dir='ltr'>rursus</span> <span class='ocrx_word' id='word_1_50' title='bbox 1083 608 1242 662; x_wconf 90' lang='lat' dir='ltr'>orationum</span> <span class='ocrx_word' id='word_1_51' title='bbox 1255 602 1421 659; x_wconf 90' lang='lat' dir='ltr'>memoriam</span> <span class='ocrx_word' id='word_1_52' title='bbox 1435 602 1510 673; x_wconf 90' lang='lat' dir='ltr'>ipsos</span> <span class='ocrx_word' id='word_1_53' title='bbox 1527 609 1683 657; x_wconf 86' lang='lat' dir='ltr'>revocaret.</span> 
     </span>
     <span class='ocr_line' id='line_1_6' title="bbox 131 691 1773 765; baseline -0.001 -14"><span class='ocrx_word' id='word_1_54' title='bbox 131 711 289 751; x_wconf 89' lang='lat' dir='ltr'>sermonem</span> <span class='ocrx_word' id='word_1_55' title='bbox 299 694 603 762; x_wconf 84' lang='lat' dir='ltr'>exorsusBarlaam,his</span> <span class='ocrx_word' id='word_1_56' title='bbox 612 696 777 752; x_wconf 81' lang='lat' dir='ltr'>uerbisusus</span> <span class='ocrx_word' id='word_1_57' title='bbox 788 705 844 753; x_wconf 88' lang='lat' dir='ltr'>est:</span> <span class='ocrx_word' id='word_1_58' title='bbox 856 699 928 752; x_wconf 81' lang='lat' dir='ltr'>Prae·</span> <span class='ocrx_word' id='word_1_59' title='bbox 1008 699 1112 753; x_wconf 86' lang='lat' dir='ltr'>Mansit</span> <span class='ocrx_word' id='word_1_60' title='bbox 1126 701 1222 751; x_wconf 90' lang='lat' dir='ltr'>autem</span> <span class='ocrx_word' id='word_1_61' title='bbox 1237 693 1272 748; x_wconf 88' lang='lat' dir='ltr'>ad</span> <span class='ocrx_word' id='word_1_62' title='bbox 1287 694 1362 748; x_wconf 91' lang='lat' dir='ltr'>hunc</span> <span class='ocrx_word' id='word_1_63' title='bbox 1376 691 1491 746; x_wconf 91' lang='lat' dir='ltr'>modum</span> <span class='ocrx_word' id='word_1_64' title='bbox 1501 691 1636 747; x_wconf 89' lang='lat' dir='ltr'>diuturno</span> <span class='ocrx_word' id='word_1_65' title='bbox 1649 697 1773 765; x_wconf 87' lang='lat' dir='ltr'>tempere</span> 
     </span>
     <span class='ocr_line' id='line_1_7' title="bbox 132 779 1775 858; baseline -0.001 -19"><span class='ocrx_word' id='word_1_66' title='bbox 132 786 205 839; x_wconf 89' lang='lat' dir='ltr'>clare</span> <span class='ocrx_word' id='word_1_67' title='bbox 214 783 314 849; x_wconf 84' lang='lat' dir='ltr'>fecisti,</span> <span class='ocrx_word' id='word_1_68' title='bbox 324 784 372 856; x_wconf 93' lang='lat' dir='ltr'>qui</span> <span class='ocrx_word' id='word_1_69' title='bbox 379 785 434 839; x_wconf 92' lang='lat' dir='ltr'>huc</span> <span class='ocrx_word' id='word_1_70' title='bbox 446 785 562 851; x_wconf 88' lang='lat' dir='ltr'>veneris,</span> <span class='ocrx_word' id='word_1_71' title='bbox 576 786 674 840; x_wconf 89' lang='lat' dir='ltr'>dilecte</span> <span class='ocrx_word' id='word_1_72' title='bbox 682 787 788 853; x_wconf 87' lang='lat' dir='ltr'>tili,tili,</span> <span class='ocrx_word' id='word_1_73' title='bbox 801 788 926 858; x_wconf 89' lang='lat' dir='ltr'>inquam,</span> <span class='ocrx_word' id='word_1_74' title='bbox 972 806 1034 843; x_wconf 91' lang='lat' dir='ltr'>cum</span> <span class='ocrx_word' id='word_1_75' title='bbox 1059 787 1208 842; x_wconf 86' lang='lat' dir='ltr'>Barlaumo</span> <span class='ocrx_word' id='word_1_76' title='bbox 1228 783 1373 855; x_wconf 78' lang='lat' dir='ltr'>iosaphat,</span> <span class='ocrx_word' id='word_1_77' title='bbox 1391 779 1586 835; x_wconf 83' lang='lat' dir='ltr'>admirabilem</span> <span class='ocrx_word' id='word_1_78' title='bbox 1602 781 1678 837; x_wconf 88' lang='lat' dir='ltr'>hanc</span> <span class='ocrx_word' id='word_1_79' title='bbox 1692 788 1775 855; x_wconf 85' lang='lat' dir='ltr'>atque</span> 
     </span>
     <span class='ocr_line' id='line_1_8' title="bbox 132 869 1774 946; baseline -0.001 -16"><span class='ocrx_word' id='word_1_80' title='bbox 132 875 192 941; x_wconf 88' lang='lat' dir='ltr'>Dei,</span> <span class='ocrx_word' id='word_1_81' title='bbox 208 892 241 929; x_wconf 87' lang='lat' dir='ltr'>ac</span> <span class='ocrx_word' id='word_1_82' title='bbox 253 875 374 929; x_wconf 87' lang='lat' dir='ltr'>coelestis</span> <span class='ocrx_word' id='word_1_83' title='bbox 384 875 464 946; x_wconf 89' lang='lat' dir='ltr'>regui</span> <span class='ocrx_word' id='word_1_84' title='bbox 474 875 562 930; x_wconf 85' lang='lat' dir='ltr'>haeres</span> <span class='ocrx_word' id='word_1_85' title='bbox 577 893 627 946; x_wconf 91' lang='lat' dir='ltr'>per</span> <span class='ocrx_word' id='word_1_86' title='bbox 641 876 791 930; x_wconf 89' lang='lat' dir='ltr'>Dominum</span> <span class='ocrx_word' id='word_1_87' title='bbox 804 884 931 933; x_wconf 86' lang='lat' dir='ltr'>nostrum</span> <span class='ocrx_word' id='word_1_88' title='bbox 973 878 1099 932; x_wconf 88' lang='lat' dir='ltr'>humana</span> <span class='ocrx_word' id='word_1_89' title='bbox 1112 874 1271 930; x_wconf 90' lang='lat' dir='ltr'>conditione</span> <span class='ocrx_word' id='word_1_90' title='bbox 1283 869 1507 944; x_wconf 66' lang='lat' dir='ltr'>prestantiorem</span> <span class='ocrx_word' id='word_1_91' title='bbox 1524 870 1613 926; x_wconf 83' lang='lat' dir='ltr'>vitam</span> <span class='ocrx_word' id='word_1_92' title='bbox 1627 872 1734 938; x_wconf 86' lang='lat' dir='ltr'>colens,</span> <span class='ocrx_word' id='word_1_93' title='bbox 1743 890 1774 928; x_wconf 90' lang='lat' dir='ltr'>ac</span> 
     </span>
     <span class='ocr_line' id='line_1_9' title="bbox 132 959 1780 1037; baseline -0.001 -18"><span class='ocrx_word' id='word_1_94' title='bbox 132 964 227 1019; x_wconf 89' lang='lat' dir='ltr'>Jesum</span> <span class='ocrx_word' id='word_1_95' title='bbox 252 964 402 1029; x_wconf 83' lang='lat' dir='ltr'>Christum,</span> <span class='ocrx_word' id='word_1_96' title='bbox 425 980 508 1035; x_wconf 91' lang='lat' dir='ltr'>quem</span> <span class='ocrx_word' id='word_1_97' title='bbox 533 964 664 1031; x_wconf 82' lang='lat' dir='ltr'>dilexisti,</span> <span class='ocrx_word' id='word_1_98' title='bbox 681 972 765 1036; x_wconf 88' lang='lat' dir='ltr'>atquc</span> <span class='ocrx_word' id='word_1_99' title='bbox 779 967 890 1021; x_wconf 85' lang='lat' dir='ltr'>caducis</span> <span class='ocrx_word' id='word_1_100' title='bbox 905 972 933 1021; x_wconf 89' lang='lat' dir='ltr'>et</span> <span class='ocrx_word' id='word_1_101' title='bbox 974 973 1109 1037; x_wconf 89' lang='lat' dir='ltr'>tanquam</span> <span class='ocrx_word' id='word_1_102' title='bbox 1120 969 1230 1036; x_wconf 86' lang='lat' dir='ltr'>patrem</span> <span class='ocrx_word' id='word_1_103' title='bbox 1243 967 1272 1016; x_wconf 90' lang='lat' dir='ltr'>et</span> <span class='ocrx_word' id='word_1_104' title='bbox 1284 960 1639 1033; x_wconf 85' lang='lat' dir='ltr'>praeceptoremeumomni</span> <span class='ocrx_word' id='word_1_105' title='bbox 1651 959 1780 1017; x_wconf 86' lang='lat' dir='ltr'>obedien·</span> 
     </span>
     <span class='ocr_line' id='line_1_10' title="bbox 133 1042 1777 1124; baseline -0.001 -17"><span class='ocrx_word' id='word_1_106' title='bbox 133 1052 278 1124; x_wconf 79' lang='lat' dir='ltr'>fragilibus</span> <span class='ocrx_word' id='word_1_107' title='bbox 292 1053 372 1108; x_wconf 90' lang='lat' dir='ltr'>honis</span> <span class='ocrx_word' id='word_1_108' title='bbox 391 1070 447 1108; x_wconf 93' lang='lat' dir='ltr'>non</span> <span class='ocrx_word' id='word_1_109' title='bbox 462 1054 511 1108; x_wconf 87' lang='lat' dir='ltr'>abs</span> <span class='ocrx_word' id='word_1_110' title='bbox 524 1070 555 1107; x_wconf 88' lang='lat' dir='ltr'>re</span> <span class='ocrx_word' id='word_1_111' title='bbox 570 1053 726 1108; x_wconf 85' lang='lat' dir='ltr'>chariorem</span> <span class='ocrx_word' id='word_1_112' title='bbox 742 1055 874 1120; x_wconf 87' lang='lat' dir='ltr'>habuisti,</span> <span class='ocrx_word' id='word_1_113' title='bbox 890 1074 931 1123; x_wconf 88' lang='lat' dir='ltr'>ac,</span> <span class='ocrx_word' id='word_1_114' title='bbox 975 1055 1015 1108; x_wconf 89' lang='lat' dir='ltr'>tia</span> <span class='ocrx_word' id='word_1_115' title='bbox 1030 1053 1224 1109; x_wconf 86' lang='lat' dir='ltr'>ethumilitate</span> <span class='ocrx_word' id='word_1_116' title='bbox 1239 1042 1331 1122; x_wconf 86' lang='lat' dir='ltr'>ipsum</span> <span class='ocrx_word' id='word_1_117' title='bbox 1342 1065 1462 1120; x_wconf 89' lang='lat' dir='ltr'>sequens</span> <span class='ocrx_word' id='word_1_118' title='bbox 1476 1048 1685 1116; x_wconf 87' lang='lat' dir='ltr'>:sicnimirum,</span> <span class='ocrx_word' id='word_1_119' title='bbox 1698 1054 1731 1104; x_wconf 89' lang='lat' dir='ltr'>ut</span> <span class='ocrx_word' id='word_1_120' title='bbox 1743 1052 1777 1106; x_wconf 88' lang='lat' dir='ltr'>ad</span> 
     </span>
     <span class='ocr_line' id='line_1_11' title="bbox 135 1140 1779 1215; baseline -0.001 -18"><span class='ocrx_word' id='word_1_121' title='bbox 135 1143 281 1214; x_wconf 86' lang='lat' dir='ltr'>prudentis</span> <span class='ocrx_word' id='word_1_122' title='bbox 297 1149 326 1198; x_wconf 89' lang='lat' dir='ltr'>ct</span> <span class='ocrx_word' id='word_1_123' title='bbox 339 1143 473 1215; x_wconf 89' lang='lat' dir='ltr'>sapientis</span> <span class='ocrx_word' id='word_1_124' title='bbox 489 1143 651 1197; x_wconf 89' lang='lat' dir='ltr'>mercatoris</span> <span class='ocrx_word' id='word_1_125' title='bbox 661 1143 887 1200; x_wconf 89' lang='lat' dir='ltr'>instaromnihus</span> <span class='ocrx_word' id='word_1_126' title='bbox 896 1149 934 1200; x_wconf 90' lang='lat' dir='ltr'>ta·</span> <span class='ocrx_word' id='word_1_127' title='bbox 975 1161 1058 1199; x_wconf 91' lang='lat' dir='ltr'>omne</span> <span class='ocrx_word' id='word_1_128' title='bbox 1071 1142 1181 1198; x_wconf 70' lang='lat' dir='ltr'>uirtutis</span> <span class='ocrx_word' id='word_1_129' title='bbox 1196 1140 1321 1195; x_wconf 89' lang='lat' dir='ltr'>studium</span> <span class='ocrx_word' id='word_1_130' title='bbox 1337 1146 1523 1204; x_wconf 83' lang='lat' dir='ltr'>exerceretur,</span> <span class='ocrx_word' id='word_1_131' title='bbox 1547 1143 1634 1212; x_wconf 89' lang='lat' dir='ltr'>atque</span> <span class='ocrx_word' id='word_1_132' title='bbox 1657 1156 1779 1212; x_wconf 90' lang='lat' dir='ltr'>quonam</span> 
     </span>
     <span class='ocr_line' id='line_1_12' title="bbox 136 1227 1777 1306; baseline -0.001 -20"><span class='ocrx_word' id='word_1_133' title='bbox 136 1232 288 1287; x_wconf 87' lang='lat' dir='ltr'>cultatibus</span> <span class='ocrx_word' id='word_1_134' title='bbox 299 1232 617 1303; x_wconf 86' lang='lat' dir='ltr'>venditis,margaritam</span> <span class='ocrx_word' id='word_1_135' title='bbox 626 1234 749 1304; x_wconf 84' lang='lat' dir='ltr'>pretium</span> <span class='ocrx_word' id='word_1_136' title='bbox 764 1251 846 1288; x_wconf 80' lang='lat' dir='ltr'>orrrne</span> <span class='ocrx_word' id='word_1_137' title='bbox 855 1252 936 1306; x_wconf 90' lang='lat' dir='ltr'>supe·</span> <span class='ocrx_word' id='word_1_138' title='bbox 977 1239 1128 1306; x_wconf 88' lang='lat' dir='ltr'>pactocum</span> <span class='ocrx_word' id='word_1_139' title='bbox 1137 1228 1329 1303; x_wconf 86' lang='lat' dir='ltr'>spiritualibus</span> <span class='ocrx_word' id='word_1_140' title='bbox 1341 1234 1370 1283; x_wconf 85' lang='lat' dir='ltr'>ct</span> <span class='ocrx_word' id='word_1_141' title='bbox 1385 1227 1571 1283; x_wconf 75' lang='lat' dir='ltr'>invisibilibus</span> <span class='ocrx_word' id='word_1_142' title='bbox 1577 1228 1724 1301; x_wconf 89' lang='lat' dir='ltr'>spiritibus</span> <span class='ocrx_word' id='word_1_143' title='bbox 1734 1230 1777 1285; x_wconf 93' lang='lat' dir='ltr'>lu·</span> 
     </span>
     <span class='ocr_line' id='line_1_13' title="bbox 136 1317 1779 1396; baseline -0.001 -20"><span class='ocrx_word' id='word_1_144' title='bbox 136 1327 246 1376; x_wconf 83' lang='lat' dir='ltr'>rentem</span> <span class='ocrx_word' id='word_1_145' title='bbox 262 1321 364 1387; x_wconf 88' lang='lat' dir='ltr'>emisti,</span> <span class='ocrx_word' id='word_1_146' title='bbox 381 1339 413 1376; x_wconf 88' lang='lat' dir='ltr'>ac</span> <span class='ocrx_word' id='word_1_147' title='bbox 424 1322 589 1377; x_wconf 88' lang='lat' dir='ltr'>thesaurum</span> <span class='ocrx_word' id='word_1_148' title='bbox 601 1322 648 1393; x_wconf 90' lang='lat' dir='ltr'>qui</span> <span class='ocrx_word' id='word_1_149' title='bbox 661 1323 764 1394; x_wconf 90' lang='lat' dir='ltr'>surripi</span> <span class='ocrx_word' id='word_1_150' title='bbox 779 1341 835 1378; x_wconf 87' lang='lat' dir='ltr'>aon</span> <span class='ocrx_word' id='word_1_151' title='bbox 848 1324 937 1396; x_wconf 86' lang='lat' dir='ltr'>possit</span> <span class='ocrx_word' id='word_1_152' title='bbox 978 1323 1110 1378; x_wconf 78' lang='lat' dir='ltr'>standum</span> <span class='ocrx_word' id='word_1_153' title='bbox 1122 1324 1205 1388; x_wconf 89' lang='lat' dir='ltr'>esset,</span> <span class='ocrx_word' id='word_1_154' title='bbox 1223 1319 1396 1374; x_wconf 85' lang='lat' dir='ltr'>edoceretur.</span> <span class='ocrx_word' id='word_1_155' title='bbox 1409 1318 1449 1372; x_wconf 84' lang='lat' dir='ltr'>Ex</span> <span class='ocrx_word' id='word_1_156' title='bbox 1465 1333 1520 1389; x_wconf 90' lang='lat' dir='ltr'>quo</span> <span class='ocrx_word' id='word_1_157' title='bbox 1530 1317 1599 1373; x_wconf 92' lang='lat' dir='ltr'>illud</span> <span class='ocrx_word' id='word_1_158' title='bbox 1611 1324 1779 1375; x_wconf 90' lang='lat' dir='ltr'>consecutus</span> 
     </span>
     <span class='ocr_line' id='line_1_14' title="bbox 140 1407 1780 1483; baseline -0.001 -17"><span class='ocrx_word' id='word_1_159' title='bbox 140 1410 245 1478; x_wconf 78' lang='lat' dir='ltr'>tdlcttb.</span> <span class='ocrx_word' id='word_1_160' title='bbox 262 1413 316 1481; x_wconf 84' lang='lat' dir='ltr'>xv),</span> <span class='ocrx_word' id='word_1_161' title='bbox 328 1411 358 1466; x_wconf 91' lang='lat' dir='ltr'>in</span> <span class='ocrx_word' id='word_1_162' title='bbox 369 1428 436 1483; x_wconf 88' lang='lat' dir='ltr'>agro</span> <span class='ocrx_word' id='word_1_163' title='bbox 447 1411 646 1467; x_wconf 90' lang='lat' dir='ltr'>mandatorum</span> <span class='ocrx_word' id='word_1_164' title='bbox 659 1412 773 1467; x_wconf 88' lang='lat' dir='ltr'>Domini</span> <span class='ocrx_word' id='word_1_165' title='bbox 787 1413 936 1468; x_wconf 82' lang='lat' dir='ltr'>abscondi·</span> <span class='ocrx_word' id='word_1_166' title='bbox 978 1418 1030 1478; x_wconf 89' lang='lat' dir='ltr'>est,</span> <span class='ocrx_word' id='word_1_167' title='bbox 1042 1417 1074 1467; x_wconf 90' lang='lat' dir='ltr'>ut</span> <span class='ocrx_word' id='word_1_168' title='bbox 1084 1411 1196 1465; x_wconf 84' lang='lat' dir='ltr'>vitiosas</span> <span class='ocrx_word' id='word_1_169' title='bbox 1210 1425 1307 1463; x_wconf 89' lang='lat' dir='ltr'>omnes</span> <span class='ocrx_word' id='word_1_170' title='bbox 1321 1407 1482 1462; x_wconf 79' lang='lat' dir='ltr'>affectiones</span> <span class='ocrx_word' id='word_1_171' title='bbox 1492 1407 1695 1479; x_wconf 80' lang='lat' dir='ltr'>exstingueret,</span> <span class='ocrx_word' id='word_1_172' title='bbox 1718 1426 1780 1464; x_wconf 87' lang='lat' dir='ltr'>car·</span> 
     </span>
     <span class='ocr_line' id='line_1_15' title="bbox 138 1497 1781 1574; baseline -0.001 -19"><span class='ocrx_word' id='word_1_173' title='bbox 138 1505 199 1556; x_wconf 90' lang='lat' dir='ltr'>tum</span> <span class='ocrx_word' id='word_1_174' title='bbox 223 1505 332 1566; x_wconf 88' lang='lat' dir='ltr'>nactus,</span> <span class='ocrx_word' id='word_1_175' title='bbox 349 1501 445 1555; x_wconf 89' lang='lat' dir='ltr'>omnia</span> <span class='ocrx_word' id='word_1_176' title='bbox 458 1500 572 1568; x_wconf 86' lang='lat' dir='ltr'>dedisti,</span> <span class='ocrx_word' id='word_1_177' title='bbox 593 1502 698 1555; x_wconf 88' lang='lat' dir='ltr'>neerei</span> <span class='ocrx_word' id='word_1_178' title='bbox 715 1502 763 1556; x_wconf 93' lang='lat' dir='ltr'>ulli</span> <span class='ocrx_word' id='word_1_179' title='bbox 778 1519 810 1556; x_wconf 89' lang='lat' dir='ltr'>cx</span> <span class='ocrx_word' id='word_1_180' title='bbox 825 1503 860 1557; x_wconf 91' lang='lat' dir='ltr'>iis</span> <span class='ocrx_word' id='word_1_181' title='bbox 875 1520 936 1574; x_wconf 79' lang='lat' dir='ltr'>qum</span> <span class='ocrx_word' id='word_1_182' title='bbox 977 1503 1077 1574; x_wconf 88' lang='lat' dir='ltr'>nisque</span> <span class='ocrx_word' id='word_1_183' title='bbox 1087 1501 1217 1556; x_wconf 80' lang='lat' dir='ltr'>aflectum</span> <span class='ocrx_word' id='word_1_184' title='bbox 1232 1497 1353 1569; x_wconf 86' lang='lat' dir='ltr'>spiritui,</span> <span class='ocrx_word' id='word_1_185' title='bbox 1364 1512 1420 1551; x_wconf 92' lang='lat' dir='ltr'>non</span> <span class='ocrx_word' id='word_1_186' title='bbox 1433 1513 1513 1552; x_wconf 89' lang='lat' dir='ltr'>secus</span> <span class='ocrx_word' id='word_1_187' title='bbox 1523 1513 1555 1552; x_wconf 90' lang='lat' dir='ltr'>ac</span> <span class='ocrx_word' id='word_1_188' title='bbox 1567 1514 1681 1553; x_wconf 86' lang='lat' dir='ltr'>servum</span> <span class='ocrx_word' id='word_1_189' title='bbox 1692 1499 1781 1555; x_wconf 91' lang='lat' dir='ltr'>domi·</span> 
     </span>
     <span class='ocr_line' id='line_1_16' title="bbox 136 1585 1783 1663; baseline -0.001 -19"><span class='ocrx_word' id='word_1_190' title='bbox 136 1591 197 1662; x_wconf 90' lang='lat' dir='ltr'>jam</span> <span class='ocrx_word' id='word_1_191' title='bbox 209 1591 326 1662; x_wconf 89' lang='lat' dir='ltr'>jamque</span> <span class='ocrx_word' id='word_1_192' title='bbox 340 1590 483 1645; x_wconf 77' lang='lat' dir='ltr'>eflluxurre</span> <span class='ocrx_word' id='word_1_193' title='bbox 507 1595 574 1644; x_wconf 89' lang='lat' dir='ltr'>sunt</span> <span class='ocrx_word' id='word_1_194' title='bbox 587 1591 747 1663; x_wconf 87' lang='lat' dir='ltr'>pepercisti,</span> <span class='ocrx_word' id='word_1_195' title='bbox 765 1608 819 1662; x_wconf 70' lang='lat' dir='ltr'>equo</span> <span class='ocrx_word' id='word_1_196' title='bbox 834 1608 935 1662; x_wconf 91' lang='lat' dir='ltr'>agrum</span> <span class='ocrx_word' id='word_1_197' title='bbox 978 1609 1024 1658; x_wconf 93' lang='lat' dir='ltr'>no,</span> <span class='ocrx_word' id='word_1_198' title='bbox 1036 1590 1196 1662; x_wconf 86' lang='lat' dir='ltr'>subjiceret,</span> <span class='ocrx_word' id='word_1_199' title='bbox 1214 1586 1379 1641; x_wconf 88' lang='lat' dir='ltr'>deliciarum</span> <span class='ocrx_word' id='word_1_200' title='bbox 1389 1585 1516 1641; x_wconf 89' lang='lat' dir='ltr'>omnium</span> <span class='ocrx_word' id='word_1_201' title='bbox 1531 1587 1678 1658; x_wconf 88' lang='lat' dir='ltr'>animique</span> <span class='ocrx_word' id='word_1_202' title='bbox 1687 1588 1783 1643; x_wconf 87' lang='lat' dir='ltr'>remis·</span> 
     </span>
     <span class='ocr_line' id='line_1_17' title="bbox 138 1664 1783 1752; baseline 0.001 -20"><span class='ocrx_word' id='word_1_203' title='bbox 138 1678 218 1734; x_wconf 88' lang='lat' dir='ltr'>illum</span> <span class='ocrx_word' id='word_1_204' title='bbox 233 1678 285 1733; x_wconf 88' lang='lat' dir='ltr'>tibi</span> <span class='ocrx_word' id='word_1_205' title='bbox 297 1695 484 1751; x_wconf 89' lang='lat' dir='ltr'>comparares.</span> <span class='ocrx_word' id='word_1_206' title='bbox 501 1680 555 1734; x_wconf 90' lang='lat' dir='ltr'>Det</span> <span class='ocrx_word' id='word_1_207' title='bbox 568 1679 619 1734; x_wconf 91' lang='lat' dir='ltr'>tibi</span> <span class='ocrx_word' id='word_1_208' title='bbox 636 1680 772 1735; x_wconf 92' lang='lat' dir='ltr'>Dominus</span> <span class='ocrx_word' id='word_1_209' title='bbox 791 1697 841 1752; x_wconf 93' lang='lat' dir='ltr'>pro</span> <span class='ocrx_word' id='word_1_210' title='bbox 855 1664 1783 1750; x_wconf 80' lang='lat' dir='ltr'>fluxisBsionumoblivionecaperetur,somnotamquamimprobo</span> 
     </span>
     <span class='ocr_line' id='line_1_18' title="bbox 140 1763 1781 1841; baseline 0 -19"><span class='ocrx_word' id='word_1_211' title='bbox 140 1772 168 1822; x_wconf 87' lang='lat' dir='ltr'>et</span> <span class='ocrx_word' id='word_1_212' title='bbox 177 1767 288 1823; x_wconf 91' lang='lat' dir='ltr'>caducis</span> <span class='ocrx_word' id='word_1_213' title='bbox 301 1773 415 1835; x_wconf 84' lang='lat' dir='ltr'>aeterna,</span> <span class='ocrx_word' id='word_1_214' title='bbox 425 1785 475 1840; x_wconf 94' lang='lat' dir='ltr'>pro</span> <span class='ocrx_word' id='word_1_215' title='bbox 489 1768 523 1823; x_wconf 92' lang='lat' dir='ltr'>iis</span> <span class='ocrx_word' id='word_1_216' title='bbox 539 1786 600 1841; x_wconf 88' lang='lat' dir='ltr'>quae</span> <span class='ocrx_word' id='word_1_217' title='bbox 608 1768 734 1824; x_wconf 90' lang='lat' dir='ltr'>interitui</span> <span class='ocrx_word' id='word_1_218' title='bbox 747 1769 938 1825; x_wconf 87' lang='lat' dir='ltr'>obnoxiasunt</span> <span class='ocrx_word' id='word_1_219' title='bbox 978 1769 1119 1840; x_wconf 88' lang='lat' dir='ltr'>mancipio</span> <span class='ocrx_word' id='word_1_220' title='bbox 1132 1769 1293 1839; x_wconf 87' lang='lat' dir='ltr'>imperaret.</span> <span class='ocrx_word' id='word_1_221' title='bbox 1309 1767 1411 1836; x_wconf 83' lang='lat' dir='ltr'>Atque,</span> <span class='ocrx_word' id='word_1_222' title='bbox 1428 1768 1461 1819; x_wconf 91' lang='lat' dir='ltr'>ut</span> <span class='ocrx_word' id='word_1_223' title='bbox 1481 1763 1557 1819; x_wconf 87' lang='lat' dir='ltr'>brevi</span> <span class='ocrx_word' id='word_1_224' title='bbox 1578 1767 1781 1839; x_wconf 80' lang='lat' dir='ltr'>perstringam.</span> 
     </span>
     <span class='ocr_line' id='line_1_19' title="bbox 140 1854 1784 1929; baseline 0.001 -17"><span class='ocrx_word' id='word_1_225' title='bbox 140 1874 174 1912; x_wconf 89' lang='lat' dir='ltr'>ca</span> <span class='ocrx_word' id='word_1_226' title='bbox 183 1857 214 1914; x_wconf 95' lang='lat' dir='ltr'>in</span> <span class='ocrx_word' id='word_1_227' title='bbox 229 1875 290 1929; x_wconf 80' lang='lat' dir='ltr'>quas</span> <span class='ocrx_word' id='word_1_228' title='bbox 306 1874 357 1913; x_wconf 88' lang='lat' dir='ltr'>nec</span> <span class='ocrx_word' id='word_1_229' title='bbox 371 1857 501 1913; x_wconf 89' lang='lat' dir='ltr'>interitus</span> <span class='ocrx_word' id='word_1_230' title='bbox 514 1874 564 1912; x_wconf 89' lang='lat' dir='ltr'>nec</span> <span class='ocrx_word' id='word_1_231' title='bbox 579 1864 703 1913; x_wconf 85' lang='lat' dir='ltr'>vetustas</span> <span class='ocrx_word' id='word_1_232' title='bbox 718 1859 801 1913; x_wconf 79' lang='lat' dir='ltr'>cadit.</span> <span class='ocrx_word' id='word_1_233' title='bbox 979 1865 1059 1915; x_wconf 88' lang='lat' dir='ltr'>tanto</span> <span class='ocrx_word' id='word_1_234' title='bbox 1072 1857 1164 1913; x_wconf 88' lang='lat' dir='ltr'>studio</span> <span class='ocrx_word' id='word_1_235' title='bbox 1178 1857 1208 1910; x_wconf 91' lang='lat' dir='ltr'>in</span> <span class='ocrx_word' id='word_1_236' title='bbox 1218 1854 1350 1910; x_wconf 74' lang='lat' dir='ltr'>solitaria</span> <span class='ocrx_word' id='word_1_237' title='bbox 1363 1855 1426 1909; x_wconf 84' lang='lat' dir='ltr'>vitae</span> <span class='ocrx_word' id='word_1_238' title='bbox 1441 1858 1583 1909; x_wconf 89' lang='lat' dir='ltr'>certamen</span> <span class='ocrx_word' id='word_1_239' title='bbox 1592 1855 1784 1925; x_wconf 86' lang='lat' dir='ltr'>incumbebat,</span> 
     </span>
     <span class='ocr_line' id='line_1_20' title="bbox 175 1945 1784 2020; baseline 0.002 -20"><span class='ocrx_word' id='word_1_240' title='bbox 175 1946 266 2001; x_wconf 88' lang='lat' dir='ltr'>Velim</span> <span class='ocrx_word' id='word_1_241' title='bbox 273 1952 368 2002; x_wconf 89' lang='lat' dir='ltr'>autem</span> <span class='ocrx_word' id='word_1_242' title='bbox 375 1946 443 2001; x_wconf 88' lang='lat' dir='ltr'>mihi</span> <span class='ocrx_word' id='word_1_243' title='bbox 453 1947 537 2008; x_wconf 84' lang='lat' dir='ltr'>dicas,</span> <span class='ocrx_word' id='word_1_244' title='bbox 547 1947 720 2011; x_wconf 87' lang='lat' dir='ltr'>charissime,</span> <span class='ocrx_word' id='word_1_245' title='bbox 731 1964 852 2018; x_wconf 88' lang='lat' dir='ltr'>quonam</span> <span class='ocrx_word' id='word_1_246' title='bbox 859 1954 939 2020; x_wconf 89' lang='lat' dir='ltr'>pacto</span> <span class='ocrx_word' id='word_1_247' title='bbox 980 1955 1013 2004; x_wconf 93' lang='lat' dir='ltr'>ut</span> <span class='ocrx_word' id='word_1_248' title='bbox 1022 1950 1081 2020; x_wconf 90' lang='lat' dir='ltr'>ipse</span> <span class='ocrx_word' id='word_1_249' title='bbox 1092 1946 1348 2020; x_wconf 89' lang='lat' dir='ltr'>quoqueBarlaam,</span> <span class='ocrx_word' id='word_1_250' title='bbox 1366 1945 1413 2016; x_wconf 92' lang='lat' dir='ltr'>qui</span> <span class='ocrx_word' id='word_1_251' title='bbox 1425 1945 1598 2016; x_wconf 88' lang='lat' dir='ltr'>permultum</span> <span class='ocrx_word' id='word_1_252' title='bbox 1611 1947 1784 2018; x_wconf 88' lang='lat' dir='ltr'>temporisin</span> 
     </span>
     <span class='ocr_line' id='line_1_21' title="bbox 142 2034 1786 2108; baseline 0.001 -18"><span class='ocrx_word' id='word_1_253' title='bbox 142 2037 196 2090; x_wconf 93' lang='lat' dir='ltr'>huc</span> <span class='ocrx_word' id='word_1_254' title='bbox 211 2036 371 2101; x_wconf 87' lang='lat' dir='ltr'>accesseris,</span> <span class='ocrx_word' id='word_1_255' title='bbox 387 2035 489 2108; x_wconf 91' lang='lat' dir='ltr'>quique</span> <span class='ocrx_word' id='word_1_256' title='bbox 501 2042 565 2108; x_wconf 92' lang='lat' dir='ltr'>post</span> <span class='ocrx_word' id='word_1_257' title='bbox 576 2036 729 2092; x_wconf 87' lang='lat' dir='ltr'>discessum</span> <span class='ocrx_word' id='word_1_258' title='bbox 738 2055 832 2092; x_wconf 89' lang='lat' dir='ltr'>meum</span> <span class='ocrx_word' id='word_1_259' title='bbox 846 2055 940 2093; x_wconf 87' lang='lat' dir='ltr'>rernm</span> <span class='ocrx_word' id='word_1_260' title='bbox 983 2057 1017 2094; x_wconf 87' lang='lat' dir='ltr'>ea</span> <span class='ocrx_word' id='word_1_261' title='bbox 1027 2037 1207 2102; x_wconf 85' lang='lat' dir='ltr'>contriverat,</span> <span class='ocrx_word' id='word_1_262' title='bbox 1219 2035 1379 2100; x_wconf 91' lang='lat' dir='ltr'>miraretur,</span> <span class='ocrx_word' id='word_1_263' title='bbox 1395 2034 1539 2106; x_wconf 89' lang='lat' dir='ltr'>ipsiusque</span> <span class='ocrx_word' id='word_1_264' title='bbox 1549 2034 1715 2091; x_wconf 71' lang='lat' dir='ltr'>acrimoniae</span> <span class='ocrx_word' id='word_1_265' title='bbox 1724 2053 1786 2092; x_wconf 89' lang='lat' dir='ltr'>con·</span> 
     </span>
     <span class='ocr_line' id='line_1_22' title="bbox 104 2123 1786 2198; baseline 0.004 -23"><span class='ocrx_word' id='word_1_266' title='bbox 104 2162 112 2175; x_wconf 95' lang='lat'>.</span> <span class='ocrx_word' id='word_1_267' title='bbox 142 2131 256 2181; x_wconf 90' lang='lat' dir='ltr'>tuarum</span> <span class='ocrx_word' id='word_1_268' title='bbox 267 2130 357 2180; x_wconf 89' lang='lat' dir='ltr'>status</span> <span class='ocrx_word' id='word_1_269' title='bbox 365 2126 458 2191; x_wconf 86' lang='lat' dir='ltr'>fuerit,</span> <span class='ocrx_word' id='word_1_270' title='bbox 467 2131 661 2197; x_wconf 89' lang='lat' dir='ltr'>atquetuusne</span> <span class='ocrx_word' id='word_1_271' title='bbox 670 2128 844 2198; x_wconf 88' lang='lat' dir='ltr'>paterDenm</span> <span class='ocrx_word' id='word_1_272' title='bbox 856 2127 939 2195; x_wconf 90' lang='lat' dir='ltr'>norit,</span> <span class='ocrx_word' id='word_1_273' title='bbox 983 2123 1491 2184; x_wconf 87' lang='lat' dir='ltr'>cederet.Tantnlumenimdnriillius</span> <span class='ocrx_word' id='word_1_274' title='bbox 1503 2125 1786 2196; x_wconf 88' lang='lat' dir='ltr'>atqueconsolatiouc</span> 
     </span>
     <span class='ocr_line' id='line_1_23' title="bbox 144 2213 1785 2288; baseline 0.002 -21"><span class='ocrx_word' id='word_1_275' title='bbox 144 2231 179 2267; x_wconf 87' lang='lat' dir='ltr'>an</span> <span class='ocrx_word' id='word_1_276' title='bbox 195 2230 259 2268; x_wconf 80' lang='lat' dir='ltr'>vero</span> <span class='ocrx_word' id='word_1_277' title='bbox 275 2231 349 2268; x_wconf 91' lang='lat' dir='ltr'>nunc</span> <span class='ocrx_word' id='word_1_278' title='bbox 364 2231 475 2286; x_wconf 87' lang='lat' dir='ltr'>quoque</span> <span class='ocrx_word' id='word_1_279' title='bbox 501 2215 608 2281; x_wconf 88' lang='lat' dir='ltr'>eadem,</span> <span class='ocrx_word' id='word_1_280' title='bbox 626 2232 681 2287; x_wconf 90' lang='lat' dir='ltr'>qua</span> <span class='ocrx_word' id='word_1_281' title='bbox 696 2217 783 2288; x_wconf 90' lang='lat' dir='ltr'>prius,</span> <span class='ocrx_word' id='word_1_282' title='bbox 800 2217 944 2271; x_wconf 89' lang='lat' dir='ltr'>dementia</span> <span class='ocrx_word' id='word_1_283' title='bbox 984 2218 1106 2273; x_wconf 89' lang='lat' dir='ltr'>carentis</span> <span class='ocrx_word' id='word_1_284' title='bbox 1113 2214 1349 2280; x_wconf 89' lang='lat' dir='ltr'>cibiadmittebat,</span> <span class='ocrx_word' id='word_1_285' title='bbox 1361 2218 1393 2268; x_wconf 90' lang='lat' dir='ltr'>ut</span> <span class='ocrx_word' id='word_1_286' title='bbox 1401 2213 1488 2267; x_wconf 88' lang='lat' dir='ltr'>vitam</span> <span class='ocrx_word' id='word_1_287' title='bbox 1495 2214 1785 2281; x_wconf 80' lang='lat' dir='ltr'>duntaxattoleraret,</span> 
     </span>
     <span class='ocr_line' id='line_1_24' title="bbox 144 2302 1782 2378; baseline 0.002 -21"><span class='ocrx_word' id='word_1_288' title='bbox 144 2302 285 2375; x_wconf 89' lang='lat' dir='ltr'>abreptus,</span> <span class='ocrx_word' id='word_1_289' title='bbox 296 2322 313 2357; x_wconf 90' lang='lat' dir='ltr'>a</span> <span class='ocrx_word' id='word_1_290' title='bbox 322 2304 481 2358; x_wconf 80' lang='lat' dir='ltr'>daemonnm</span> <span class='ocrx_word' id='word_1_291' title='bbox 492 2304 589 2358; x_wconf 87' lang='lat' dir='ltr'>fraude</span> <span class='ocrx_word' id='word_1_292' title='bbox 601 2309 685 2376; x_wconf 87' lang='lat' dir='ltr'>atque</span> <span class='ocrx_word' id='word_1_293' title='bbox 696 2305 944 2378; x_wconf 78' lang='lat' dir='ltr'>imposturacapti-</span> <span class='ocrx_word' id='word_1_294' title='bbox 984 2326 1036 2364; x_wconf 89' lang='lat' dir='ltr'>nec</span> <span class='ocrx_word' id='word_1_295' title='bbox 1051 2306 1248 2369; x_wconf 90' lang='lat' dir='ltr'>committeret,</span> <span class='ocrx_word' id='word_1_296' title='bbox 1264 2308 1297 2358; x_wconf 90' lang='lat' dir='ltr'>ut</span> <span class='ocrx_word' id='word_1_297' title='bbox 1320 2320 1370 2375; x_wconf 89' lang='lat' dir='ltr'>per</span> <span class='ocrx_word' id='word_1_298' title='bbox 1382 2303 1458 2359; x_wconf 88' lang='lat' dir='ltr'>ultro</span> <span class='ocrx_word' id='word_1_299' title='bbox 1472 2304 1639 2358; x_wconf 87' lang='lat' dir='ltr'>accersitam</span> <span class='ocrx_word' id='word_1_300' title='bbox 1662 2311 1782 2360; x_wconf 85' lang='lat' dir='ltr'>mortem</span> 
     </span>
     <span class='ocr_line' id='line_1_25' title="bbox 144 2391 1787 2470; baseline 0.004 -27"><span class='ocrx_word' id='word_1_301' title='bbox 144 2409 194 2447; x_wconf 82' lang='lat' dir='ltr'>rus</span> <span class='ocrx_word' id='word_1_302' title='bbox 214 2391 378 2447; x_wconf 89' lang='lat' dir='ltr'>abducatur.</span> <span class='ocrx_word' id='word_1_303' title='bbox 406 2393 467 2447; x_wconf 65' lang='lat' dir='ltr'>llaec</span> <span class='ocrx_word' id='word_1_304' title='bbox 490 2398 671 2465; x_wconf 83' lang='lat' dir='ltr'>percontante</span> <span class='ocrx_word' id='word_1_305' title='bbox 691 2395 849 2462; x_wconf 88' lang='lat' dir='ltr'>Barlaamo,</span> <span class='ocrx_word' id='word_1_306' title='bbox 867 2398 944 2450; x_wconf 87' lang='lat' dir='ltr'>losa·</span> <span class='ocrx_word' id='word_1_307' title='bbox 984 2397 1107 2470; x_wconf 72' lang='lat' dir='ltr'>praemiis</span> <span class='ocrx_word' id='word_1_308' title='bbox 1120 2396 1155 2449; x_wconf 92' lang='lat' dir='ltr'>iis</span> <span class='ocrx_word' id='word_1_309' title='bbox 1165 2393 1355 2458; x_wconf 88' lang='lat' dir='ltr'>scseorbaret,</span> <span class='ocrx_word' id='word_1_310' title='bbox 1366 2393 1571 2464; x_wconf 77' lang='lat' dir='ltr'>quaevirtutum</span> <span class='ocrx_word' id='word_1_311' title='bbox 1586 2393 1675 2448; x_wconf 91' lang='lat' dir='ltr'>cultui</span> <span class='ocrx_word' id='word_1_312' title='bbox 1688 2411 1723 2448; x_wconf 88' lang='lat' dir='ltr'>ac</span> <span class='ocrx_word' id='word_1_313' title='bbox 1733 2400 1787 2450; x_wconf 86' lang='lat' dir='ltr'>stu-</span> 
     </span>
     <span class='ocr_line' id='line_1_26' title="bbox 143 2481 1786 2556; baseline 0.002 -20"><span class='ocrx_word' id='word_1_314' title='bbox 143 2481 301 2554; x_wconf 87' lang='lat' dir='ltr'>phutaltius</span> <span class='ocrx_word' id='word_1_315' title='bbox 311 2482 429 2554; x_wconf 90' lang='lat' dir='ltr'>repetito</span> <span class='ocrx_word' id='word_1_316' title='bbox 436 2499 574 2547; x_wconf 90' lang='lat' dir='ltr'>sermone,</span> <span class='ocrx_word' id='word_1_317' title='bbox 585 2500 713 2554; x_wconf 73' lang='lat' dir='ltr'>quaenam</span> <span class='ocrx_word' id='word_1_318' title='bbox 724 2484 777 2538; x_wconf 90' lang='lat' dir='ltr'>sibi</span> <span class='ocrx_word' id='word_1_319' title='bbox 786 2492 849 2556; x_wconf 86' lang='lat' dir='ltr'>post</span> <span class='ocrx_word' id='word_1_320' title='bbox 857 2484 943 2556; x_wconf 91' lang='lat' dir='ltr'>ipsius</span> <span class='ocrx_word' id='word_1_321' title='bbox 985 2488 1031 2543; x_wconf 92' lang='lat' dir='ltr'>dio</span> <span class='ocrx_word' id='word_1_322' title='bbox 1044 2482 1273 2541; x_wconf 64' lang='lat' dir='ltr'>tribuunturAEic</span> <span class='ocrx_word' id='word_1_323' title='bbox 1286 2489 1382 2537; x_wconf 90' lang='lat' dir='ltr'>autem</span> <span class='ocrx_word' id='word_1_324' title='bbox 1396 2486 1529 2537; x_wconf 88' lang='lat' dir='ltr'>naturam</span> <span class='ocrx_word' id='word_1_325' title='bbox 1541 2483 1689 2539; x_wconf 87' lang='lat' dir='ltr'>nocturnis</span> <span class='ocrx_word' id='word_1_326' title='bbox 1703 2501 1786 2541; x_wconf 82' lang='lat' dir='ltr'>cucu-</span> 
     </span>
     <span class='ocr_line' id='line_1_27' title="bbox 144 2570 1786 2646; baseline 0.001 -20"><span class='ocrx_word' id='word_1_327' title='bbox 144 2571 302 2643; x_wconf 90' lang='lat' dir='ltr'>digrcssum</span> <span class='ocrx_word' id='word_1_328' title='bbox 316 2570 511 2642; x_wconf 83' lang='lat' dir='ltr'>contigissent,</span> <span class='ocrx_word' id='word_1_329' title='bbox 528 2588 668 2643; x_wconf 88' lang='lat' dir='ltr'>quamque</span> <span class='ocrx_word' id='word_1_330' title='bbox 683 2590 848 2644; x_wconf 88' lang='lat' dir='ltr'>prosperum</span> <span class='ocrx_word' id='word_1_331' title='bbox 860 2573 943 2629; x_wconf 90' lang='lat' dir='ltr'>rebus</span> <span class='ocrx_word' id='word_1_332' title='bbox 984 2573 1219 2646; x_wconf 87' lang='lat' dir='ltr'>biissubjiciebat,</span> <span class='ocrx_word' id='word_1_333' title='bbox 1228 2589 1261 2628; x_wconf 89' lang='lat' dir='ltr'>ac</span> <span class='ocrx_word' id='word_1_334' title='bbox 1271 2573 1295 2627; x_wconf 91' lang='lat' dir='ltr'>si</span> <span class='ocrx_word' id='word_1_335' title='bbox 1303 2572 1379 2627; x_wconf 90' lang='lat' dir='ltr'>nulla</span> <span class='ocrx_word' id='word_1_336' title='bbox 1390 2571 1504 2626; x_wconf 91' lang='lat' dir='ltr'>omnino</span> <span class='ocrx_word' id='word_1_337' title='bbox 1515 2573 1608 2627; x_wconf 89' lang='lat' dir='ltr'>carnis</span> <span class='ocrx_word' id='word_1_338' title='bbox 1619 2577 1649 2627; x_wconf 91' lang='lat' dir='ltr'>et</span> <span class='ocrx_word' id='word_1_339' title='bbox 1662 2573 1786 2646; x_wconf 89' lang='lat' dir='ltr'>corporis</span> 
     </span>
     <span class='ocr_line' id='line_1_28' title="bbox 146 2661 1785 2737; baseline 0.002 -22"><span class='ocrx_word' id='word_1_340' title='bbox 146 2678 258 2716; x_wconf 90' lang='lat' dir='ltr'>cursum</span> <span class='ocrx_word' id='word_1_341' title='bbox 278 2661 415 2716; x_wconf 89' lang='lat' dir='ltr'>Dominus</span> <span class='ocrx_word' id='word_1_342' title='bbox 428 2662 463 2716; x_wconf 91' lang='lat' dir='ltr'>ad</span> <span class='ocrx_word' id='word_1_343' title='bbox 487 2662 514 2717; x_wconf 92' lang='lat' dir='ltr'>id</span> <span class='ocrx_word' id='word_1_344' title='bbox 530 2679 618 2734; x_wconf 91' lang='lat' dir='ltr'>usque</span> <span class='ocrx_word' id='word_1_345' title='bbox 634 2668 814 2735; x_wconf 85' lang='lat' dir='ltr'>tempusque</span> <span class='ocrx_word' id='word_1_346' title='bbox 830 2681 944 2719; x_wconf 90' lang='lat' dir='ltr'>rursum</span> <span class='ocrx_word' id='word_1_347' title='bbox 984 2670 1064 2737; x_wconf 88' lang='lat' dir='ltr'>parte</span> <span class='ocrx_word' id='word_1_348' title='bbox 1079 2667 1230 2718; x_wconf 85' lang='lat' dir='ltr'>constaret.</span> <span class='ocrx_word' id='word_1_349' title='bbox 1241 2661 1337 2716; x_wconf 89' lang='lat' dir='ltr'>Oratio</span> <span class='ocrx_word' id='word_1_350' title='bbox 1353 2665 1610 2733; x_wconf 87' lang='lat' dir='ltr'>porroperpetuum</span> <span class='ocrx_word' id='word_1_351' title='bbox 1621 2662 1713 2734; x_wconf 91' lang='lat' dir='ltr'>ipsius</span> <span class='ocrx_word' id='word_1_352' title='bbox 1727 2669 1785 2719; x_wconf 92' lang='lat' dir='ltr'>stu·</span> 
     </span>
     <span class='ocr_line' id='line_1_29' title="bbox 145 2736 1787 2825; baseline 0.002 -20"><span class='ocrx_word' id='word_1_353' title='bbox 145 2751 220 2806; x_wconf 91' lang='lat' dir='ltr'>inter</span> <span class='ocrx_word' id='word_1_354' title='bbox 229 2768 258 2805; x_wconf 91' lang='lat' dir='ltr'>sc</span> <span class='ocrx_word' id='word_1_355' title='bbox 269 2752 462 2806; x_wconf 85' lang='lat' dir='ltr'>convenissent</span> <span class='ocrx_word' id='word_1_356' title='bbox 475 2751 629 2819; x_wconf 90' lang='lat' dir='ltr'>tribuisset,</span> <span class='ocrx_word' id='word_1_357' title='bbox 646 2752 789 2823; x_wconf 84' lang='lat' dir='ltr'>sigillatim</span> <span class='ocrx_word' id='word_1_358' title='bbox 806 2754 944 2825; x_wconf 81' lang='lat' dir='ltr'>exposuit.</span> <span class='ocrx_word' id='word_1_359' title='bbox 986 2755 1064 2808; x_wconf 90' lang='lat' dir='ltr'>dium</span> <span class='ocrx_word' id='word_1_360' title='bbox 1080 2736 1382 2821; x_wconf 64' lang='lat' dir='ltr'>erat:unii*ersumque</span> <span class='ocrx_word' id='word_1_361' title='bbox 1395 2750 1458 2806; x_wconf 80' lang='lat' dir='ltr'>ritae</span> <span class='ocrx_word' id='word_1_362' title='bbox 1472 2757 1584 2823; x_wconf 91' lang='lat' dir='ltr'>tempus</span> <span class='ocrx_word' id='word_1_363' title='bbox 1594 2751 1625 2806; x_wconf 90' lang='lat' dir='ltr'>in</span> <span class='ocrx_word' id='word_1_364' title='bbox 1636 2752 1787 2824; x_wconf 87' lang='lat' dir='ltr'>spirituali·</span> 
     </span>
     <span class='ocr_line' id='line_1_30' title="bbox 180 2840 1785 2915; baseline 0.001 -19"><span class='ocrx_word' id='word_1_365' title='bbox 180 2841 270 2896; x_wconf 81' lang='lat' dir='ltr'>Senex</span> <span class='ocrx_word' id='word_1_366' title='bbox 283 2840 379 2912; x_wconf 90' lang='lat' dir='ltr'>itaque</span> <span class='ocrx_word' id='word_1_367' title='bbox 395 2841 454 2894; x_wconf 78' lang='lat' dir='ltr'>haec</span> <span class='ocrx_word' id='word_1_368' title='bbox 468 2841 595 2909; x_wconf 86' lang='lat' dir='ltr'>audiens,</span> <span class='ocrx_word' id='word_1_369' title='bbox 609 2843 751 2914; x_wconf 88' lang='lat' dir='ltr'>voluptate</span> <span class='ocrx_word' id='word_1_370' title='bbox 767 2843 946 2915; x_wconf 89' lang='lat' dir='ltr'>simulatque</span> <span class='ocrx_word' id='word_1_371' title='bbox 986 2842 1039 2898; x_wconf 93' lang='lat' dir='ltr'>bus</span> <span class='ocrx_word' id='word_1_372' title='bbox 1054 2859 1085 2896; x_wconf 91' lang='lat' dir='ltr'>ac</span> <span class='ocrx_word' id='word_1_373' title='bbox 1100 2841 1258 2896; x_wconf 74' lang='lat' dir='ltr'>celestibus</span> <span class='ocrx_word' id='word_1_374' title='bbox 1273 2840 1555 2912; x_wconf 89' lang='lat' dir='ltr'>contemplationibus</span> <span class='ocrx_word' id='word_1_375' title='bbox 1570 2841 1785 2907; x_wconf 75' lang='lat' dir='ltr'>insurnebatur3</span> 
     </span>
     <span class='ocr_line' id='line_1_31' title="bbox 147 2929 1787 3003; baseline 0.002 -20"><span class='ocrx_word' id='word_1_376' title='bbox 147 2929 332 2984; x_wconf 84' lang='lat' dir='ltr'>admiratione</span> <span class='ocrx_word' id='word_1_377' title='bbox 342 2929 458 2985; x_wconf 81' lang='lat' dir='ltr'>allectus</span> <span class='ocrx_word' id='word_1_378' title='bbox 469 2936 520 2996; x_wconf 90' lang='lat' dir='ltr'>est,</span> <span class='ocrx_word' id='word_1_379' title='bbox 534 2931 713 3003; x_wconf 85' lang='lat' dir='ltr'>calentesque</span> <span class='ocrx_word' id='word_1_380' title='bbox 728 2933 866 3003; x_wconf 82' lang='lat' dir='ltr'>lacrymas</span> <span class='ocrx_word' id='word_1_381' title='bbox 881 2933 945 2986; x_wconf 89' lang='lat' dir='ltr'>mit·</span> <span class='ocrx_word' id='word_1_382' title='bbox 988 2931 1058 2988; x_wconf 88' lang='lat' dir='ltr'>adeo</span> <span class='ocrx_word' id='word_1_383' title='bbox 1074 2937 1104 2986; x_wconf 92' lang='lat' dir='ltr'>ut</span> <span class='ocrx_word' id='word_1_384' title='bbox 1119 2948 1170 2985; x_wconf 91' lang='lat' dir='ltr'>nec</span> <span class='ocrx_word' id='word_1_385' title='bbox 1185 2931 1285 2986; x_wconf 87' lang='lat' dir='ltr'>horam</span> <span class='ocrx_word' id='word_1_386' title='bbox 1304 2946 1399 2997; x_wconf 87' lang='lat' dir='ltr'>unam,</span> <span class='ocrx_word' id='word_1_387' title='bbox 1425 2929 1482 2985; x_wconf 89' lang='lat' dir='ltr'>imo</span> <span class='ocrx_word' id='word_1_388' title='bbox 1501 2946 1552 2985; x_wconf 90' lang='lat' dir='ltr'>nec</span> <span class='ocrx_word' id='word_1_389' title='bbox 1567 2931 1659 2986; x_wconf 89' lang='lat' dir='ltr'>ullum</span> <span class='ocrx_word' id='word_1_390' title='bbox 1672 2932 1787 2988; x_wconf 91' lang='lat' dir='ltr'>omnino</span> 
     </span>
     <span class='ocr_line' id='line_1_32' title="bbox 148 3018 1785 3093; baseline 0.003 -21"><span class='ocrx_word' id='word_1_391' title='bbox 148 3025 220 3083; x_wconf 77' lang='lat' dir='ltr'>tene,</span> <span class='ocrx_word' id='word_1_392' title='bbox 246 3018 370 3073; x_wconf 86' lang='lat' dir='ltr'>dicebat:</span> <span class='ocrx_word' id='word_1_393' title='bbox 393 3019 488 3074; x_wconf 85' lang='lat' dir='ltr'>Gloria</span> <span class='ocrx_word' id='word_1_394' title='bbox 497 3019 549 3075; x_wconf 92' lang='lat' dir='ltr'>tibi</span> <span class='ocrx_word' id='word_1_395' title='bbox 569 3021 614 3086; x_wconf 92' lang='lat' dir='ltr'>sit,</span> <span class='ocrx_word' id='word_1_396' title='bbox 629 3020 704 3075; x_wconf 91' lang='lat' dir='ltr'>Deus</span> <span class='ocrx_word' id='word_1_397' title='bbox 719 3028 822 3087; x_wconf 84' lang='lat' dir='ltr'>noster,</span> <span class='ocrx_word' id='word_1_398' title='bbox 840 3022 887 3093; x_wconf 92' lang='lat' dir='ltr'>qui</span> <span class='ocrx_word' id='word_1_399' title='bbox 902 3022 974 3090; x_wconf 78' lang='lat' dir='ltr'>tuic</span> <span class='ocrx_word' id='word_1_400' title='bbox 988 3021 1123 3093; x_wconf 89' lang='lat' dir='ltr'>temporis</span> <span class='ocrx_word' id='word_1_401' title='bbox 1138 3026 1326 3093; x_wconf 85' lang='lat' dir='ltr'>punctum,ex</span> <span class='ocrx_word' id='word_1_402' title='bbox 1333 3036 1388 3091; x_wconf 91' lang='lat' dir='ltr'>quo</span> <span class='ocrx_word' id='word_1_403' title='bbox 1401 3018 1430 3074; x_wconf 91' lang='lat' dir='ltr'>in</span> <span class='ocrx_word' id='word_1_404' title='bbox 1440 3035 1474 3074; x_wconf 90' lang='lat' dir='ltr'>ea</span> <span class='ocrx_word' id='word_1_405' title='bbox 1483 3019 1636 3075; x_wconf 92' lang='lat' dir='ltr'>solitudine</span> <span class='ocrx_word' id='word_1_406' title='bbox 1649 3021 1785 3077; x_wconf 81' lang='lat' dir='ltr'>habitarit</span> 
     </span>
     <span class='ocr_line' id='line_1_33' title="bbox 148 3109 1787 3183; baseline 0.002 -20"><span class='ocrx_word' id='word_1_407' title='bbox 148 3126 244 3164; x_wconf 85' lang='lat' dir='ltr'>amore</span> <span class='ocrx_word' id='word_1_408' title='bbox 254 3109 379 3181; x_wconf 78' lang='lat' dir='ltr'>praeditis</span> <span class='ocrx_word' id='word_1_409' title='bbox 389 3125 501 3182; x_wconf 86' lang='lat' dir='ltr'>semper</span> <span class='ocrx_word' id='word_1_410' title='bbox 510 3115 611 3181; x_wconf 84' lang='lat' dir='ltr'>praesto</span> <span class='ocrx_word' id='word_1_411' title='bbox 622 3127 662 3175; x_wconf 89' lang='lat' dir='ltr'>es,</span> <span class='ocrx_word' id='word_1_412' title='bbox 674 3117 758 3182; x_wconf 87' lang='lat' dir='ltr'>atquc</span> <span class='ocrx_word' id='word_1_413' title='bbox 769 3109 837 3182; x_wconf 87' lang='lat' dir='ltr'>ipsis</span> <span class='ocrx_word' id='word_1_414' title='bbox 852 3111 944 3183; x_wconf 90' lang='lat' dir='ltr'>opitu·</span> <span class='ocrx_word' id='word_1_415' title='bbox 987 3111 1163 3183; x_wconf 90' lang='lat' dir='ltr'>deperderet.</span> <span class='ocrx_word' id='word_1_416' title='bbox 1181 3112 1220 3164; x_wconf 86' lang='lat' dir='ltr'>nc</span> <span class='ocrx_word' id='word_1_417' title='bbox 1235 3126 1303 3164; x_wconf 88' lang='lat' dir='ltr'>sane</span> <span class='ocrx_word' id='word_1_418' title='bbox 1315 3110 1367 3164; x_wconf 92' lang='lat' dir='ltr'>hoc</span> <span class='ocrx_word' id='word_1_419' title='bbox 1382 3109 1496 3163; x_wconf 90' lang='lat' dir='ltr'>demum</span> <span class='ocrx_word' id='word_1_420' title='bbox 1509 3126 1573 3165; x_wconf 90' lang='lat' dir='ltr'>vere</span> <span class='ocrx_word' id='word_1_421' title='bbox 1582 3111 1735 3166; x_wconf 86' lang='lat' dir='ltr'>monastici</span> <span class='ocrx_word' id='word_1_422' title='bbox 1748 3127 1787 3166; x_wconf 89' lang='lat' dir='ltr'>cr·</span> 
     </span>
     <span class='ocr_line' id='line_1_34' title="bbox 149 3198 1786 3272; baseline 0.002 -20"><span class='ocrx_word' id='word_1_423' title='bbox 149 3199 225 3253; x_wconf 90' lang='lat' dir='ltr'>laris.</span> <span class='ocrx_word' id='word_1_424' title='bbox 239 3198 400 3265; x_wconf 86' lang='lat' dir='ltr'>Gloriatibi,</span> <span class='ocrx_word' id='word_1_425' title='bbox 413 3199 531 3266; x_wconf 81' lang='lat' dir='ltr'>Christe,</span> <span class='ocrx_word' id='word_1_426' title='bbox 540 3200 729 3255; x_wconf 83' lang='lat' dir='ltr'>Rexomrinm</span> <span class='ocrx_word' id='word_1_427' title='bbox 740 3216 772 3255; x_wconf 89' lang='lat' dir='ltr'>ac</span> <span class='ocrx_word' id='word_1_428' title='bbox 782 3200 857 3255; x_wconf 88' lang='lat' dir='ltr'>Deus</span> <span class='ocrx_word' id='word_1_429' title='bbox 872 3200 945 3272; x_wconf 90' lang='lat' dir='ltr'>opti·</span> <span class='ocrx_word' id='word_1_430' title='bbox 987 3200 1061 3253; x_wconf 92' lang='lat' dir='ltr'>dinis</span> <span class='ocrx_word' id='word_1_431' title='bbox 1071 3215 1174 3254; x_wconf 89' lang='lat' dir='ltr'>munus</span> <span class='ocrx_word' id='word_1_432' title='bbox 1184 3203 1235 3265; x_wconf 86' lang='lat' dir='ltr'>est,</span> <span class='ocrx_word' id='word_1_433' title='bbox 1247 3214 1392 3271; x_wconf 89' lang='lat' dir='ltr'>nunqnam</span> <span class='ocrx_word' id='word_1_434' title='bbox 1402 3215 1419 3251; x_wconf 90' lang='lat' dir='ltr'>a</span> <span class='ocrx_word' id='word_1_435' title='bbox 1428 3198 1568 3269; x_wconf 89' lang='lat' dir='ltr'>spirituali</span> <span class='ocrx_word' id='word_1_436' title='bbox 1578 3215 1786 3270; x_wconf 88' lang='lat' dir='ltr'>operevacuum</span> 
     </span>
     <span class='ocr_line' id='line_1_35' title="bbox 149 3287 1786 3361; baseline 0 -17"><span class='ocrx_word' id='word_1_437' title='bbox 149 3306 204 3358; x_wconf 88' lang='lat' dir='ltr'>me,</span> <span class='ocrx_word' id='word_1_438' title='bbox 217 3289 348 3361; x_wconf 91' lang='lat' dir='ltr'>quoniam</span> <span class='ocrx_word' id='word_1_439' title='bbox 359 3288 481 3360; x_wconf 91' lang='lat' dir='ltr'>benigna</span> <span class='ocrx_word' id='word_1_440' title='bbox 490 3291 720 3344; x_wconf 83' lang='lat' dir='ltr'>tuaroluntasita</span> <span class='ocrx_word' id='word_1_441' title='bbox 728 3292 838 3358; x_wconf 88' lang='lat' dir='ltr'>tulit,ut</span> <span class='ocrx_word' id='word_1_442' title='bbox 848 3307 945 3346; x_wconf 90' lang='lat' dir='ltr'>semen</span> <span class='ocrx_word' id='word_1_443' title='bbox 987 3288 1116 3344; x_wconf 82' lang='lat' dir='ltr'>inveniri.</span> <span class='ocrx_word' id='word_1_444' title='bbox 1135 3288 1215 3354; x_wconf 85' lang='lat' dir='ltr'>Quod</span> <span class='ocrx_word' id='word_1_445' title='bbox 1231 3288 1343 3359; x_wconf 89' lang='lat' dir='ltr'>quidem</span> <span class='ocrx_word' id='word_1_446' title='bbox 1355 3304 1510 3359; x_wconf 87' lang='lat' dir='ltr'>generosus</span> <span class='ocrx_word' id='word_1_447' title='bbox 1523 3287 1571 3342; x_wconf 92' lang='lat' dir='ltr'>ille</span> <span class='ocrx_word' id='word_1_448' title='bbox 1593 3295 1624 3343; x_wconf 90' lang='lat' dir='ltr'>et</span> <span class='ocrx_word' id='word_1_449' title='bbox 1641 3289 1786 3361; x_wconf 86' lang='lat' dir='ltr'>expeditus</span> 
     </span>
     <span class='ocr_line' id='line_1_36' title="bbox 148 3377 1785 3452; baseline 0.001 -20"><span class='ocrx_word' id='word_1_450' title='bbox 148 3378 217 3434; x_wconf 93' lang='lat' dir='ltr'>illud</span> <span class='ocrx_word' id='word_1_451' title='bbox 233 3378 307 3451; x_wconf 92' lang='lat' dir='ltr'>quod</span> <span class='ocrx_word' id='word_1_452' title='bbox 321 3378 350 3433; x_wconf 93' lang='lat' dir='ltr'>in</span> <span class='ocrx_word' id='word_1_453' title='bbox 365 3380 437 3433; x_wconf 85' lang='lat' dir='ltr'>servi</span> <span class='ocrx_word' id='word_1_454' title='bbox 449 3379 491 3434; x_wconf 90' lang='lat' dir='ltr'>tui</span> <span class='ocrx_word' id='word_1_455' title='bbox 505 3380 640 3451; x_wconf 77' lang='lat' dir='ltr'>iosaphat</span> <span class='ocrx_word' id='word_1_456' title='bbox 646 3381 772 3435; x_wconf 89' lang='lat' dir='ltr'>animum</span> <span class='ocrx_word' id='word_1_457' title='bbox 785 3381 945 3452; x_wconf 86' lang='lat' dir='ltr'>jecisticen-</span> <span class='ocrx_word' id='word_1_458' title='bbox 986 3379 1109 3435; x_wconf 87' lang='lat' dir='ltr'>coelestis</span> <span class='ocrx_word' id='word_1_459' title='bbox 1116 3378 1329 3433; x_wconf 91' lang='lat' dir='ltr'>itineriscursor</span> <span class='ocrx_word' id='word_1_460' title='bbox 1335 3377 1447 3448; x_wconf 87' lang='lat' dir='ltr'>egregie</span> <span class='ocrx_word' id='word_1_461' title='bbox 1456 3377 1686 3450; x_wconf 88' lang='lat' dir='ltr'>praestitit,atque</span> <span class='ocrx_word' id='word_1_462' title='bbox 1700 3378 1785 3433; x_wconf 90' lang='lat' dir='ltr'>animi</span> 
     </span>
     <span class='ocr_line' id='line_1_37' title="bbox 149 3466 1786 3541; baseline -0.001 -18"><span class='ocrx_word' id='word_1_463' title='bbox 149 3469 315 3541; x_wconf 88' lang='lat' dir='ltr'>tuplicatum</span> <span class='ocrx_word' id='word_1_464' title='bbox 327 3468 449 3524; x_wconf 87' lang='lat' dir='ltr'>fructum</span> <span class='ocrx_word' id='word_1_465' title='bbox 459 3469 580 3536; x_wconf 83' lang='lat' dir='ltr'>afferret,</span> <span class='ocrx_word' id='word_1_466' title='bbox 594 3474 622 3523; x_wconf 89' lang='lat' dir='ltr'>te</span> <span class='ocrx_word' id='word_1_467' title='bbox 637 3470 774 3536; x_wconf 85' lang='lat' dir='ltr'>videlieet,</span> <span class='ocrx_word' id='word_1_468' title='bbox 786 3471 945 3524; x_wconf 86' lang='lat' dir='ltr'>animarum</span> <span class='ocrx_word' id='word_1_469' title='bbox 987 3469 1031 3524; x_wconf 91' lang='lat' dir='ltr'>sui</span> <span class='ocrx_word' id='word_1_470' title='bbox 1045 3468 1175 3523; x_wconf 88' lang='lat' dir='ltr'>ardorem</span> <span class='ocrx_word' id='word_1_471' title='bbox 1189 3466 1224 3522; x_wconf 89' lang='lat' dir='ltr'>ab</span> <span class='ocrx_word' id='word_1_472' title='bbox 1236 3467 1317 3523; x_wconf 90' lang='lat' dir='ltr'>initio</span> <span class='ocrx_word' id='word_1_473' title='bbox 1331 3467 1366 3522; x_wconf 91' lang='lat' dir='ltr'>ad</span> <span class='ocrx_word' id='word_1_474' title='bbox 1379 3471 1536 3521; x_wconf 79' lang='lat' dir='ltr'>extremum</span> <span class='ocrx_word' id='word_1_475' title='bbox 1548 3483 1639 3539; x_wconf 92' lang='lat' dir='ltr'>usque</span> <span class='ocrx_word' id='word_1_476' title='bbox 1652 3474 1786 3540; x_wconf 86' lang='lat' dir='ltr'>perpetuo</span> 
     </span>
    </p>
   </div>
   <div class='ocr_carea' id='block_1_3' title="bbox 57 3555 1785 3629">
    <p class='ocr_par' dir='ltr' id='par_1_3' title="bbox 57 3555 1785 3629">
     <span class='ocr_line' id='line_1_38' title="bbox 57 3555 1785 3629; baseline 0 -17"><span class='ocrx_word' id='word_1_477' title='bbox 57 3602 62 3607; x_wconf 92' lang='lat'>.</span> <span class='ocrx_word' id='word_1_478' title='bbox 151 3563 311 3614; x_wconf 90' lang='lat' dir='ltr'>nostrarum</span> <span class='ocrx_word' id='word_1_479' title='bbox 318 3559 442 3629; x_wconf 89' lang='lat' dir='ltr'>agricola</span> <span class='ocrx_word' id='word_1_480' title='bbox 456 3563 485 3611; x_wconf 88' lang='lat' dir='ltr'>et</span> <span class='ocrx_word' id='word_1_481' title='bbox 498 3558 618 3613; x_wconf 92' lang='lat' dir='ltr'>Domino</span> <span class='ocrx_word' id='word_1_482' title='bbox 632 3559 759 3629; x_wconf 87' lang='lat' dir='ltr'>dignum.</span> <span class='ocrx_word' id='word_1_483' title='bbox 773 3560 869 3613; x_wconf 88' lang='lat' dir='ltr'>Gloria</span> <span class='ocrx_word' id='word_1_484' title='bbox 884 3560 944 3629; x_wconf 88' lang='lat' dir='ltr'>tibi,</span> <span class='ocrx_word' id='word_1_485' title='bbox 987 3556 1169 3625; x_wconf 86' lang='lat' dir='ltr'>conservavit,</span> <span class='ocrx_word' id='word_1_486' title='bbox 1184 3557 1359 3612; x_wconf 86' lang='lat' dir='ltr'>ascensiones</span> <span class='ocrx_word' id='word_1_487' title='bbox 1373 3555 1403 3610; x_wconf 92' lang='lat' dir='ltr'>in</span> <span class='ocrx_word' id='word_1_488' title='bbox 1414 3556 1498 3610; x_wconf 89' lang='lat' dir='ltr'>corde</span> <span class='ocrx_word' id='word_1_489' title='bbox 1511 3570 1618 3627; x_wconf 86' lang='lat' dir='ltr'>semper</span> <span class='ocrx_word' id='word_1_490' title='bbox 1635 3555 1785 3628; x_wconf 86' lang='lat' dir='ltr'>disponens</span> 
     </span>
    </p>
   </div>
   <div class='ocr_carea' id='block_1_4' title="bbox 150 3642 1795 5606">
    <p class='ocr_par' dir='ltr' id='par_1_4' title="bbox 150 3642 1795 5606">
     <span class='ocr_line' id='line_1_39' title="bbox 151 3642 1786 3719; baseline 0 -18"><span class='ocrx_word' id='word_1_491' title='bbox 151 3648 295 3703; x_wconf 88' lang='lat' dir='ltr'>Paraclcte</span> <span class='ocrx_word' id='word_1_492' title='bbox 320 3646 392 3702; x_wconf 89' lang='lat' dir='ltr'>bone</span> <span class='ocrx_word' id='word_1_493' title='bbox 415 3664 448 3702; x_wconf 88' lang='lat' dir='ltr'>ac</span> <span class='ocrx_word' id='word_1_494' title='bbox 475 3648 652 3702; x_wconf 88' lang='lat' dir='ltr'>sanctissime</span> <span class='ocrx_word' id='word_1_495' title='bbox 666 3648 796 3719; x_wconf 86' lang='lat' dir='ltr'>Spiritus,</span> <span class='ocrx_word' id='word_1_496' title='bbox 813 3649 946 3719; x_wconf 89' lang='lat' dir='ltr'>quoniam</span> <span class='ocrx_word' id='word_1_497' title='bbox 992 3649 1072 3711; x_wconf 74' lang='lat' dir='ltr'>tPsat</span> <span class='ocrx_word' id='word_1_498' title='bbox 1090 3647 1216 3715; x_wconf 79' lang='lat' dir='ltr'>cxxxiii),</span> <span class='ocrx_word' id='word_1_499' title='bbox 1232 3664 1265 3700; x_wconf 88' lang='lat' dir='ltr'>ac</span> <span class='ocrx_word' id='word_1_500' title='bbox 1277 3646 1312 3700; x_wconf 90' lang='lat' dir='ltr'>de</span> <span class='ocrx_word' id='word_1_501' title='bbox 1326 3645 1429 3699; x_wconf 84' lang='lat' dir='ltr'>virtute</span> <span class='ocrx_word' id='word_1_502' title='bbox 1443 3645 1479 3699; x_wconf 90' lang='lat' dir='ltr'>ad</span> <span class='ocrx_word' id='word_1_503' title='bbox 1494 3642 1690 3700; x_wconf 88' lang='lat' dir='ltr'>sublimiorem</span> <span class='ocrx_word' id='word_1_504' title='bbox 1706 3646 1786 3701; x_wconf 87' lang='lat' dir='ltr'>rirtu·</span> 
     </span>
     <span class='ocr_line' id='line_1_40' title="bbox 151 3733 1788 3809; baseline -0.001 -17"><span class='ocrx_word' id='word_1_505' title='bbox 151 3753 236 3808; x_wconf 89' lang='lat' dir='ltr'>quam</span> <span class='ocrx_word' id='word_1_506' title='bbox 243 3742 274 3792; x_wconf 91' lang='lat' dir='ltr'>tu</span> <span class='ocrx_word' id='word_1_507' title='bbox 288 3736 456 3792; x_wconf 90' lang='lat' dir='ltr'>sanctistuis</span> <span class='ocrx_word' id='word_1_508' title='bbox 465 3737 598 3809; x_wconf 89' lang='lat' dir='ltr'>apostolis</span> <span class='ocrx_word' id='word_1_509' title='bbox 607 3738 728 3808; x_wconf 87' lang='lat' dir='ltr'>gratiam</span> <span class='ocrx_word' id='word_1_510' title='bbox 740 3737 950 3803; x_wconf 85' lang='lat' dir='ltr'>tribuisti,hanc</span> <span class='ocrx_word' id='word_1_511' title='bbox 990 3741 1046 3792; x_wconf 89' lang='lat' dir='ltr'>tem</span> <span class='ocrx_word' id='word_1_512' title='bbox 1057 3736 1226 3797; x_wconf 78' lang='lat' dir='ltr'>transiliens,</span> <span class='ocrx_word' id='word_1_513' title='bbox 1235 3735 1461 3806; x_wconf 89' lang='lat' dir='ltr'>desideriumque</span> <span class='ocrx_word' id='word_1_514' title='bbox 1471 3733 1654 3801; x_wconf 71' lang='lat' dir='ltr'>desideriam</span> <span class='ocrx_word' id='word_1_515' title='bbox 1664 3736 1788 3791; x_wconf 90' lang='lat' dir='ltr'>studium</span> 
     </span>
     <span class='ocr_line' id='line_1_41' title="bbox 152 3824 1781 3899; baseline 0.001 -19"><span class='ocrx_word' id='word_1_516' title='bbox 152 3826 239 3880; x_wconf 89' lang='lat' dir='ltr'>ctiam</span> <span class='ocrx_word' id='word_1_517' title='bbox 253 3826 318 3880; x_wconf 92' lang='lat' dir='ltr'>huic</span> <span class='ocrx_word' id='word_1_518' title='bbox 333 3826 549 3898; x_wconf 80' lang='lat' dir='ltr'>impertiendam</span> <span class='ocrx_word' id='word_1_519' title='bbox 565 3826 668 3881; x_wconf 84' lang='lat' dir='ltr'>duxisti</span> <span class='ocrx_word' id='word_1_520' title='bbox 684 3846 689 3880; x_wconf 96' lang='lat'>:</span> <span class='ocrx_word' id='word_1_521' title='bbox 707 3833 791 3898; x_wconf 91' lang='lat' dir='ltr'>atque</span> <span class='ocrx_word' id='word_1_522' title='bbox 806 3827 949 3899; x_wconf 89' lang='lat' dir='ltr'>ingentem</span> <span class='ocrx_word' id='word_1_523' title='bbox 989 3826 1083 3881; x_wconf 89' lang='lat' dir='ltr'>studio</span> <span class='ocrx_word' id='word_1_524' title='bbox 1097 3825 1289 3881; x_wconf 89' lang='lat' dir='ltr'>indesinenter</span> <span class='ocrx_word' id='word_1_525' title='bbox 1310 3825 1477 3896; x_wconf 85' lang='lat' dir='ltr'>adjungens,</span> <span class='ocrx_word' id='word_1_526' title='bbox 1506 3824 1598 3895; x_wconf 87' lang='lat' dir='ltr'>quoad</span> <span class='ocrx_word' id='word_1_527' title='bbox 1618 3824 1781 3880; x_wconf 77' lang='lat' dir='ltr'>modernae</span> 
     </span>
     <span class='ocr_line' id='line_1_42' title="bbox 152 3913 1502 3989; baseline -0.001 -21"><span class='ocrx_word' id='word_1_528' title='bbox 152 3914 298 3971; x_wconf 89' lang='lat' dir='ltr'>hominum</span> <span class='ocrx_word' id='word_1_529' title='bbox 326 3915 537 3970; x_wconf 90' lang='lat' dir='ltr'>multitudinem</span> <span class='ocrx_word' id='word_1_530' title='bbox 552 3915 641 3987; x_wconf 90' lang='lat' dir='ltr'>ipsius</span> <span class='ocrx_word' id='word_1_531' title='bbox 655 3933 741 3989; x_wconf 88' lang='lat' dir='ltr'>opera</span> <span class='ocrx_word' id='word_1_532' title='bbox 756 3918 949 3989; x_wconf 89' lang='lat' dir='ltr'>superstitioso</span> <span class='ocrx_word' id='word_1_533' title='bbox 991 3920 1132 3987; x_wconf 89' lang='lat' dir='ltr'>speratam</span> <span class='ocrx_word' id='word_1_534' title='bbox 1147 3914 1351 3969; x_wconf 88' lang='lat' dir='ltr'>beatitudinem</span> <span class='ocrx_word' id='word_1_535' title='bbox 1366 3913 1502 3985; x_wconf 86' lang='lat' dir='ltr'>pervenit.</span> 
     </span>
     <span class='ocr_line' id='line_1_43' title="bbox 153 4003 1789 4077; baseline 0.001 -17"><span class='ocrx_word' id='word_1_536' title='bbox 153 4022 248 4060; x_wconf 85' lang='lat' dir='ltr'>errore</span> <span class='ocrx_word' id='word_1_537' title='bbox 264 4003 400 4072; x_wconf 87' lang='lat' dir='ltr'>liberasti,</span> <span class='ocrx_word' id='word_1_538' title='bbox 416 4021 449 4059; x_wconf 87' lang='lat' dir='ltr'>ae</span> <span class='ocrx_word' id='word_1_539' title='bbox 464 4022 530 4059; x_wconf 86' lang='lat' dir='ltr'>rere</span> <span class='ocrx_word' id='word_1_540' title='bbox 553 4005 604 4059; x_wconf 92' lang='lat' dir='ltr'>Dei</span> <span class='ocrx_word' id='word_1_541' title='bbox 618 4007 777 4077; x_wconf 85' lang='lat' dir='ltr'>cognitione</span> <span class='ocrx_word' id='word_1_542' title='bbox 790 4007 949 4063; x_wconf 85' lang='lat' dir='ltr'>illustrasti.</span> <span class='ocrx_word' id='word_1_543' title='bbox 1028 4006 1092 4059; x_wconf 75' lang='lat' dir='ltr'>Cae.</span> <span class='ocrx_word' id='word_1_544' title='bbox 1109 4005 1245 4059; x_wconf 82' lang='lat' dir='ltr'>XXIX.-</span> <span class='ocrx_word' id='word_1_545' title='bbox 1261 4004 1331 4058; x_wconf 87' lang='lat' dir='ltr'>Cum</span> <span class='ocrx_word' id='word_1_546' title='bbox 1342 4003 1438 4075; x_wconf 87' lang='lat' dir='ltr'>itaque</span> <span class='ocrx_word' id='word_1_547' title='bbox 1451 4003 1504 4057; x_wconf 93' lang='lat' dir='ltr'>hoc</span> <span class='ocrx_word' id='word_1_548' title='bbox 1518 4008 1598 4074; x_wconf 89' lang='lat' dir='ltr'>pacto</span> <span class='ocrx_word' id='word_1_549' title='bbox 1616 4004 1789 4061; x_wconf 84' lang='lat' dir='ltr'>Darlaamct</span> 
     </span>
     <span class='ocr_line' id='line_1_44' title="bbox 187 4092 1790 4168; baseline 0.001 -19"><span class='ocrx_word' id='word_1_550' title='bbox 187 4094 229 4149; x_wconf 80' lang='lat' dir='ltr'>Ad</span> <span class='ocrx_word' id='word_1_551' title='bbox 239 4095 314 4150; x_wconf 92' lang='lat' dir='ltr'>hunc</span> <span class='ocrx_word' id='word_1_552' title='bbox 323 4094 437 4149; x_wconf 91' lang='lat' dir='ltr'>modum</span> <span class='ocrx_word' id='word_1_553' title='bbox 449 4094 949 4168; x_wconf 76' lang='lat' dir='ltr'>Deoabntroquegratireagebantur3</span> <span class='ocrx_word' id='word_1_554' title='bbox 993 4094 1128 4168; x_wconf 79' lang='lat' dir='ltr'>iosaphat</span> <span class='ocrx_word' id='word_1_555' title='bbox 1142 4111 1198 4149; x_wconf 90' lang='lat' dir='ltr'>una</span> <span class='ocrx_word' id='word_1_556' title='bbox 1217 4098 1406 4160; x_wconf 82' lang='lat' dir='ltr'>versarentur,</span> <span class='ocrx_word' id='word_1_557' title='bbox 1421 4109 1453 4147; x_wconf 93' lang='lat' dir='ltr'>ac</span> <span class='ocrx_word' id='word_1_558' title='bbox 1467 4093 1583 4165; x_wconf 91' lang='lat' dir='ltr'>pulchre</span> <span class='ocrx_word' id='word_1_559' title='bbox 1599 4092 1676 4149; x_wconf 90' lang='lat' dir='ltr'>inter</span> <span class='ocrx_word' id='word_1_560' title='bbox 1690 4111 1721 4150; x_wconf 87' lang='lat' dir='ltr'>se</span> <span class='ocrx_word' id='word_1_561' title='bbox 1734 4110 1790 4151; x_wconf 91' lang='lat' dir='ltr'>cer-</span> 
     </span>
     <span class='ocr_line' id='line_1_45' title="bbox 151 4181 1791 4258; baseline 0.001 -20"><span class='ocrx_word' id='word_1_562' title='bbox 151 4185 275 4258; x_wconf 89' lang='lat' dir='ltr'>ipsisque</span> <span class='ocrx_word' id='word_1_563' title='bbox 299 4185 339 4240; x_wconf 85' lang='lat' dir='ltr'>ita</span> <span class='ocrx_word' id='word_1_564' title='bbox 359 4183 434 4239; x_wconf 89' lang='lat' dir='ltr'>inter</span> <span class='ocrx_word' id='word_1_565' title='bbox 448 4201 478 4238; x_wconf 92' lang='lat' dir='ltr'>se</span> <span class='ocrx_word' id='word_1_566' title='bbox 492 4185 726 4255; x_wconf 88' lang='lat' dir='ltr'>colloquentibus,</span> <span class='ocrx_word' id='word_1_567' title='bbox 741 4203 773 4241; x_wconf 88' lang='lat' dir='ltr'>ac</span> <span class='ocrx_word' id='word_1_568' title='bbox 790 4187 841 4241; x_wconf 90' lang='lat' dir='ltr'>Dei</span> <span class='ocrx_word' id='word_1_569' title='bbox 856 4187 949 4258; x_wconf 89' lang='lat' dir='ltr'>gratia</span> <span class='ocrx_word' id='word_1_570' title='bbox 993 4185 1099 4239; x_wconf 90' lang='lat' dir='ltr'>tamine</span> <span class='ocrx_word' id='word_1_571' title='bbox 1114 4184 1326 4249; x_wconf 88' lang='lat' dir='ltr'>contenderent,</span> <span class='ocrx_word' id='word_1_572' title='bbox 1354 4181 1388 4236; x_wconf 95' lang='lat' dir='ltr'>ab</span> <span class='ocrx_word' id='word_1_573' title='bbox 1408 4181 1483 4237; x_wconf 90' lang='lat' dir='ltr'>omni</span> <span class='ocrx_word' id='word_1_574' title='bbox 1499 4199 1566 4237; x_wconf 92' lang='lat' dir='ltr'>cura</span> <span class='ocrx_word' id='word_1_575' title='bbox 1578 4187 1608 4236; x_wconf 91' lang='lat' dir='ltr'>et</span> <span class='ocrx_word' id='word_1_576' title='bbox 1621 4183 1741 4255; x_wconf 87' lang='lat' dir='ltr'>hujusce</span> <span class='ocrx_word' id='word_1_577' title='bbox 1754 4183 1791 4239; x_wconf 82' lang='lat' dir='ltr'>vi-</span> 
     </span>
     <span class='ocr_line' id='line_1_46' title="bbox 151 4272 1790 4347; baseline -0.001 -17"><span class='ocrx_word' id='word_1_578' title='bbox 151 4275 362 4337; x_wconf 76' lang='lat' dir='ltr'>easultantibus</span> <span class='ocrx_word' id='word_1_579' title='bbox 375 4274 465 4330; x_wconf 81' lang='lat' dir='ltr'>adfuit</span> <span class='ocrx_word' id='word_1_580' title='bbox 478 4291 602 4347; x_wconf 85' lang='lat' dir='ltr'>vespera.</span> <span class='ocrx_word' id='word_1_581' title='bbox 615 4275 735 4332; x_wconf 88' lang='lat' dir='ltr'>Proinde</span> <span class='ocrx_word' id='word_1_582' title='bbox 745 4276 779 4332; x_wconf 89' lang='lat' dir='ltr'>ad</span> <span class='ocrx_word' id='word_1_583' title='bbox 795 4277 949 4333; x_wconf 86' lang='lat' dir='ltr'>orationem</span> <span class='ocrx_word' id='word_1_584' title='bbox 991 4280 1026 4329; x_wconf 71' lang='lat' dir='ltr'>tce</span> <span class='ocrx_word' id='word_1_585' title='bbox 1051 4274 1261 4346; x_wconf 85' lang='lat' dir='ltr'>perturbatione</span> <span class='ocrx_word' id='word_1_586' title='bbox 1282 4273 1432 4338; x_wconf 69' lang='lat' dir='ltr'>immunes</span> <span class='ocrx_word' id='word_1_587' title='bbox 1457 4277 1637 4344; x_wconf 87' lang='lat' dir='ltr'>mentemque</span> <span class='ocrx_word' id='word_1_588' title='bbox 1660 4272 1697 4328; x_wconf 88' lang='lat' dir='ltr'>ab</span> <span class='ocrx_word' id='word_1_589' title='bbox 1715 4272 1790 4329; x_wconf 89' lang='lat' dir='ltr'>omni</span> 
     </span>
     <span class='ocr_line' id='line_1_47' title="bbox 150 4357 1789 4438; baseline -0.002 -18"><span class='ocrx_word' id='word_1_590' title='bbox 150 4370 360 4436; x_wconf 89' lang='lat' dir='ltr'>consurgentes,</span> <span class='ocrx_word' id='word_1_591' title='bbox 377 4370 543 4420; x_wconf 88' lang='lat' dir='ltr'>consuetum</span> <span class='ocrx_word' id='word_1_592' title='bbox 553 4364 746 4437; x_wconf 88' lang='lat' dir='ltr'>precationum</span> <span class='ocrx_word' id='word_1_593' title='bbox 760 4382 878 4436; x_wconf 90' lang='lat' dir='ltr'>pensum</span> <span class='ocrx_word' id='word_1_594' title='bbox 889 4357 1153 4438; x_wconf 87' lang='lat' dir='ltr'>per-Deonlusionc</span> <span class='ocrx_word' id='word_1_595' title='bbox 1178 4379 1279 4434; x_wconf 88' lang='lat' dir='ltr'>puram</span> <span class='ocrx_word' id='word_1_596' title='bbox 1302 4378 1333 4415; x_wconf 93' lang='lat' dir='ltr'>ac</span> <span class='ocrx_word' id='word_1_597' title='bbox 1357 4363 1515 4432; x_wconf 83' lang='lat' dir='ltr'>sejunctam</span> <span class='ocrx_word' id='word_1_598' title='bbox 1541 4360 1689 4429; x_wconf 88' lang='lat' dir='ltr'>habentes,</span> <span class='ocrx_word' id='word_1_599' title='bbox 1725 4366 1789 4435; x_wconf 88' lang='lat' dir='ltr'>pest</span> 
     </span>
     <span class='ocr_line' id='line_1_48' title="bbox 150 4450 1788 4528; baseline 0 -20"><span class='ocrx_word' id='word_1_600' title='bbox 150 4455 301 4511; x_wconf 81' lang='lat' dir='ltr'>solverunt.</span> <span class='ocrx_word' id='word_1_601' title='bbox 318 4455 358 4509; x_wconf 82' lang='lat' dir='ltr'>Ac</span> <span class='ocrx_word' id='word_1_602' title='bbox 371 4460 477 4527; x_wconf 88' lang='lat' dir='ltr'>postea,</span> <span class='ocrx_word' id='word_1_603' title='bbox 494 4468 559 4509; x_wconf 88' lang='lat' dir='ltr'>cum</span> <span class='ocrx_word' id='word_1_604' title='bbox 576 4453 637 4508; x_wconf 89' lang='lat' dir='ltr'>cibe</span> <span class='ocrx_word' id='word_1_605' title='bbox 652 4456 834 4510; x_wconf 87' lang='lat' dir='ltr'>recreandum</span> <span class='ocrx_word' id='word_1_606' title='bbox 848 4472 950 4528; x_wconf 89' lang='lat' dir='ltr'>corpus</span> <span class='ocrx_word' id='word_1_607' title='bbox 991 4455 1094 4508; x_wconf 92' lang='lat' dir='ltr'>multos</span> <span class='ocrx_word' id='word_1_608' title='bbox 1118 4452 1153 4507; x_wconf 88' lang='lat' dir='ltr'>ab</span> <span class='ocrx_word' id='word_1_609' title='bbox 1181 4452 1247 4524; x_wconf 88' lang='lat' dir='ltr'>ipsis</span> <span class='ocrx_word' id='word_1_610' title='bbox 1273 4451 1386 4523; x_wconf 90' lang='lat' dir='ltr'>pictatis</span> <span class='ocrx_word' id='word_1_611' title='bbox 1401 4467 1486 4506; x_wconf 88' lang='lat' dir='ltr'>causa</span> <span class='ocrx_word' id='word_1_612' title='bbox 1499 4455 1644 4522; x_wconf 89' lang='lat' dir='ltr'>susceptos</span> <span class='ocrx_word' id='word_1_613' title='bbox 1668 4450 1788 4518; x_wconf 82' lang='lat' dir='ltr'>labores,</span> 
     </span>
     <span class='ocr_line' id='line_1_49' title="bbox 150 4540 1790 4617; baseline -0.001 -18"><span class='ocrx_word' id='word_1_614' title='bbox 150 4551 233 4613; x_wconf 91' lang='lat' dir='ltr'>esset,</span> <span class='ocrx_word' id='word_1_615' title='bbox 250 4544 563 4615; x_wconf 84' lang='lat' dir='ltr'>Barlaammagnidcam</span> <span class='ocrx_word' id='word_1_616' title='bbox 575 4560 701 4598; x_wconf 89' lang='lat' dir='ltr'>mensam</span> <span class='ocrx_word' id='word_1_617' title='bbox 715 4546 854 4616; x_wconf 89' lang='lat' dir='ltr'>apposuit,</span> <span class='ocrx_word' id='word_1_618' title='bbox 870 4546 951 4617; x_wconf 89' lang='lat' dir='ltr'>spiri·</span> <span class='ocrx_word' id='word_1_619' title='bbox 992 4543 1112 4615; x_wconf 88' lang='lat' dir='ltr'>quodam</span> <span class='ocrx_word' id='word_1_620' title='bbox 1135 4543 1179 4596; x_wconf 92' lang='lat' dir='ltr'>die</span> <span class='ocrx_word' id='word_1_621' title='bbox 1199 4558 1283 4597; x_wconf 80' lang='lat' dir='ltr'>senex</span> <span class='ocrx_word' id='word_1_622' title='bbox 1305 4541 1439 4596; x_wconf 89' lang='lat' dir='ltr'>accersito</span> <span class='ocrx_word' id='word_1_623' title='bbox 1467 4540 1606 4612; x_wconf 89' lang='lat' dir='ltr'>spirituali</span> <span class='ocrx_word' id='word_1_624' title='bbox 1621 4540 1693 4608; x_wconf 87' lang='lat' dir='ltr'>tilio,</span> <span class='ocrx_word' id='word_1_625' title='bbox 1707 4557 1790 4613; x_wconf 89' lang='lat' dir='ltr'>quem</span> 
     </span>
     <span class='ocr_line' id='line_1_50' title="bbox 150 4629 1790 4705; baseline 0.001 -18"><span class='ocrx_word' id='word_1_626' title='bbox 150 4634 273 4689; x_wconf 88' lang='lat' dir='ltr'>tualibus</span> <span class='ocrx_word' id='word_1_627' title='bbox 288 4632 518 4705; x_wconf 86' lang='lat' dir='ltr'>videlicetepulis</span> <span class='ocrx_word' id='word_1_628' title='bbox 534 4633 766 4705; x_wconf 84' lang='lat' dir='ltr'>consertam,ejus</span> <span class='ocrx_word' id='word_1_629' title='bbox 779 4640 873 4690; x_wconf 86' lang='lat' dir='ltr'>autem</span> <span class='ocrx_word' id='word_1_630' title='bbox 887 4652 950 4690; x_wconf 93' lang='lat' dir='ltr'>con·</span> <span class='ocrx_word' id='word_1_631' title='bbox 991 4651 1041 4705; x_wconf 90' lang='lat' dir='ltr'>per</span> <span class='ocrx_word' id='word_1_632' title='bbox 1059 4632 1239 4703; x_wconf 83' lang='lat' dir='ltr'>Evangelium</span> <span class='ocrx_word' id='word_1_633' title='bbox 1258 4635 1404 4702; x_wconf 86' lang='lat' dir='ltr'>genuerat,</span> <span class='ocrx_word' id='word_1_634' title='bbox 1433 4629 1594 4702; x_wconf 87' lang='lat' dir='ltr'>hujusmodi</span> <span class='ocrx_word' id='word_1_635' title='bbox 1613 4630 1790 4704; x_wconf 82' lang='lat' dir='ltr'>spiritualem</span> 
     </span>
     <span class='ocr_line' id='line_1_51' title="bbox 151 4722 1381 4795; baseline -0.001 -20"><span class='ocrx_word' id='word_1_636' title='bbox 151 4722 305 4789; x_wconf 84' lang='lat' dir='ltr'>solatienis,</span> <span class='ocrx_word' id='word_1_637' title='bbox 323 4740 385 4795; x_wconf 79' lang='lat' dir='ltr'>quae</span> <span class='ocrx_word' id='word_1_638' title='bbox 397 4723 525 4779; x_wconf 87' lang='lat' dir='ltr'>sensibus</span> <span class='ocrx_word' id='word_1_639' title='bbox 534 4722 697 4795; x_wconf 88' lang='lat' dir='ltr'>percipitur,</span> <span class='ocrx_word' id='word_1_640' title='bbox 705 4740 790 4795; x_wconf 86' lang='lat' dir='ltr'>quam</span> <span class='ocrx_word' id='word_1_641' title='bbox 800 4724 951 4781; x_wconf 87' lang='lat' dir='ltr'>minimum</span> <span class='ocrx_word' id='word_1_642' title='bbox 991 4739 1150 4778; x_wconf 89' lang='lat' dir='ltr'>sermonem</span> <span class='ocrx_word' id='word_1_643' title='bbox 1159 4738 1308 4793; x_wconf 84' lang='lat' dir='ltr'>aggressus</span> <span class='ocrx_word' id='word_1_644' title='bbox 1323 4726 1381 4775; x_wconf 91' lang='lat' dir='ltr'>est:</span> 
     </span>
     <span class='ocr_line' id='line_1_52' title="bbox 152 4808 1791 4884; baseline 0.002 -20"><span class='ocrx_word' id='word_1_645' title='bbox 152 4827 219 4865; x_wconf 86' lang='lat' dir='ltr'>sane</span> <span class='ocrx_word' id='word_1_646' title='bbox 233 4813 408 4884; x_wconf 90' lang='lat' dir='ltr'>participem.</span> <span class='ocrx_word' id='word_1_647' title='bbox 425 4814 519 4868; x_wconf 86' lang='lat' dir='ltr'>Cruda</span> <span class='ocrx_word' id='word_1_648' title='bbox 529 4813 604 4868; x_wconf 89' lang='lat' dir='ltr'>enim</span> <span class='ocrx_word' id='word_1_649' title='bbox 615 4812 752 4868; x_wconf 85' lang='lat' dir='ltr'>duntaxat</span> <span class='ocrx_word' id='word_1_650' title='bbox 767 4814 843 4867; x_wconf 88' lang='lat' dir='ltr'>olere</span> <span class='ocrx_word' id='word_1_651' title='bbox 857 4820 947 4883; x_wconf 90' lang='lat' dir='ltr'>erant,</span> <span class='ocrx_word' id='word_1_652' title='bbox 1025 4814 1088 4870; x_wconf 88' lang='lat' dir='ltr'>Jam</span> <span class='ocrx_word' id='word_1_653' title='bbox 1098 4810 1217 4884; x_wconf 89' lang='lat' dir='ltr'>pridem,</span> <span class='ocrx_word' id='word_1_654' title='bbox 1231 4811 1345 4865; x_wconf 89' lang='lat' dir='ltr'>onmiee</span> <span class='ocrx_word' id='word_1_655' title='bbox 1360 4811 1374 4865; x_wconf 91' lang='lat' dir='ltr'>J</span> <span class='ocrx_word' id='word_1_656' title='bbox 1377 4808 1504 4881; x_wconf 88' lang='lat' dir='ltr'>osaphat‚</span> <span class='ocrx_word' id='word_1_657' title='bbox 1514 4815 1543 4864; x_wconf 90' lang='lat' dir='ltr'>te</span> <span class='ocrx_word' id='word_1_658' title='bbox 1556 4809 1587 4864; x_wconf 90' lang='lat' dir='ltr'>in</span> <span class='ocrx_word' id='word_1_659' title='bbox 1597 4809 1650 4864; x_wconf 91' lang='lat' dir='ltr'>hac</span> <span class='ocrx_word' id='word_1_660' title='bbox 1665 4810 1791 4867; x_wconf 85' lang='lat' dir='ltr'>solitudi-</span> 
     </span>
     <span class='ocr_line' id='line_1_53' title="bbox 152 4898 1790 4976; baseline 0.002 -25"><span class='ocrx_word' id='word_1_661' title='bbox 152 4899 299 4969; x_wconf 89' lang='lat' dir='ltr'>ipsiusmet</span> <span class='ocrx_word' id='word_1_662' title='bbox 308 4902 551 4958; x_wconf 91' lang='lat' dir='ltr'>manibusconsita</span> <span class='ocrx_word' id='word_1_663' title='bbox 562 4908 590 4958; x_wconf 91' lang='lat' dir='ltr'>ct</span> <span class='ocrx_word' id='word_1_664' title='bbox 600 4903 877 4976; x_wconf 81' lang='lat' dir='ltr'>exculta,palmaequc</span> <span class='ocrx_word' id='word_1_665' title='bbox 885 4921 949 4976; x_wconf 91' lang='lat' dir='ltr'>per·</span> <span class='ocrx_word' id='word_1_666' title='bbox 990 4919 1025 4958; x_wconf 89' lang='lat' dir='ltr'>ne</span> <span class='ocrx_word' id='word_1_667' title='bbox 1037 4902 1165 4958; x_wconf 89' lang='lat' dir='ltr'>habitare</span> <span class='ocrx_word' id='word_1_668' title='bbox 1179 4900 1334 4972; x_wconf 77' lang='lat' dir='ltr'>opmtebat,</span> <span class='ocrx_word' id='word_1_669' title='bbox 1352 4904 1437 4971; x_wconf 89' lang='lat' dir='ltr'>atque</span> <span class='ocrx_word' id='word_1_670' title='bbox 1449 4898 1501 4953; x_wconf 90' lang='lat' dir='ltr'>hoc</span> <span class='ocrx_word' id='word_1_671' title='bbox 1517 4898 1585 4952; x_wconf 92' lang='lat' dir='ltr'>mihi</span> <span class='ocrx_word' id='word_1_672' title='bbox 1598 4898 1693 4955; x_wconf 87' lang='lat' dir='ltr'>oranti</span> <span class='ocrx_word' id='word_1_673' title='bbox 1709 4899 1790 4956; x_wconf 84' lang='lat' dir='ltr'>Chri·</span> 
     </span>
     <span class='ocr_line' id='line_1_54' title="bbox 153 4989 1791 5064; baseline 0.004 -22"><span class='ocrx_word' id='word_1_674' title='bbox 153 5004 260 5058; x_wconf 80' lang='lat' dir='ltr'>paucm,</span> <span class='ocrx_word' id='word_1_675' title='bbox 271 4992 366 5061; x_wconf 85' lang='lat' dir='ltr'>quaein</span> <span class='ocrx_word' id='word_1_676' title='bbox 376 5009 409 5046; x_wconf 89' lang='lat' dir='ltr'>ea</span> <span class='ocrx_word' id='word_1_677' title='bbox 419 4993 570 5047; x_wconf 91' lang='lat' dir='ltr'>solitudine</span> <span class='ocrx_word' id='word_1_678' title='bbox 578 4992 803 5061; x_wconf 77' lang='lat' dir='ltr'>inveniebantur,</span> <span class='ocrx_word' id='word_1_679' title='bbox 819 5010 851 5048; x_wconf 92' lang='lat' dir='ltr'>ac</span> <span class='ocrx_word' id='word_1_680' title='bbox 864 4994 950 5049; x_wconf 90' lang='lat' dir='ltr'>deni-</span> <span class='ocrx_word' id='word_1_681' title='bbox 990 4998 1049 5048; x_wconf 88' lang='lat' dir='ltr'>stus</span> <span class='ocrx_word' id='word_1_682' title='bbox 1064 4994 1097 5047; x_wconf 89' lang='lat' dir='ltr'>de</span> <span class='ocrx_word' id='word_1_683' title='bbox 1112 4998 1140 5047; x_wconf 89' lang='lat' dir='ltr'>te</span> <span class='ocrx_word' id='word_1_684' title='bbox 1150 4991 1289 5064; x_wconf 84' lang='lat' dir='ltr'>pollicitus</span> <span class='ocrx_word' id='word_1_685' title='bbox 1301 4990 1392 5045; x_wconf 86' lang='lat' dir='ltr'>suerat</span> <span class='ocrx_word' id='word_1_686' title='bbox 1402 4989 1459 5044; x_wconf 83' lang='lat' dir='ltr'>fore</span> <span class='ocrx_word' id='word_1_687' title='bbox 1468 4993 1538 5045; x_wconf 89' lang='lat' dir='ltr'>utte</span> <span class='ocrx_word' id='word_1_688' title='bbox 1552 4994 1618 5045; x_wconf 91' lang='lat' dir='ltr'>ante</span> <span class='ocrx_word' id='word_1_689' title='bbox 1632 4995 1791 5048; x_wconf 54' lang='lat' dir='ltr'>&amp;hemum</span> 
     </span>
     <span class='ocr_line' id='line_1_55' title="bbox 154 5076 1795 5155; baseline 0.005 -27"><span class='ocrx_word' id='word_1_690' title='bbox 154 5094 208 5148; x_wconf 88' lang='lat' dir='ltr'>quc</span> <span class='ocrx_word' id='word_1_691' title='bbox 222 5077 363 5133; x_wconf 80' lang='lat' dir='ltr'>silvestres</span> <span class='ocrx_word' id='word_1_692' title='bbox 375 5081 477 5136; x_wconf 89' lang='lat' dir='ltr'>herbae.</span> <span class='ocrx_word' id='word_1_693' title='bbox 497 5084 567 5137; x_wconf 85' lang='lat' dir='ltr'>Cnrn</span> <span class='ocrx_word' id='word_1_694' title='bbox 583 5083 671 5155; x_wconf 87' lang='lat' dir='ltr'>igitur</span> <span class='ocrx_word' id='word_1_695' title='bbox 686 5084 792 5154; x_wconf 90' lang='lat' dir='ltr'>gratias</span> <span class='ocrx_word' id='word_1_696' title='bbox 806 5085 864 5138; x_wconf 92' lang='lat' dir='ltr'>Deo</span> <span class='ocrx_word' id='word_1_697' title='bbox 874 5084 948 5154; x_wconf 86' lang='lat' dir='ltr'>egis·</span> <span class='ocrx_word' id='word_1_698' title='bbox 990 5083 1053 5137; x_wconf 73' lang='lat' dir='ltr'>sitm</span> <span class='ocrx_word' id='word_1_699' title='bbox 1068 5081 1142 5136; x_wconf 89' lang='lat' dir='ltr'>diem</span> <span class='ocrx_word' id='word_1_700' title='bbox 1154 5080 1287 5135; x_wconf 82' lang='lat' dir='ltr'>riderem.</span> <span class='ocrx_word' id='word_1_701' title='bbox 1301 5079 1366 5134; x_wconf 89' lang='lat' dir='ltr'>Vidi</span> <span class='ocrx_word' id='word_1_702' title='bbox 1376 5079 1471 5150; x_wconf 91' lang='lat' dir='ltr'>itaque</span> <span class='ocrx_word' id='word_1_703' title='bbox 1487 5078 1728 5149; x_wconf 88' lang='lat' dir='ltr'>quemadmodum</span> <span class='ocrx_word' id='word_1_704' title='bbox 1741 5076 1795 5136; x_wconf 51' lang='lat' dir='ltr'>cu?</span> 
     </span>
     <span class='ocr_line' id='line_1_56' title="bbox 154 5168 1791 5246; baseline 0.004 -26"><span class='ocrx_word' id='word_1_705' title='bbox 154 5172 224 5232; x_wconf 87' lang='lat' dir='ltr'>sent,</span> <span class='ocrx_word' id='word_1_706' title='bbox 250 5168 440 5241; x_wconf 88' lang='lat' dir='ltr'>appositisque</span> <span class='ocrx_word' id='word_1_707' title='bbox 455 5172 544 5244; x_wconf 90' lang='lat' dir='ltr'>epulis</span> <span class='ocrx_word' id='word_1_708' title='bbox 563 5189 663 5244; x_wconf 91' lang='lat' dir='ltr'>corpus</span> <span class='ocrx_word' id='word_1_709' title='bbox 677 5173 847 5241; x_wconf 79' lang='lat' dir='ltr'>refecissent,</span> <span class='ocrx_word' id='word_1_710' title='bbox 864 5179 950 5246; x_wconf 90' lang='lat' dir='ltr'>atque</span> <span class='ocrx_word' id='word_1_711' title='bbox 991 5171 1119 5244; x_wconf 86' lang='lat' dir='ltr'>piebam;</span> <span class='ocrx_word' id='word_1_712' title='bbox 1135 5170 1200 5237; x_wconf 84' lang='lat' dir='ltr'>ridi,</span> <span class='ocrx_word' id='word_1_713' title='bbox 1217 5169 1341 5241; x_wconf 90' lang='lat' dir='ltr'>inquam,</span> <span class='ocrx_word' id='word_1_714' title='bbox 1358 5174 1386 5222; x_wconf 90' lang='lat' dir='ltr'>te</span> <span class='ocrx_word' id='word_1_715' title='bbox 1402 5168 1537 5222; x_wconf 87' lang='lat' dir='ltr'>amundo</span> <span class='ocrx_word' id='word_1_716' title='bbox 1553 5172 1581 5222; x_wconf 91' lang='lat' dir='ltr'>et</span> <span class='ocrx_word' id='word_1_717' title='bbox 1590 5168 1693 5224; x_wconf 88' lang='lat' dir='ltr'>mundi</span> <span class='ocrx_word' id='word_1_718' title='bbox 1706 5168 1791 5226; x_wconf 87' lang='lat' dir='ltr'>rebus</span> 
     </span>
     <span class='ocr_line' id='line_1_57' title="bbox 153 5257 1792 5335; baseline 0.004 -24"><span class='ocrx_word' id='word_1_719' title='bbox 153 5272 256 5329; x_wconf 89' lang='lat' dir='ltr'>aquam</span> <span class='ocrx_word' id='word_1_720' title='bbox 269 5274 283 5312; x_wconf 93' lang='lat' dir='ltr'>e</span> <span class='ocrx_word' id='word_1_721' title='bbox 296 5259 453 5330; x_wconf 90' lang='lat' dir='ltr'>propinquo</span> <span class='ocrx_word' id='word_1_722' title='bbox 466 5262 542 5316; x_wconf 87' lang='lat' dir='ltr'>fonte</span> <span class='ocrx_word' id='word_1_723' title='bbox 557 5260 702 5328; x_wconf 86' lang='lat' dir='ltr'>bibissent,</span> <span class='ocrx_word' id='word_1_724' title='bbox 718 5263 743 5318; x_wconf 91' lang='lat' dir='ltr'>ci</span> <span class='ocrx_word' id='word_1_725' title='bbox 761 5281 883 5331; x_wconf 88' lang='lat' dir='ltr'>rursum,</span> <span class='ocrx_word' id='word_1_726' title='bbox 901 5265 949 5335; x_wconf 89' lang='lat' dir='ltr'>qui</span> <span class='ocrx_word' id='word_1_727' title='bbox 991 5260 1275 5327; x_wconf 69' lang='lat' dir='ltr'>arulsnmacClnisto</span> <span class='ocrx_word' id='word_1_728' title='bbox 1284 5257 1529 5313; x_wconf 87' lang='lat' dir='ltr'>minimcdubioac</span> <span class='ocrx_word' id='word_1_729' title='bbox 1537 5257 1681 5313; x_wconf 84' lang='lat' dir='ltr'>vacillanti</span> <span class='ocrx_word' id='word_1_730' title='bbox 1696 5259 1792 5317; x_wconf 82' lang='lat' dir='ltr'>animo</span> 
     </span>
     <span class='ocr_line' id='line_1_58' title="bbox 153 5346 1792 5422; baseline 0.006 -25"><span class='ocrx_word' id='word_1_731' title='bbox 153 5361 269 5400; x_wconf 74' lang='lat' dir='ltr'>inanium</span> <span class='ocrx_word' id='word_1_732' title='bbox 283 5346 383 5418; x_wconf 88' lang='lat' dir='ltr'>aperit,</span> <span class='ocrx_word' id='word_1_733' title='bbox 400 5352 429 5401; x_wconf 89' lang='lat' dir='ltr'>et</span> <span class='ocrx_word' id='word_1_734' title='bbox 444 5348 541 5420; x_wconf 87' lang='lat' dir='ltr'>implet</span> <span class='ocrx_word' id='word_1_735' title='bbox 551 5352 745 5407; x_wconf 86' lang='lat' dir='ltr'>omneanimal</span> <span class='ocrx_word' id='word_1_736' title='bbox 756 5353 949 5408; x_wconf 86' lang='lat' dir='ltr'>benedictione</span> <span class='ocrx_word' id='word_1_737' title='bbox 990 5353 1180 5422; x_wconf 87' lang='lat' dir='ltr'>conjunctum,</span> <span class='ocrx_word' id='word_1_738' title='bbox 1194 5356 1277 5422; x_wconf 88' lang='lat' dir='ltr'>atque</span> <span class='ocrx_word' id='word_1_739' title='bbox 1290 5349 1325 5402; x_wconf 87' lang='lat' dir='ltr'>ad</span> <span class='ocrx_word' id='word_1_740' title='bbox 1339 5348 1492 5420; x_wconf 77' lang='lat' dir='ltr'>perfectam</span> <span class='ocrx_word' id='word_1_741' title='bbox 1505 5347 1692 5419; x_wconf 89' lang='lat' dir='ltr'>plenitudinis</span> <span class='ocrx_word' id='word_1_742' title='bbox 1702 5349 1792 5422; x_wconf 87' lang='lat' dir='ltr'>ipsius</span> 
     </span>
     <span class='ocr_line' id='line_1_59' title="bbox 155 5436 1793 5512; baseline 0.005 -24"><span class='ocrx_word' id='word_1_743' title='bbox 155 5437 338 5502; x_wconf 74' lang='lat' dir='ltr'>(rectorem),</span> <span class='ocrx_word' id='word_1_744' title='bbox 348 5436 454 5508; x_wconf 88' lang='lat' dir='ltr'>gratias</span> <span class='ocrx_word' id='word_1_745' title='bbox 467 5445 593 5508; x_wconf 85' lang='lat' dir='ltr'>egerunt.</span> <span class='ocrx_word' id='word_1_746' title='bbox 607 5442 648 5496; x_wconf 88' lang='lat' dir='ltr'>Ac</span> <span class='ocrx_word' id='word_1_747' title='bbox 661 5447 756 5509; x_wconf 68' lang='grc'>334</span> <span class='ocrx_word' id='word_1_748' title='bbox 770 5443 870 5498; x_wconf 89' lang='lat' dir='ltr'>deinde</span> <span class='ocrx_word' id='word_1_749' title='bbox 885 5459 948 5498; x_wconf 92' lang='lat' dir='ltr'>con·</span> <span class='ocrx_word' id='word_1_750' title='bbox 989 5458 1150 5496; x_wconf 88' lang='lat' dir='ltr'>mensuram</span> <span class='ocrx_word' id='word_1_751' title='bbox 1160 5456 1348 5512; x_wconf 88' lang='lat' dir='ltr'>progressum.</span> <span class='ocrx_word' id='word_1_752' title='bbox 1358 5440 1438 5494; x_wconf 83' lang='lat' dir='ltr'>Nunc</span> <span class='ocrx_word' id='word_1_753' title='bbox 1452 5438 1547 5511; x_wconf 85' lang='lat' dir='ltr'>igitur,</span> <span class='ocrx_word' id='word_1_754' title='bbox 1560 5439 1793 5512; x_wconf 89' lang='lat' dir='ltr'>quandoquidem</span> 
     </span>
     <span class='ocr_line' id='line_1_60' title="bbox 152 5527 1790 5606; baseline 0.007 -28"><span class='ocrx_word' id='word_1_755' title='bbox 152 5533 650 5601; x_wconf 74' lang='lat' dir='ltr'>surgentespesteaquarnnocturnas</span> <span class='ocrx_word' id='word_1_756' title='bbox 658 5533 945 5606; x_wconf 84' lang='lat' dir='ltr'>precesabsolrerunt,</span> <span class='ocrx_word' id='word_1_757' title='bbox 990 5531 1089 5587; x_wconf 88' lang='lat' dir='ltr'>mortis</span> <span class='ocrx_word' id='word_1_758' title='bbox 1097 5547 1164 5586; x_wconf 75' lang='lat' dir='ltr'>mere</span> <span class='ocrx_word' id='word_1_759' title='bbox 1175 5534 1286 5602; x_wconf 83' lang='lat' dir='ltr'>tempus</span> <span class='ocrx_word' id='word_1_760' title='bbox 1298 5527 1393 5599; x_wconf 88' lang='lat' dir='ltr'>instat,</span> <span class='ocrx_word' id='word_1_761' title='bbox 1406 5533 1491 5604; x_wconf 88' lang='lat' dir='ltr'>atque</span> <span class='ocrx_word' id='word_1_762' title='bbox 1499 5528 1671 5586; x_wconf 76' lang='lat' dir='ltr'>collectanea</span> <span class='ocrx_word' id='word_1_763' title='bbox 1679 5533 1709 5585; x_wconf 86' lang='lat' dir='ltr'>et</span> <span class='ocrx_word' id='word_1_764' title='bbox 1718 5527 1790 5589; x_wconf 81' lang='lat' dir='ltr'>mihi</span> 
     </span>
    </p>
   </div>
   <div class='ocr_carea' id='block_1_5' title="bbox 0 0 1938 6116">
    <p class='ocr_par' dir='ltr' id='par_1_5' title="bbox 0 0 1938 6116">
     <span class='ocr_line' id='line_1_61' title="bbox 0 0 1938 6116; baseline 0 0"><span class='ocrx_word' id='word_1_765' title='bbox 0 0 1938 6116; x_wconf 95' lang='lat' dir='ltr'> </span> 
     </span>
    </p>
   </div>
  </div>
 </body>
</html>
