3818 6120
871 310 1768 341 -—-——-————--——.-

337 384 551 448 Exuuruna
574 387 777 449 EPlS'l’OLAE
804 387 978 448 scallam
1005 389 1058 449 All
1091 389 1256 453 LAUSUM
1284 393 1573 470 PRAEPOSITUM,

624 540 662 585 ns
686 538 857 583 asancuma
880 536 1018 584 srrscero
1040 530 1053 556 ⁸
1076 538 1282 585 carrlaocmc.

173 656 270 711 Laudo
284 672 455 728 magnopere
466 661 547 712 tuum
562 657 733 712 institutum.
756 657 811 712 Par
832 663 876 712 est
898 657 981 742 enim*
998 661 1029 710 ut
1049 656 1167 726 incipiat
1189 658 1307 727 epistola
1322 659 1512 715 alaudatione
1527 663 1619 733 :quod
1635 679 1701 719 cum
1717 681 1778 720 om·

137 761 187 800 nes
202 744 279 799 vanis
294 745 377 800 rebus
391 746 511 814 inhient,
528 752 556 801 et
569 746 676 818 lapides
688 747 835 814 edificent,
851 765 883 801 er
898 745 999 818 quibus
1013 746 1119 800 nullam
1130 747 1240 818 capient
1248 748 1411 813 utilitatem,
1427 749 1514 804 libros
1528 751 1697 814 aedifices,et
1707 755 1776 809 velis

138 833 240 888 doceri.
258 834 339 889 Solus
351 835 426 890 enim
441 835 636 891 universorum
650 837 725 892 Deus
738 837 786 907 qui
796 836 896 909 nequit
909 835 1012 901 doceri,
1025 835 1253 908 quandoquidem
1269 837 1369 908 etipse
1383 855 1434 909 per
1448 855 1477 893 se
1488 844 1541 906 est,
1556 846 1585 895 et
1598 846 1667 896 ante
1676 860 1707 897 se
1721 860 1778 899 non

137 922 223 978 habet
235 923 331 977 alium.
348 924 411 979 Alia
423 930 518 980 autem
534 926 628 980 omnia
643 927 736 980 doceri
751 931 877 997 possunt,
893 924 1025 996 quoniam
1045 930 1113 978 sunt
1127 930 1156 979 et
1178 924 1251 979 sacta
1269 932 1298 980 et
1319 931 1423 981 creata.
1439 928 1532 999 Atque
1555 930 1642 1000 primi
1662 932 1779 1002 quidem

138 1011 250 1066 ordines
264 1013 429 1084 magistram
438 1014 544 1069 habent
553 1031 695 1069 summam
708 1015 885 1078 Trinitatem,
895 1013 1010 1068 secandi
1020 1019 1114 1069 autem
1128 1013 1242 1069 diseunt
1252 1031 1269 1069 a
1279 1015 1387 1086 primis,
1398 1016 1474 1071 tertii
1489 1022 1614 1072 autema
1629 1021 1776 1087 secundis,

137 1103 166 1154 et
176 1100 215 1154 sic
230 1101 369 1173 deinceps,
381 1109 410 1157 et
423 1120 473 1174 per
489 1104 625 1169 ordinem,
643 1120 731 1175 usque
746 1103 780 1158 ad
797 1109 945 1157 extremos.
962 1103 1016 1165 Qui
1028 1102 1103 1156 enim
1118 1107 1184 1157 sunt
1198 1103 1406 1174 praestantiores
1420 1104 1526 1160 honore
1547 1111 1576 1160 et
1592 1107 1712 1175 virtute,
1728 1109 1778 1164 do·

137 1195 203 1244 cent
213 1207 261 1245 eos
274 1191 321 1262 qui
338 1196 405 1246 sunt
425 1193 571 1247 inferiores
587 1193 755 1264 cognitione.
774 1193 828 1257 Qui
845 1209 912 1262 crgo
928 1192 1090 1246 existimant
1104 1207 1134 1246 se
1147 1208 1203 1246 non
1217 1209 1299 1264 egere
1314 1193 1466 1264 magistris,
1484 1199 1605 1250 autnon
1628 1203 1733 1268 parent
1745 1198 1779 1253 iis

138 1279 186 1351 qui
201 1280 301 1334 docent
310 1279 340 1334 in
355 1281 501 1347 charitate,
514 1282 643 1336 laborant
657 1282 754 1337 morbo
769 1281 963 1351 ignorationis,
979 1297 1040 1352 quae
1055 1286 1098 1334 est
1111 1285 1202 1334 mater
1215 1282 1393 1352 arrogantiae.
1418 1283 1496 1337 Inter
1510 1299 1580 1354 quos
1594 1284 1705 1355 primas
1717 1301 1780 1356 pan

136 1372 179 1422 tes
194 1373 293 1424 tenent
307 1369 341 1422 ad
354 1369 509 1437 interitum,
527 1371 574 1442 qui
585 1373 684 1425 eodem
700 1372 767 1425 vitio
784 1372 978 1425 exciderunta
997 1369 1101 1423 coelesti
1117 1368 1291 1425 habitatione
1306 1371 1336 1425 in
1357 1387 1423 1425 aere
1436 1373 1563 1427 volantes
1577 1373 1733 1439 daemones,
1748 1381 1779 1429 at

137 1456 185 1527 qui
199 1456 360 1528 aufugerint
374 1457 408 1512 ab
429 1459 464 1513 iis
485 1460 533 1530 qui
553 1466 633 1514 erant
647 1461 677 1515 in
688 1461 756 1516 coelo
771 1460 922 1531 magistris.
939 1460 1004 1514 Non
1019 1458 1093 1512 enim
1110 1459 1246 1514 dictiones
1260 1466 1310 1514 aut
1328 1461 1441 1532 syllabae
1462 1466 1529 1515 sunt
1542 1462 1689 1526 doctrinae,
1708 1479 1777 1534 quas

136 1562 338 1617 nonnunquam
353 1548 458 1603 habent
478 1550 561 1604 etiam
577 1551 626 1620 qui
645 1555 711 1604 sunt
726 1550 858 1621 pessimi;
874 1549 923 1603 sed
938 1564 1031 1602 mores
1054 1552 1129 1602 recte
1143 1549 1300 1620 compositi,
1320 1560 1348 1603 et
1361 1550 1495 1605 molestiae
1510 1555 1540 1604 et
1552 1551 1671 1606 terroris
1685 1556 1778 1607 metus

136 1641 165 1689 et
178 1635 227 1689 irae
246 1636 380 1703 vacuitas,
393 1638 464 1691 etin
480 1638 562 1693 rebus
576 1639 706 1692 omnibus
716 1640 819 1693 srducia
833 1656 865 1693 ac
875 1637 985 1692 dicendi
995 1636 1120 1704 libertae,
1137 1643 1166 1692 et
1178 1655 1240 1709 quae
1254 1655 1398 1693 sermones
1412 1656 1467 1693 non
1483 1656 1562 1693 secus
1582 1640 1678 1711 gignit
1693 1658 1777 1713 quam

137 1724 211 1793 ignis
223 1726 375 1790 flammam,
389 1728 585 1782 mansuetuda.
602 1728 674 1781 Nam
685 1728 759 1781 siita
769 1744 825 1782 noa
837 1733 920 1792 esset,
937 1744 994 1781 non
1004 1727 1111 1781 diceret
1125 1744 1244 1798 magnus
1260 1728 1394 1800 magister
1411 1728 1469 1782 suis
1483 1728 1631 1799 discipulis
1649 1749 1655 1782 :
1673 1729 1778 1785 Discite

136 1829 153 1867 a
167 1830 220 1878 me,
238 1814 370 1884 quoniam
383 1815 459 1869 mitis
475 1833 538 1870 sum
553 1822 582 1870 et
598 1816 711 1870 humilis
723 1816 806 1870 corde
817 1817 927 1885 (ruant.
940 1816 1064 1876 x1l.Noa
1079 1815 1228 1870 verborum
1243 1821 1344 1871 ornatu
1358 1817 1510 1872 instituens
1525 1824 1553 1871 et
1567 1818 1696 1889 dirigens
1711 1835 1778 1891 apo-

135 1901 229 1966 stolos,
243 1902 292 1956 sed
303 1919 411 1957 morum
425 1903 548 1958 bonitate
565 1904 707 1958 neminem
721 1904 849 1958 molestia
867 1903 1000 1969 alliciens,
1013 1910 1115 1975 praeter
1129 1920 1177 1959 eos
1196 1904 1245 1976 qui
1261 1904 1375 1959 verbum
1394 1905 1500 1960 habent
1514 1907 1588 1972 odio,
1605 1911 1636 1960 et
1659 1906 1779 1961 oderunt

134 1990 296 2061 magistros.
313 1991 431 2062 Oportet
440 1992 515 2046 enim
528 1992 662 2058 animam,
676 2009 736 2063 quae
750 1993 861 2047 Christo
874 1992 1072 2047 convenienter
1088 1998 1183 2059 wo
1196 1998 1351 2059 exercetur,
1365 1994 1407 2048 vel
1418 1994 1538 2049 fideliter
1552 1996 1663 2050 discere
1675 2012 1778 2067 eaquae

133 2095 190 2135 non
202 2079 287 2145 novit,
302 2080 345 2133 vel
358 2086 454 2151 aperte
466 2081 564 2135 docere
579 2097 613 2135 ca
636 2098 697 2152 quae
716 2081 778 2135 scit.
795 2081 825 2136 Si
839 2081 913 2135 enim
937 2083 1104 2136 alterutrum
1125 2081 1227 2135 horum
1244 2080 1324 2146 nolit,
1339 2081 1449 2136 laborat
1466 2082 1586 2138 insania.
1608 2083 1780 2139 Defectionis

134 2168 209 2223 enim
230 2168 398 2240 principium
413 2175 456 2224 cst
470 2170 603 2224 doctrinm
617 2171 742 2236 satietas,
755 2176 783 2225 et
798 2171 873 2225 verbi
888 2170 1042 2236 fastidium,
1057 2169 1132 2241 quod
1142 2186 1253 2241 semper
1263 2170 1352 2225 esurit
1366 2171 1460 2226 anima
1470 2173 1532 2243 ejus
1543 2172 1591 2244 qui
1606 2172 1703 2228 Deum
1714 2172 1776 2227 dili·

132 2255 185 2327 git.
201 2256 270 2312 Vale
282 2274 358 2329 ergo,
376 2263 404 2312 et
417 2259 455 2313 sis
466 2275 550 2313 sanus
564 2264 593 2313 et
607 2260 697 2327 fortis,
711 2266 740 2313 et
754 2260 839 2331 (quod
850 2275 984 2331 magnum
999 2261 1050 2329 est)
1068 2259 1120 2314 tibi
1135 2259 1209 2314 Deus
1224 2259 1358 2314 concedat
1368 2261 1557 2331 cognitionem
1573 2261 1695 2316 Christi.

128 2372 1774 2407 ww

338 2448 552 2510 exhalatae
580 2449 782 2509 EPlS'l'OLAE
810 2448 986 2509 SCRIPTAE
1015 2448 1067 2507 Al)
1096 2447 1259 2509 LAUSUM
1289 2446 1567 2523 PRAEPOSI'I'UM,

660 2594 680 2632 a
703 2589 850 2634 animam
879 2588 1018 2636 serscoro
1048 2587 1250 2633 carenacum.

171 2694 241 2748 Cum
257 2691 339 2747 multi
349 2693 439 2747 multa
454 2699 483 2747 et
495 2694 573 2747 varia
584 2693 700 2748 diversis
710 2694 885 2765 temporibus
900 2695 1004 2765 scripta
1015 2693 1080 2749 huic
1094 2695 1195 2749 saeculo
1210 2694 1385 2767 reliquerint,
1395 2711 1516 2767 quoram
1525 2696 1582 2751 alia
1597 2696 1726 2768 quidem,
1739 2715 1770 2753 ex

136 2780 186 2836 Dei
202 2799 329 2853 supemae
342 2782 440 2853 gratia
455 2782 723 2854 inspiratione,sunt
734 2783 769 2837 ad
779 2784 993 2838 aedificationem
1003 2789 1031 2838 et
1041 2783 1222 2839 securitatem
1235 2800 1333 2839 eorum
1348 2785 1395 2856 qui
1405 2785 1481 2840 fideli
1491 2787 1639 2858 proposito
1648 2803 1776 2859 sequun-

136 2876 184 2927 tur
197 2872 329 2942 dogmata
345 2871 514 2939 Servatoris;
531 2872 587 2926 alia
598 2877 702 2937 autem,
721 2889 754 2926 ex
768 2878 898 2944 corrupto
914 2879 942 2927 et
956 2874 1030 2943 quod
1045 2871 1206 2928 hominibus
1220 2873 1331 2945 placere
1351 2875 1428 2945 cupit
1452 2870 1774 2946 proposito,'luxuriaat

135 2960 171 3016 ad
186 2977 282 3015 eorum
297 2961 516 3017 consolationem
527 2962 575 3032 qui
590 2961 682 3016 inanis
696 2962 792 3033 gloria
803 2961 900 3016 morbo
914 2961 1060 3031 laborant,
1085 2963 1141 3017 alia
1156 2967 1260 3028 autem,
1278 2979 1311 3016 ex
1325 2963 1488 3034 importuna
1502 2964 1628 3034 quadam
1647 2965 1770 3033 insania,

136 3054 165 3104 et
177 3050 320 3117 daemonis,
338 3050 386 3121 qui
401 3067 461 3122 quae
472 3057 539 3106 sunt
551 3051 669 3105 honesta
679 3051 846 3116 habetodio,
859 3051 1038 3122 impulsione,
1059 3051 1094 3106 ad
1110 3051 1213 3106 levium
1232 3051 1380 3106 hominum
1398 3052 1562 3123 perniciem,
1578 3057 1608 3106 et
1625 3053 1778 3108 intemera-

134 3144 170 3195 tae
185 3140 329 3194 catholice
343 3140 471 3195 Ecclesiae
485 3139 587 3206 labem,
603 3141 646 3194 ira
659 3145 687 3194 et
701 3140 865 3210 arrogantia
884 3140 1049 3211 irruperunt
1071 3140 1101 3194 in
1121 3146 1231 3195 mentes
1245 3141 1406 3206 stultorum,
1422 3145 1454 3196 ut
1474 3140 1560 3195 vitam
1576 3142 1729 3197 honestam
1749 3150 1777 3197 et

133 3245 234 3302 puram
248 3229 449 3297 obscurarent3
464 3229 555 3284 visum
570 3235 613 3284 est
627 3229 695 3283 mihi
706 3229 925 3300 quoquehumili
938 3236 1053 3300 propter
1068 3247 1148 3301 spem
1160 3230 1189 3283 in
1203 3229 1358 3297 Christum,
1376 3235 1405 3283 et
1415 3230 1633 3299 magnificentia
1647 3237 1706 3286 tuae
1713 3233 1776 3303 jus-

134 3336 197 3375 sum
207 3320 355 3385 reverenti,
372 3320 414 3372 vir
429 3319 642 3385 studiosissime,
665 3320 786 3389 primum
802 3318 928 3372 omnium
937 3335 1053 3373 narrare
1064 3336 1098 3373 ea
1112 3319 1208 3373 omnia
1218 3335 1279 3390 quae
1294 3317 1329 3372 ad
1345 3334 1389 3372 mc
1399 3317 1550 3389 pertinent,
1571 3324 1601 3372 et
1612 3323 1729 3374 atatem
1743 3325 1772 3375 et

133 3409 237 3464 mentis
249 3426 318 3463 meae
328 3408 364 3463 ad
379 3407 511 3463 virtutem
526 3408 555 3463 iu
576 3409 666 3463 Deum
681 3408 845 3479 profectum,
858 3407 1015 3478 incipiendo
1025 3427 1042 3463 a
1053 3407 1172 3479 juvenili
1180 3411 1272 3462 estate.

169 3498 239 3554 Cum
253 3498 429 3570 trigesimum
444 3498 557 3569 quidem
573 3503 601 3552 et
615 3497 730 3552 tertium
744 3514 851 3551 annum
871 3512 985 3566 agerem
1004 3495 1034 3548 in
1048 3492 1258 3548 conversatione
1278 3507 1342 3545 cum
1357 3490 1491 3546 fratribus
1513 3497 1541 3547 ct
1555 3493 1614 3546 vita
1634 3493 1772 3560 solitaria,

132 3588 298 3659 vigesimum
313 3593 408 3643 autem
424 3588 609 3660 episcopatus,
621 3587 709 3641 totius
722 3593 817 3641 autem
834 3586 895 3640 vitae
905 3602 974 3641 mea
984 3581 1249 3656 quinquagesimum
1263 3581 1390 3647 tertium,
1402 3581 1594 3635 necessarium
1605 3581 1774 3644 existimavi,

133 3676 266 3749 spiritalis
278 3677 409 3732 utilitatis
423 3677 526 3748 gratia,
543 3676 593 3729 tibi
608 3676 732 3746 cupienti
747 3675 778 3728 in
788 3675 900 3746 scriptis
909 3690 1026 3728 narrare
1039 3689 1126 3742 quaa
1141 3669 1245 3725 sanctis
1259 3667 1389 3724 Patribus
1396 3675 1471 3724 recte
1486 3676 1556 3724 etex
1570 3670 1677 3725 virtute
1693 3678 1775 3742 gesta

132 3770 207 3833 sunt,
222 3770 281 3819 tam
296 3765 428 3819 masculis
444 3781 528 3836 quam
544 3764 664 3829 feminis,
682 3780 752 3835 quos
762 3768 791 3817 et
804 3764 864 3835 ipse
879 3763 945 3829 vidi,
962 3767 990 3816 et
1004 3759 1151 3830 dequibus
1164 3759 1258 3813 audivi
1273 3758 1308 3813 ab
1322 3759 1424 3814 animis
1435 3759 1616 3826 fidelissimis,
1628 3776 1696 3814 cum
1707 3761 1770 3830 qui-

133 3852 184 3908 bus
199 3860 325 3908 versatus
340 3870 402 3908 sum
417 3853 445 3907 in
456 3853 571 3924 AEgypti
587 3853 749 3919 solitudine,
766 3857 794 3906 et
809 3853 837 3906 in
854 3852 951 3923 Libya,
969 3857 996 3906 et
1009 3848 1160 3914 Thebaide,
1177 3854 1206 3903 et
1219 3849 1318 3920 Syene,
1333 3848 1386 3902 sub
1406 3865 1461 3920 qua
1481 3852 1547 3902 sunt
1560 3847 1648 3902 etiam
1663 3849 1714 3919 qui
1729 3849 1772 3902 di·

46 3993 53 4005 ,
132 3948 234 3999 cuntur
247 3942 477 4014 Tabennesiotae5
493 3942 594 3997 deindo
605 3941 634 3996 in
649 3942 860 4014 Mesopotamia,
878 3940 1038 4004 Palaestina,
1055 3944 1083 3993 et
1095 3937 1185 4010 Syria,
1197 3943 1226 3992 et
1238 3937 1268 3991 in
1283 3936 1410 4008 partibus
1428 3937 1596 4003 Occidentis,
1617 3943 1647 3992 et
1662 3937 1770 4001 Romae,

135 4037 164 4088 et
177 4033 206 4088 in
218 4034 381 4104 Campania,
400 4032 468 4087 etin
482 4032 517 4087 iis
532 4048 593 4103 quae
608 4037 675 4086 sunt
687 4031 761 4086 circa
770 4048 818 4085 eas
833 4030 978 4102 partibus;
994 4034 1027 4083 ut
1040 4029 1091 4083 tibi
1111 4027 1146 4081 ab
1160 4026 1240 4081 initio
1255 4027 1479 4081 accurretissime
1491 4025 1521 4080 in
1535 4027 1588 4080 hoc
1601 4025 1675 4080 libro
1690 4043 1777 4098 expo·

133 4138 200 4177 nam
212 4123 302 4178 instar
314 4123 498 4187 narrationis;
515 4127 547 4176 ut
558 4138 622 4176 cum
636 4121 741 4175 habeas
756 4122 907 4175 honestum
926 4124 956 4174 et
968 4118 1068 4173 animae
1088 4117 1158 4170 utile
1172 4120 1395 4181 monumentum,
1408 4121 1575 4186 perpetuum
1589 4119 1682 4169 etnon
1691 4115 1777 4169 inter·

134 4211 303 4267 mittendum
317 4211 430 4284 pietatis
444 4217 472 4266 et
484 4210 627 4282 religionis
637 4211 883 4275 medicamentum,
892 4224 1004 4263 omnem
1018 4206 1130 4277 quidem
1140 4204 1285 4259 oblivionis
1298 4204 1536 4271 dormitationem,
1553 4220 1615 4273 quaa
1627 4220 1661 4257 ex
1671 4203 1777 4274 cupidi·

132 4305 191 4358 tate
206 4301 323 4357 rationis
338 4301 492 4372 expertein
507 4300 601 4354 areima
615 4299 807 4371 ingeneratur,
824 4315 936 4353 omnem
953 4301 1048 4351 autem
1063 4295 1157 4349 infide
1172 4293 1387 4359 dubitationem,
1399 4310 1553 4365 omnesque
1567 4293 1599 4347 in
1611 4308 1709 4347 rerum
1723 4309 1776 4346 usu

133 4393 229 4448 sordes
243 4397 272 4446 ct
282 4391 457 4463 parcitatem,
475 4406 643 4461 omnemque
657 4388 861 4444 dubitationem
873 4386 1023 4459 pusillique
1034 4390 1062 4438 et
1076 4383 1177 4454 abjecti
1187 4383 1275 4436 animi
1289 4382 1398 4448 vitium,
1415 4386 1444 4436 et
1458 4383 1574 4436 nimiam
1585 4381 1621 4436 ad
1631 4381 1705 4435 iram
1716 4398 1777 4453 pro·

131 4481 305 4553 pensionem,
318 4478 623 4550 perturbationemque,
644 4483 672 4531 et
685 4477 880 4548 egritudinem
894 4474 1011 4530 rationis
1025 4478 1176 4545 expertem,
1194 4478 1222 4526 et
1234 4471 1463 4544 intempestivum
1477 4472 1610 4525 timorem
1625 4487 1678 4542 per
1691 4471 1720 4525 id
1733 4487 1776 4525 ex·

131 4571 235 4643 pellas3
252 4575 281 4625 et
294 4585 329 4624 ne
345 4586 362 4623 a
374 4559 499 4641 corrupti
514 4568 613 4622 mundi
626 4583 697 4621 vana
713 4584 761 4638 spe
776 4565 907 4637 pendeas,
924 4563 1041 4634 effugias
1052 4581 1058 4616 ς
1070 4565 1308 4633 perpetueautem
1318 4559 1457 4615 desiderio
1467 4560 1497 4614 in
1509 4575 1558 4630 spe
1568 4559 1604 4613 ad
1613 4560 1704 4613 Deum
1715 4575 1777 4630 pro-

133 4660 220 4729 ficias,
235 4667 264 4716 et
275 4660 304 4715 iu
320 4658 464 4731 proposito
478 4657 609 4729 pietatis3
626 4657 663 4711 sis
678 4662 707 4710 et
721 4656 750 4710 in
764 4656 809 4709 vla
822 4655 879 4709 dux
894 4658 969 4721 tuus,
985 4657 1123 4707 eteorum
1137 4649 1186 4722 qui
1200 4655 1295 4704 tecum
1309 4655 1384 4717 sunt,
1401 4655 1541 4704 eteorum
1555 4648 1604 4720 qui
1619 4648 1674 4702 tibi
1688 4646 1776 4717 subji-

132 4749 253 4817 ciuntur,
273 4755 302 4804 et
316 4748 436 4803 maxime
450 4747 560 4819 piorum
572 4747 784 4818 imperatorum.
796 4745 850 4798 Per
864 4759 925 4814 quae
947 4742 1060 4814 quidem
1076 4739 1146 4794 bene
1160 4738 1233 4792 iacta
1243 4755 1339 4793 omnes
1351 4738 1399 4810 qui
1414 4738 1555 4792 Christum
1571 4736 1705 4806 diligunt,
1718 4737 1774 4791 Deo

132 4838 208 4893 uniri
222 4824 382 4911 properant,
395 4841 587 4909 exspectantes
601 4835 708 4890 scilicet
721 4832 847 4904 qnotidie
857 4833 1058 4887 resolutionem
1073 4830 1173 4884 animae
1188 4846 1205 4883 a
1219 4845 1344 4901 corpore,
1361 4833 1446 4900 prout
1458 4827 1594 4899 scriptum
1608 4832 1653 4880 est
1669 4845 1675 4878 :
1694 4827 1777 4882 Goar-

132 4931 201 4993 ctor,
217 4928 331 4999 cupiens
342 4927 455 4982 dissolvi
467 4935 495 4981 et
505 4943 566 4981 esse
581 4942 644 4980 cum
661 4924 789 4991 Christo,
806 4928 849 4977 est
872 4922 947 4976 enim
965 4921 1054 4976 multo
1076 4919 1176 4973 melius
1198 4919 1310 4986 (Philip.
1323 4921 1352 4988 ι).
1365 4917 1400 4972 Et
1414 4916 1483 4972 illud
1506 4935 1511 4970 :
1527 4917 1601 4971 Para
1617 4915 1647 4969 in
1671 4914 1776 4969 exitum

56 5043 58 5046 ⁴
132 5032 219 5088 opera
231 5021 293 5082 tua,
304 5021 333 5070 ct
346 5033 473 5087 praepara
486 5021 515 5070 te
531 5016 561 5070 in
575 5030 675 5086 agrum
692 5016 781 5082 (Pron.
798 5015 887 5081 xxrv).
903 5011 956 5076 Qui
967 5010 1043 5065 cuim
1055 5024 1166 5081 semper
1178 5007 1277 5061 mortis
1291 5007 1430 5071 meminit,
1442 5022 1504 5077 quae
1513 5005 1674 5060 necessario
1684 5003 1776 5058 oraui-

130 5119 168 5161 no
182 5104 283 5169 veniet,
297 5110 324 5158 et
334 5121 390 5158 non
401 5104 535 5170 tardabit,
551 5105 580 5159 in
595 5103 705 5174 magnis
719 5118 775 5156 non
791 5102 921 5168 ollendct,
930 5100 1004 5154 sicut
1013 5099 1149 5170 scriptum
1164 5103 1207 5151 est
1218 5116 1223 5150 :
1234 5096 1266 5151 la
1281 5096 1411 5151 omnibus
1421 5094 1551 5166 operibus
1562 5094 1620 5148 tuis
1634 5098 1777 5147 memento

131 5194 292 5260 novissima,
309 5197 337 5245 et
350 5192 380 5247 in
395 5200 531 5248 aternum
545 5210 601 5247 non
617 5190 744 5264 peccabis
757 5191 864 5261 (doctas.
881 5190 940 5260 vn).
957 5189 1053 5259 Neque
1063 5203 1128 5241 vero
1142 5191 1244 5258 praeter
1254 5185 1412 5239 aliaomnia
1425 5184 1484 5238 hac
1490 5188 1519 5237 te
1529 5182 1609 5237 lallat
1622 5181 1717 5236 brevis
1727 5181 1777 5235 ad·

131 5284 249 5341 monitio
262 5281 472 5348 namationum3
490 5299 581 5353 neque
592 5298 709 5353 respuas
724 5281 823 5334 rudem
834 5285 862 5333 et
876 5279 1035 5332 inornatam
1051 5280 1142 5342 202
1158 5274 1320 5329 dictionem.
1336 5274 1399 5328 Non
1414 5276 1457 5327 est
1471 5271 1546 5327 enim
1560 5271 1663 5325 divinae
1677 5269 1778 5325 doctri

130 5393 184 5443 nae,
201 5377 301 5428 ornata
313 5375 341 5426 et
355 5370 390 5425 ad
404 5370 605 5426 ostendendam
619 5370 785 5442 sapientiam
794 5367 948 5439 composita
962 5367 1004 5422 uti
1018 5365 1136 5431 ratione,
1145 5364 1194 5418 sed
1210 5363 1298 5418 menti
1311 5363 1479 5434 persuadere
1491 5378 1544 5433 per
1556 5359 1777 5431 intelligentiam

130 5464 268 5530 veritatis,
286 5466 318 5517 ut
330 5460 467 5532 scriptum
480 5464 543 5514 est:
560 5461 646 5531 Aperi
662 5476 693 5514 os
703 5465 785 5513 tuum
803 5457 887 5512 verbo
898 5456 957 5523 Dei,
975 5459 1004 5510 et
1015 5455 1112 5525 judica
1126 5453 1221 5508 omnia
1234 5469 1301 5508 sane
1322 5455 1416 5525 (Pron.
1432 5453 1517 5521 xxxi).
1544 5450 1580 5505 Et
1593 5464 1695 5504 rursus
1715 5446 1777 5502 :Ne

130 5552 253 5612 declines
267 5569 284 5607 a
298 5548 460 5608 narratione
471 5564 590 5617 senum;
607 5548 660 5619 ipsi
679 5547 754 5603 enim
769 5546 928 5603 didicerunt
942 5562 959 5600 a
972 5543 1100 5617 patribus
1116 5559 1213 5599 eorum
1229 5543 1338 5605 (doctos.
1356 5543 1428 5612 viu).

163 5677 353 5755 *GMe-est,
368 5675 436 5752 παρὰ
450 5675 600 5735 Παλλαδίου
619 5669 761 5744 ἐπισκόπου,
776 5672 931 5735 aPulladio
961 5671 1101 5747 episcopo·
