3832 6120
135 276 190 337 tta
637 270 685 330 DE
703 271 798 330 Vl'l'lS
817 270 966 331 Parnon
984 270 1092 330 amau
1110 270 1257 331 PRIMUS.
1306 280 1312 291 ‘
1723 270 1781 330 520

136 405 270 461 adversus
283 399 386 458 diaboli
398 398 487 455 hostis
496 397 634 453 versutias
654 398 742 470 ipsius
755 403 929 453 armaturam
938 398 964 458 Α
972 402 1058 468 atque
1073 397 1151 453 omni
1161 397 1262 453 vitiosa
1271 395 1673 458 consuetudiueteramoraac
1681 394 1780 468 petius

136 494 268 559 induunt,
281 497 310 547 et
323 491 352 545 in
366 488 493 544 oratione
508 492 593 558 atque
604 486 804 554 obsecratione,
816 503 878 542 cum
889 503 937 558 pa·
976 485 1127 541 virtutibus
1134 503 1274 552 assuesce,
1285 502 1390 557 easque
1398 485 1439 539 ita
1451 485 1511 540 cole
1525 489 1611 557 atque
1624 500 1732 551 exerce,
1746 488 1781 539 ut

137 583 238 638 tientia
251 586 279 636 et
293 596 343 651 spe
357 578 384 632 in
400 578 452 632 hoc
464 577 556 649 ipsum
572 576 720 648 inuigilant
735 576 836 645 tdphes.
849 579 899 644 vr).
977 590 1073 629 earum
1083 574 1196 631 habitus
1206 575 1257 630 tibi
1268 573 1692 647 comparetur.Nsmsipaulum
1702 572 1780 628 labo·

171 672 211 726 hc
230 669 347 741 proinde
362 668 445 722 facito
454 672 485 722 ut
499 664 763 737 quemadmoduma
776 681 821 719 me
830 664 936 720 audisti
976 663 1016 719 ris
1031 664 1059 719 in
1074 664 1142 736 ipsis
1159 665 1325 737 susceperis,
1348 669 1432 735 atque
1452 679 1551 719 earum
1564 661 1693 718 habitum
1708 678 1779 717 eon·

136 765 166 815 et
179 758 306 814 eruditus
321 773 360 824 es,
376 754 773 827 firmumquesnndamentum
786 753 889 825 jecisti,
906 753 934 808 in
976 754 1104 818 traxeris,
1120 759 1228 827 postea.
1243 754 1301 809 Deo
1313 755 1439 824 J'nvaute,
1458 753 1530 808 citra
1541 751 1665 808 laborem
1685 751 1779 807 ullum

135 848 197 919 ipso
206 845 341 912 abundes,
354 861 482 901 crescens
491 843 617 898 videlieet
627 843 816 915 etprolrciens,
828 859 861 897 ae
870 841 935 897 boni
976 843 1114 913 proficies.
1136 843 1281 915 Siquidem
1291 843 1403 898 virtutis
1417 841 1530 897 habitus
1544 842 1646 897 anima
1661 841 1775 908 insitus,

135 937 235 992 militis
250 936 340 991 officio
354 935 482 1005 fungens,
497 933 581 987 fidem
597 932 712 997 habens,
722 939 750 987 et
758 931 858 986 bonam
868 948 934 987 eon·
976 936 1074 1003 utpote
1083 933 1244 987 naturalem
1252 948 1317 988 cum
1329 948 1364 987 ea
1375 931 1571 1003 cognationem
1582 930 1698 997 habens,
1714 930 1780 985 Dei-

136 1025 282 1081 scientiam
291 1024 566 1096 proborumoperum
574 1021 934 1076 testimoniomntrrmutam
975 1038 1029 1092 que
1043 1022 1228 1093 opeadjutus,
1238 1023 1283 1076 rix
1302 1021 1416 1077 omnino
1427 1019 1612 1076 mutationem
1627 1019 1715 1074 ullam
1731 1035 1779 1074 re-

138 1115 160 1181 (l
179 1116 294 1180 Timar)
307 1133 313 1180 ;
320 1113 569 1184 justitiamcolens,
582 1110 725 1182 pietatem,
743 1109 836 1176 tidem,
846 1110 935 1165 chari·
975 1111 1441 1184 ciprt,atqueinprimistlrmusest,
1454 1108 1779 1182 quemadmodumvides

136 1209 236 1269 tatem,
246 1200 674 1274 patientiam,lenitatem;vitam
684 1198 934 1271 sempiternam,ad
975 1200 1204 1256 fortitudinemet
1215 1200 1402 1272 prudentiam,
1414 1198 1689 1271 temperantiamque
1707 1198 1779 1253 itam

137 1308 223 1363 quam
232 1298 347 1346 uocatus
358 1308 397 1358 es,
411 1289 641 1362 apprehendens3
658 1304 770 1343 omnem
780 1294 876 1344 autem
891 1305 936 1343 ro-
976 1306 1008 1343 ae
1020 1289 1171 1360 justitiam,
1184 1290 1230 1344 rix
1241 1290 1356 1345 omnino
1370 1289 1556 1344 mutationem
1569 1288 1655 1344 ullam
1669 1286 1781 1343 admit·

136 1381 278 1453 luptatum
299 1397 330 1435 ac
351 1379 514 1434 vitiosamm
535 1378 713 1433 affectionum
741 1377 933 1449 cupiditatem,
976 1383 1045 1441 tere,
1062 1384 1212 1451 propterea
1224 1378 1298 1451 qnod
1311 1379 1411 1434 anima
1420 1378 1534 1434 habitus
1547 1383 1577 1433 et
1586 1376 1741 1449 qualitates
1749 1381 1782 1432 et

137 1487 194 1525 nou
204 1470 431 1541 modoquantum
439 1468 474 1522 ad
486 1468 634 1527 actionem,
643 1466 692 1522 sed
703 1467 788 1521 etiam
798 1472 935 1538 quantum
976 1467 1152 1538 operationes
1160 1468 1226 1534 sint,
1238 1483 1300 1523 eam
1308 1468 1420 1540 penitus
1429 1472 1618 1540 penetrantes.
1630 1466 1705 1521 Nam
1712 1480 1780 1520 cnm

138 1559 174 1613 nd
188 1557 396 1630 cogitationem,
413 1556 510 1628 procul
524 1574 541 1611 a
553 1562 580 1611 te
595 1571 751 1620 removens,
769 1561 800 1610 nt
811 1554 936 1610 animam
975 1555 1283 1629 ritiiatlectiones,quae
1293 1556 1373 1612 nobis
1383 1572 1440 1612 non
1449 1555 1602 1621 naturales,
1612 1554 1661 1609 sed
1670 1553 1782 1609 adren-

137 1653 216 1703 tnam
231 1647 267 1701 ab
281 1647 358 1702 omni
374 1645 506 1718 spurcitie
520 1661 621 1717 puram
642 1646 700 1699 Deo
714 1644 854 1700 exhibeas.
871 1644 935 1699 Non
976 1644 1046 1700 titia
1059 1649 1136 1712 sunt,
1148 1650 1331 1718 posteaquam
1346 1647 1381 1701 ed
1393 1646 1521 1702 habiturn
1532 1643 1723 1717 pervenerint,
1736 1643 1783 1698 rix

138 1736 212 1790 enim
226 1735 349 1790 actiones
362 1735 508 1799 duntaxat,
528 1749 624 1787 rerum
647 1732 731 1787 etiarn
749 1732 934 1803 cogitationes
940 1752 968 1815 Β
979 1734 1094 1789 omnino
1103 1735 1240 1790 dimoveri
1257 1736 1374 1807 possint,
1392 1736 1459 1807 quid
1474 1734 1566 1790 afferri
1587 1738 1693 1806 potest,
1710 1732 1782 1803 quin

137 1823 415 1895 nostraeapudDeum
425 1823 689 1889 innumeratosunt,
706 1837 879 1893 coronasque
887 1827 937 1878 ant
976 1823 1074 1888 virtus,
1084 1840 1146 1895 qua
1156 1830 1185 1880 et
1194 1825 1594 1881 naturaliternobisasummo
1604 1822 1782 1894 illopareute

137 1913 273 1985 supplicia
283 1910 364 1966 nobis
374 1911 532 1966 conciliant.
542 1910 686 1981 Siquidem
697 1909 840 1965 Christum
851 1910 935 1967 simul
977 1913 1144 1968 etetleetere
1162 1913 1247 1969 insita
1262 1920 1314 1981 est,
1331 1915 1476 1986 ipsiusque
1494 1928 1546 1985 ope
1561 1918 1590 1968 et
1610 1911 1782 1982 adjumento

138 2017 202 2056 cum
214 2000 298 2056 Patre
312 2017 344 2055 ac
354 2000 460 2072 Spiritu
471 2003 567 2054 sancto
577 2000 607 2053 in
622 1998 699 2070 puris
713 1998 844 2054 cordibus
857 1998 935 2054 habi·
976 2001 1087 2067 nititur,
1103 2002 1127 2057 si
1141 2002 1222 2058 nobis
1236 2003 1365 2059 nonnihil
1376 2002 1570 2058 laborantibus
1583 2017 1635 2074 per
1646 1999 1782 2056 habiturn

137 2094 198 2144 tare
219 2095 396 2161 perspectum
416 2088 563 2144 habemus.
590 2088 631 2142 Ac
650 2104 762 2143 rursum
784 2089 854 2144 illud
879 2104 936 2144 non
976 2091 1006 2145 in
1029 2091 1126 2147 anima
1147 2092 1256 2148 radices
1279 2093 1377 2165 egerit,
1401 2093 1490 2148 multo
1516 2088 1610 2147 minus
1630 2088 1781 2145 immutari

137 2178 309 2250 ignoramus,
318 2178 392 2250 quod
403 2176 639 2250 quemadmodum
649 2176 743 2233 tumus
753 2194 829 2250 apes,
837 2178 936 2233 eodem
977 2180 1083 2252 queat?

138 2266 221 2322 modo
232 2282 323 2338 prava
344 2266 528 2337 cogitationes
543 2265 629 2321 divini
644 2267 765 2338 Spiritus
779 2266 903 2339 gratiam
918 2282 936 2322 a
1013 2270 1078 2325 Car.
1089 2271 1362 2327 XX.—Undeetiam
1372 2271 1443 2326 mihi
1455 2270 1569 2343 qnidam
1580 2270 1671 2341 ipsius
1685 2270 1780 2326 cultor

137 2355 218 2411 uobis
231 2356 401 2428 propellunt.
978 2373 1037 2411 rem
1053 2357 1214 2429 hujusmodi
1225 2358 1350 2413 narravit
1361 2376 1367 2412 :
1380 2357 1461 2424 Cum,
1472 2356 1782 2429 inquit,tlrmissimnm

172 2439 360 2505 Quamobrem
371 2456 483 2495 summo
492 2441 586 2496 studio
593 2441 622 2496 in
631 2442 684 2496 hoc
692 2441 808 2505 enitere,
820 2439 936 2496 ntomni
978 2445 1077 2502 divina
1086 2447 1331 2520 contemplationis
1339 2446 1467 2504 habitum
1478 2446 1548 2502 mihi
1557 2462 1779 2518 comparassem,

138 2529 237 2584 vitiosa
248 2529 416 2601 cogitatione
430 2545 463 2584 ex
477 2530 572 2584 animo
585 2536 633 2585 tuo
644 2531 781 2585 exstincta
795 2533 824 2584 et
832 2529 935 2597 deleta,
978 2534 1121 2608 ipsiusque
1131 2537 1313 2593 meditatione
1323 2539 1419 2593 anima
1428 2552 1492 2593 mea
1502 2536 1589 2592 tincta
1596 2540 1682 2602 esset,
1695 2537 1783 2607 hujus

138 2617 259 2689 optimas
266 2617 580 2689 quasquecogitationes
590 2617 937 2689 ineainaeras,templnrn-
976 2624 1017 2679 rei
1045 2625 1201 2697 perieulum
1222 2627 1373 2698 aliquando
1393 2627 1484 2682 facere
1505 2625 1631 2698 cupiens,
1651 2632 1783 2681 mentera

138 2723 192 2779 que
207 2706 329 2779 Spiritus
347 2706 436 2762 sancti
451 2706 572 2778 teipsum
595 2706 710 2763 eltlcias.
727 2706 871 2778 Siquidem
885 2723 937 2778 per
977 2730 1069 2769 meam
1080 2715 1120 2770 ita
1129 2715 1263 2782 continui,
1274 2722 1376 2772 uteaur
1387 2733 1438 2788 pro
1449 2733 1501 2772 suo
1510 2731 1587 2770 more
1599 2714 1782 2770 meditationi

140 2795 324 2866 cogitahones
334 2795 369 2849 ad
385 2795 509 2852 actiones
518 2796 594 2867 ipsas
603 2796 745 2859 uenimus,-
757 2801 841 2867 atqne
852 2811 935 2850 omne
977 2804 1199 2877 seseadjungem
1207 2806 1460 2861 minimegjnerem,
1469 2804 1781 2876 Quodquidemidsm

139 2901 209 2957 opus
223 2884 420 2956 acogitatione
429 2884 573 2956 animique
580 2885 733 2956 agitatione
742 2884 934 2956 progrediens,
977 2909 1100 2964 peraegre
1115 2910 1147 2948 ac
1161 2895 1328 2966 permoleste
1342 2895 1415 2950 terre
1423 2894 1555 2958 intellexi,
1568 2899 1656 2966 atque
1669 2893 1781 2948 adeam

140 2973 354 3046 parvumprimo
362 2973 627 3045 initiumanipit,ac
637 2974 738 3029 deinde
747 2973 839 3028 tacitis
847 2973 937 3029 incre·
977 2982 1114 3038 effrenata
1126 2982 1247 3055 quadam
1262 2984 1586 3057 cupidimtepmpemffi
1603 2999 1656 3039 nec
1666 2983 1783 3039 adm.

140 3062 242 3119 mentis
252 3079 413 3134 eumaeus,
430 3063 529 3134 ingens
542 3063 577 3117 ad
589 3069 745 3119 extremum
755 3061 935 3119 efficitur-Ob
946 3071 1093 3135 cerarum
1107 3073 1195 3128 urtam
1206 3073 1675 3145 cogitationemutromodomnsctt
1685 3088 1778 3145 posse.

140 3168 258 3223 eamque
269 3167 392 3218 mutam,
407 3151 485 3208 nullo
502 3152 585 3207 ¹1¹⁰th
599 3153 739 3224 permitte
753 3158 785 3207 ut
807 3152 935 3224 improba
976 3161 1014 3215 At
1026 3177 1091 3216 cum
1113 3161 1236 3218 habenas
1252 3163 1305 3235 ipsi
1324 3163 1452 3218 nonnihil
1465 3162 1669 3235 permisissem,
1681 3162 1780 3218 statim

139 3240 312 3297 consuetudo
321 3240 374 3296 tibi
385 3241 546 3297 dominetur
557 3261 563 3308 ;
573 3257 670 3297 reram
679 3243 768 3298 donec
778 3258 875 3298 reeens
882 3247 933 3308 est,
977 3249 1012 3303 ad
1022 3251 1147 3306 studium
1155 3268 1238 3307 suum
1245 3258 1273 3307 et
1283 3269 1397 3325 operam
1407 3251 1553 3308 oelerrimo
1568 3266 1654 3307 eum
1668 3250 1780 3307 tmu-

139 3346 253 3402 parvam
264 3329 388 3385 radicem
398 3346 414 3385 e
423 3335 536 3403 pectore
545 3336 594 3386 tue
605 3331 711 3387 evelle?
720 3348 755 3386 ne
761 3331 866 3403 alioqui
872 3346 936 3386 cum
978 3339 1232 3412 turrexstabatqne
1246 3341 1275 3397 id
1285 3342 1360 3414 qnod
1369 3343 1410 3397 ait
1420 3342 1574 3413 Propheta:
1590 3341 1781 3406 Quemadmo-

139 3419 294 3491 Pifflulsslib
310 3435 342 3474 ²0
355 3419 463 3475 radices
478 3436 544 3475 ⁸⁰8⁸
556 3420 612 3475 8¹²⁰
625 3419 757 3488 issflstriis
770 3428 866 3492 P⁰⁸¹⁰⁸
879 3435 935 3475 ¹10ss
978 3426 1045 3482 dnm
1055 3427 1301 3486 desideratcervus
1315 3429 1604 3502 adsontesaqnarum,
1613 3435 1655 3484 rte
1666 3429 1780 3485 demde·

138 3507 287 3579 nisilougo
298 3513 477 3580 temporem
494 3507 774 3580 magnacumlabore
788 3508 937 3581 exstirpati
978 3520 1023 3571 rat
1036 3517 1133 3572 anima
1147 3524 1211 3574 ritca
1224 3519 1308 3586 adte,
1331 3521 1416 3576 Deus.
1434 3519 1528 3576 Sitiuit
1548 3518 1644 3574 anima
1658 3532 1725 3574 ruea
1742 3518 1779 3574 ed

138 3597 237 3670 possit.
255 3597 297 3653 Ob
309 3597 337 3652 id
355 3598 430 3654 enim
445 3599 555 3669 majora
564 3603 678 3671 peecata
697 3599 821 3672 qnotidie
835 3599 871 3655 ad
885 3615 936 3655 nos
977 3603 1179 3663 Deumloutem
1190 3624 1280 3664 nrum
1293 3606 1635 3679 (PentxmtExhisigitur
1644 3606 1778 3663 omnibus

139 3685 247 3741 aditum
262 3684 375 3751 habent,
391 3692 476 3758 atque
490 3687 520 3742 in
534 3687 643 3743 animas
657 3694 768 3744 nostras
783 3687 936 3761 imperium
976 3693 1201 3752 demonstratum
1213 3703 1256 3752 est
1268 3697 1298 3753 in
1312 3697 1392 3754 nobis
1407 3698 1555 3754 hocsitum
1565 3712 1637 3765 esse,
1648 3697 1779 3754 utvirtu·

139 3772 276 3837 obtinent.
289 3774 422 3845 quoniam
432 3775 467 3830 iis
477 3793 538 3848 quae
547 3777 657 3832 minora
667 3793 727 3833 esse
737 3782 831 3844 288
841 3776 936 3833 riden-
976 3786 1034 3837 tem
1045 3783 1252 3856 adipis'camur3
1268 3786 1353 3859 idque
1365 3786 1454 3842 nostri
1467 3786 1618 3842 arbitriiae
1626 3784 1777 3858 potestatis

139 3865 195 3926 tur,
209 3862 262 3916 hoc
276 3866 320 3916 est
328 3861 461 3934 improbis
473 3863 699 3935 cogitationibus,
712 3866 868 3923 inhonestis
879 3882 936 3922 ser·
977 3887 1047 3938 esse,
1059 3887 1159 3929 eamne
1169 3874 1353 3946 amplectier
1366 3881 1465 3932 contra
1472 3880 1620 3948 peccatum
1631 3874 1688 3946 ipsi
1696 3880 1776 3930 ante·

139 3949 277 4016 monibus,
289 3949 427 4022 malisque
441 3951 586 4024 colloquiis
600 3960 787 4010 consentanea
800 3954 935 4010 correctio
976 3959 1188 4021 terrerelimus.
1208 3963 1366 4036 lltquidem
1379 3963 1400 4019 ii
1414 3964 1462 4036 qni
1480 3963 1547 4019 uitio
1562 3963 1594 4020 in
1610 3963 1775 4019 servitutem

138 4037 255 4093 minime
265 4038 422 4095 adhibetur.
434 4041 472 4097 Ut
484 4041 559 4097 enirn
571 4042 602 4098 in
617 4042 779 4116 corporibus
795 4043 843 4117 qul
850 4059 936 4116 parra
976 4065 1006 4105 se
1020 4050 1197 4120 addixerunt,
1212 4069 1287 4125 agre
1301 4053 1336 4108 ab
1350 4070 1383 4110 eo
1398 4053 1523 4109 abstrahi
1535 4058 1666 4127 possum,
1680 4068 1773 4127 qnem-

138 4126 522 4200 vnlneranegliguntsaniem
532 4132 738 4205 plerumqneac
748 4138 867 4188 mortem
881 4132 935 4188 sibi
975 4137 1127 4196 admodum
1142 4157 1160 4196 a
1173 4159 1219 4198 me
1229 4142 1358 4216 superius
1370 4143 1476 4199 dictum
1491 4147 1543 4199 est.

138 4214 207 4287 iP⁸i⁸
220 4219 419 4285 ac001³⁸1¹¹1bad
430 4220 561 4276 eumdem
576 4222 692 4277 modum
703 4221 934 4278 etiaminauimis
1010 4228 1051 4285 'l'u
1065 4247 1141 4298 vere,
1157 4233 1205 4303 qui
1217 4248 1268 4305 per
1281 4232 1387 4289 viscera
1403 4231 1603 4289 misericordiae
1617 4233 1671 4289 Dei
1686 4231 1768 4289 nonus·

138 4303 190 4358 boe
203 4321 256 4360 usu
272 4305 357 4372 venit,
372 4310 404 4362 ut
418 4309 466 4378 qui
481 4308 599 4363 minima
610 4309 678 4365 vitis
687 4325 720 4365 sc
731 4315 845 4383 peecata
853 4309 935 4366 nihili
976 4330 1008 4370 eo
1022 4314 1156 4373 liberatus
1170 4333 1210 4379 es,
1224 4333 1256 4373 ac
1266 4333 1316 4391 per
1326 4318 1447 4392 Spiritus
1456 4318 1542 4374 divini
1554 4319 1681 4390 gratiam
1696 4317 1768 4374 cun

137 4393 464 4465 pendunt,grsviorasibi
470 4397 613 4453 invehant.
621 4399 766 4466 Quatenus
772 4407 866 4457 autern
872 4418 966 4494 gra-D
975 4408 1051 4459 mum
1063 4403 1191 4473 induisti,
1200 4405 1243 4461 lac
1251 4413 1280 4462 te
1292 4412 1385 4463 totum
1393 4407 1429 4462 ad
1440 4406 1593 4463 Dominum
1608 4407 1762 4473 transferat,

137 4481 216 4537 viora
230 4488 345 4555 peecata
365 4483 435 4555 ipsis
456 4483 632 4556 oboriuntur,
654 4494 797 4546 contracto
818 4490 935 4547 tandem
975 4507 1027 4548 uec
1040 4493 1148 4550 vitiosis
1157 4494 1349 4552 affectionibus
1357 4498 1476 4568 januam
1485 4496 1544 4552 ullo
1556 4497 1643 4553 modo
1653 4497 1760 4571 aperiat,

137 4570 236 4627 habitu
246 4572 341 4628 anima
350 4572 379 4627 in
390 4576 671 4646 contemptumcadit.
682 4578 789 4651 Impius
799 4579 883 4647 enim,
895 4579 936 4636 in·
975 4598 1072 4638 verum
1086 4584 1210 4640 animam
1219 4591 1300 4641 tuam
1310 4585 1388 4641 suavi
1398 4586 1536 4641 rirtmum
1545 4585 1634 4643 odore
1645 4588 1766 4660 acspleu·

138 4660 199 4730 quit
212 4660 268 4729 ille,
280 4678 344 4717 cum
353 4661 560 4735 inprolundum
569 4665 686 4735 venerit,
698 4669 936 4737 contemnittlro-
976 4670 1043 4727 dore
1058 4678 1231 4743 coornatam,
1243 4681 1346 4732 saneta
1356 4674 1503 4731 Trinitatis
1509 4676 1651 4748 templum
1664 4675 1768 4743 reddes,

137 4751 209 4804 vert.
226 4759 299 4821 rur).
319 4752 361 4806 Ac
380 4751 521 4825 deinceps,
543 4759 575 4809 ut
599 4771 647 4811 sns
664 4755 694 4811 in
715 4772 793 4812 coeno
815 4758 936 4814 volutari
977 4765 1062 4834 atque
1075 4761 1106 4817 in
1119 4761 1207 4835 ipsius
1230 4763 1465 4838 contemplatione
1483 4779 1582 4820 omues
1603 4765 1779 4824 mantiam

136 4836 240 4906 gaudet
250 4841 292 4908 tll
301 4842 356 4898 Pet.
372 4841 416 4914 11),
434 4841 473 4897 sic
487 4842 573 4898 enam
589 4844 683 4900 anima
698 4844 747 4901 illa
762 4862 854 4918 prarae
867 4861 934 4902 con·
975 4849 1254 4925 tacultatesoceupes.
1266 4853 1408 4909 Namcnm
1418 4852 1442 4908 is
1455 4852 1503 4925 qui
1513 4859 1701 4911 cumterreuo
1710 4870 1783 4927 rege

137 4925 280 5024 suetudini
292 4927 437 5001 immersa,
445 4947 481 4987 ne
494 4938 673 5005 peceatomm
686 4934 799 5006 quidem
815 4937 933 4991 fetorem
975 4939 1051 5011 degit
1065 4944 1150 5013 atque
1160 4941 1329 5014 colloquitur
1338 4941 1437 4999 beatus
1451 4940 1487 4997 ab
1500 4942 1633 5001 omnibns
1646 4944 1793 5017 prad‘m

136 5019 230 5080 sentrt,
246 5031 344 5071 rernm
358 5018 451 5090 potius
465 5019 553 5092 ipsius
567 5022 672 5094 gaudet
685 5029 714 5078 et
723 5022 889 5091 oblectatur,
895 5024 935 5079 ri·
974 5033 1022 5083 tur
1034 5045 1090 5084 non
1101 5035 1144 5085 est
1153 5028 1270 5086 dubium
1281 5031 1349 5103 quin
1360 5031 1384 5087 is
1396 5031 1442 5087 eui
1452 5029 1546 5086 mnne
1560 5031 1699 5089 beuellcio
1712 5044 1802 5088 eor

135 5101 264 5173 tiumque
277 5103 367 5161 instar
381 5105 446 5162 boni
464 5109 622 5183 cujuspiam
641 5112 797 5168 arctissime
818 5113 931 5169 retinet.
974 5115 1039 5188 tigit
1047 5123 1181 5173 utmente
1189 5134 1253 5174 curn
1263 5118 1321 5175 Deo
1332 5119 1517 5191 colloquatur,
1529 5120 1807 5177 consuetudine*

135 5192 228 5261 Atque
240 5198 273 5249 ut
287 5194 372 5248 etiarn
392 5195 553 5268 aliquando,
570 5206 684 5273 recepta
700 5200 809 5258 meliori
827 5209 931 5271 mente,
974 5222 1028 5278 que
1039 5204 1812 5274 cumeohabeat,omnibeatitudineenruuleturss2l⁹

134 5279 272 5336 scelerum
286 5297 402 5338 suorum
416 5301 501 5341 sensu
517 5287 667 5356 afliciatur,
683 5308 740 5347 non
758 5297 854 5347 tamen
872 5293 932 5349 sine
973 5311 1037 5350 eum
1052 5295 1092 5350 ita
1107 5295 1172 5364 sint,
1189 5312 1253 5353 eum
1273 5314 1384 5369 semper
1398 5295 1434 5353 eb
1456 5295 1551 5352 oculos
1571 5296 1624 5353 tibi
1638 5298 1811 5371 propolis

133 5385 236 5441 magno
251 5368 346 5427 labore
364 5388 397 5427 ac
412 5374 514 5431 sudore
526 5393 544 5431 a
557 5394 645 5449 prava
658 5382 871 5449 consuetudine,
886 5382 931 5437 eui
972 5390 1058 5456 atque
1072 5401 1134 5440 cum
1150 5385 1210 5458 ipso
1221 5386 1389 5459 colloquere.
1410 5388 1539 5452 Quanam
1553 5392 1650 5443 antem
1665 5384 1811 5442 „timue

133 5457 208 5516 ultro
223 5471 257 5517 ae
269 5466 369 5531 sponte
383 5477 413 5518 se
430 5462 461 5517 iu
473 5464 636 5524 servitutem
651 5467 767 5538 addixit,
783 5469 929 5528 liberatur.
972 5488 1035 5530 cum
1051 5473 1303 5548 Deocolloqnerist
1313 5475 1455 5533 Nimirum
1465 5477 1683 5550 perorationem
1694 5480 1753 5532 st.
1770 5456 1814 5518 ⁰⁸·

166 5546 928 5631 Quoehcaomuibusriribusabomnimalaeegitatione
970 5552 1815 5639 sacrationemadDenruappropinqusns.ilamqniardffl·
