<?xml version="1.0" encoding="UTF-8"?>
<!DOCTYPE html PUBLIC "-//W3C//DTD XHTML 1.0 Transitional//EN"
    "http://www.w3.org/TR/xhtml1/DTD/xhtml1-transitional.dtd">
<html xmlns="http://www.w3.org/1999/xhtml" xml:lang="en" lang="en">
 <head>
  <title>
</title>
<meta http-equiv="Content-Type" content="text/html;charset=utf-8" />
  <meta name='ocr-system' content='tesseract 3.04.00' />
  <meta name='ocr-capabilities' content='ocr_page ocr_carea ocr_par ocr_line ocrx_word'/>
</head>
<body>
  <div class='ocr_page' id='page_1' title='image "./patrologiaecurs38unkngoog_0213.png"; bbox 0 0 3832 6120; ppageno 0'>
   <div class='ocr_carea' id='block_1_1' title="bbox 134 257 1773 318">
    <p class='ocr_par' dir='ltr' id='par_1_1' title="bbox 134 257 1773 318">
     <span class='ocr_line' id='line_1_1' title="bbox 134 257 1773 318; baseline 0.001 -2"><span class='ocrx_word' id='word_1_1' title='bbox 134 257 187 317; x_wconf 84' lang='lat'>415</span> <span class='ocrx_word' id='word_1_2' title='bbox 644 259 691 316; x_wconf 86' lang='lat' dir='ltr'>DE</span> <span class='ocrx_word' id='word_1_3' title='bbox 709 260 804 317; x_wconf 80' lang='lat' dir='ltr'>vlrls</span> <span class='ocrx_word' id='word_1_4' title='bbox 823 260 971 317; x_wconf 82' lang='lat' dir='ltr'><strong>PATRUM</strong></span> <span class='ocrx_word' id='word_1_5' title='bbox 989 258 1097 316; x_wconf 78' lang='lat' dir='ltr'>LIBER</span> <span class='ocrx_word' id='word_1_6' title='bbox 1115 259 1261 316; x_wconf 83' lang='lat' dir='ltr'><strong>PRIMUS.</strong></span> <span class='ocrx_word' id='word_1_7' title='bbox 1465 296 1474 311; x_wconf 86' lang='lat'><strong>.</strong></span> <span class='ocrx_word' id='word_1_8' title='bbox 1718 260 1773 318; x_wconf 76' lang='lat'>416</span> 
     </span>
    </p>
   </div>
   <div class='ocr_carea' id='block_1_2' title="bbox 136 378 1775 598">
    <p class='ocr_par' dir='ltr' id='par_1_2' title="bbox 136 378 1775 598">
     <span class='ocr_line' id='line_1_2' title="bbox 170 378 1775 454; baseline 0.005 -20"><span class='ocrx_word' id='word_1_9' title='bbox 170 380 226 451; x_wconf 57' lang='lat'>(210)</span> <span class='ocrx_word' id='word_1_10' title='bbox 242 380 384 450; x_wconf 78' lang='lat' dir='ltr'>Epibuta]</span> <span class='ocrx_word' id='word_1_11' title='bbox 399 379 443 434; x_wconf 88' lang='lat' dir='ltr'>lta</span> <span class='ocrx_word' id='word_1_12' title='bbox 459 379 551 434; x_wconf 87' lang='lat' dir='ltr'>Hirtio</span> <span class='ocrx_word' id='word_1_13' title='bbox 566 378 707 445; x_wconf 88' lang='lat' dir='ltr'>dicuntur,</span> <span class='ocrx_word' id='word_1_14' title='bbox 724 382 772 452; x_wconf 93' lang='lat' dir='ltr'>qui</span> <span class='ocrx_word' id='word_1_15' title='bbox 787 382 932 438; x_wconf 89' lang='lat' dir='ltr'>navalibus</span> <span class='ocrx_word' id='word_1_16' title='bbox 940 393 962 449; x_wconf 76' lang='grc' dir='ltr'>Α</span> <span class='ocrx_word' id='word_1_17' title='bbox 969 382 1164 454; x_wconf 73' lang='lat' dir='ltr'>iorividelicet</span> <span class='ocrx_word' id='word_1_18' title='bbox 1173 382 1264 453; x_wconf 81' lang='lat' dir='ltr'>gloria</span> <span class='ocrx_word' id='word_1_19' title='bbox 1274 382 1450 437; x_wconf 83' lang='lat' dir='ltr'>accidentali.</span> <span class='ocrx_word' id='word_1_20' title='bbox 1464 384 1537 438; x_wconf 91' lang='lat' dir='ltr'>Nam</span> <span class='ocrx_word' id='word_1_21' title='bbox 1547 385 1649 440; x_wconf 89' lang='lat' dir='ltr'>scitum</span> <span class='ocrx_word' id='word_1_22' title='bbox 1660 384 1731 442; x_wconf 90' lang='lat' dir='ltr'>illud</span> <span class='ocrx_word' id='word_1_23' title='bbox 1740 404 1775 442; x_wconf 86' lang='lat' dir='ltr'>ex</span> 
     </span>
     <span class='ocr_line' id='line_1_3' title="bbox 136 451 1775 528; baseline 0.004 -20"><span class='ocrx_word' id='word_1_24' title='bbox 136 453 229 525; x_wconf 82' lang='lat' dir='ltr'>operis</span> <span class='ocrx_word' id='word_1_25' title='bbox 246 470 283 506; x_wconf 83' lang='lat' dir='ltr'>oes</span> <span class='ocrx_word' id='word_1_26' title='bbox 297 455 416 505; x_wconf 89' lang='lat' dir='ltr'>merent.</span> <span class='ocrx_word' id='word_1_27' title='bbox 433 451 485 505; x_wconf 93' lang='lat' dir='ltr'>Hic</span> <span class='ocrx_word' id='word_1_28' title='bbox 499 456 592 505; x_wconf 80' lang='lat' dir='ltr'>nautae</span> <span class='ocrx_word' id='word_1_29' title='bbox 603 451 807 521; x_wconf 83' lang='lat' dir='ltr'>intelliguntur.</span> <span class='ocrx_word' id='word_1_30' title='bbox 973 454 1124 524; x_wconf 72' lang='lat' dir='ltr'>Augustini</span> <span class='ocrx_word' id='word_1_31' title='bbox 1138 470 1222 507; x_wconf 90' lang='lat' dir='ltr'>serm.</span> <span class='ocrx_word' id='word_1_32' title='bbox 1234 451 1269 510; x_wconf 70' lang='lat'>‘22</span> <span class='ocrx_word' id='word_1_33' title='bbox 1279 454 1411 509; x_wconf 89' lang='lat' dir='ltr'>deverbis</span> <span class='ocrx_word' id='word_1_34' title='bbox 1424 456 1521 526; x_wconf 80' lang='lat' dir='ltr'>Apost.</span> <span class='ocrx_word' id='word_1_35' title='bbox 1536 457 1697 528; x_wconf 71' lang='lat' dir='ltr'>«Iniuriam</span> <span class='ocrx_word' id='word_1_36' title='bbox 1707 457 1775 515; x_wconf 87' lang='lat' dir='ltr'>facit</span> 
     </span>
     <span class='ocr_line' id='line_1_4' title="bbox 172 521 1489 598; baseline 0.002 -21"><span class='ocrx_word' id='word_1_37' title='bbox 172 524 195 591; x_wconf 90' lang='grc' dir='ltr'>(Ι</span> <span class='ocrx_word' id='word_1_38' title='bbox 204 523 229 593; x_wconf 89' lang='grc' dir='ltr'>Ι)</span> <span class='ocrx_word' id='word_1_39' title='bbox 247 525 299 576; x_wconf 86' lang='lat' dir='ltr'>Pro</span> <span class='ocrx_word' id='word_1_40' title='bbox 314 538 375 576; x_wconf 77' lang='lat' dir='ltr'>laea</span> <span class='ocrx_word' id='word_1_41' title='bbox 387 521 588 596; x_wconf 81' lang='lat' dir='ltr'>r·cquic.]Sane</span> <span class='ocrx_word' id='word_1_42' title='bbox 602 522 661 577; x_wconf 81' lang='lat' dir='ltr'>haec</span> <span class='ocrx_word' id='word_1_43' title='bbox 675 523 865 596; x_wconf 81' lang='lat' dir='ltr'>intelligs,pro</span> <span class='ocrx_word' id='word_1_44' title='bbox 876 542 933 580; x_wconf 90' lang='lat' dir='ltr'>ma·</span> <span class='ocrx_word' id='word_1_45' title='bbox 975 524 1102 596; x_wconf 63' lang='lat' dir='ltr'>martyri</span> <span class='ocrx_word' id='word_1_46' title='bbox 1122 525 1169 596; x_wconf 91' lang='lat' dir='ltr'>qui</span> <span class='ocrx_word' id='word_1_47' title='bbox 1183 530 1246 580; x_wconf 86' lang='lat' dir='ltr'>orat</span> <span class='ocrx_word' id='word_1_48' title='bbox 1263 542 1314 596; x_wconf 89' lang='lat' dir='ltr'>pro</span> <span class='ocrx_word' id='word_1_49' title='bbox 1328 531 1462 598; x_wconf 79' lang='lat' dir='ltr'>martyre.</span> <span class='ocrx_word' id='word_1_50' title='bbox 1476 545 1489 579; x_wconf 79' lang='lat' dir='ltr'>a</span> 
     </span>
    </p>
   </div>
   <div class='ocr_carea' id='block_1_3' title="bbox 851 823 1113 874">
    <p class='ocr_par' dir='ltr' id='par_1_3' title="bbox 851 823 1113 874">
     <span class='ocr_line' id='line_1_5' title="bbox 851 823 1113 874; baseline -0.008 0"><span class='ocrx_word' id='word_1_51' title='bbox 851 823 994 874; x_wconf 74' lang='lat' dir='ltr'>ocreatus</span> <span class='ocrx_word' id='word_1_52' title='bbox 1023 824 1113 872; x_wconf 81' lang='lat' dir='ltr'>xxm.</span> 
     </span>
    </p>
   </div>
   <div class='ocr_carea' id='block_1_4' title="bbox 190 974 1723 1118">
    <p class='ocr_par' dir='ltr' id='par_1_4' title="bbox 190 974 1723 1118">
     <span class='ocr_line' id='line_1_6' title="bbox 190 974 1723 1118; baseline 0.001 -6"><span class='ocrx_word' id='word_1_53' title='bbox 190 981 393 1114; x_wconf 82' lang='lat' dir='ltr'>VITA</span> <span class='ocrx_word' id='word_1_54' title='bbox 454 980 772 1116; x_wconf 79' lang='lat' dir='ltr'>sthvl</span> <span class='ocrx_word' id='word_1_55' title='bbox 830 984 1212 1117; x_wconf 83' lang='lat' dir='ltr'><strong>MACARII</strong></span> <span class='ocrx_word' id='word_1_56' title='bbox 1274 983 1632 1118; x_wconf 85' lang='lat' dir='ltr'><strong>ROMANI</strong></span> <span class='ocrx_word' id='word_1_57' title='bbox 1680 974 1723 1055; x_wconf 61' lang='lat'>‘¹&#39;</span> 
     </span>
    </p>
   </div>
   <div class='ocr_carea' id='block_1_5' title="bbox 373 1188 1524 1463">
    <p class='ocr_par' dir='ltr' id='par_1_5' title="bbox 373 1188 1524 1463">
     <span class='ocr_line' id='line_1_7' title="bbox 820 1188 1081 1279; baseline 0 -16"><span class='ocrx_word' id='word_1_58' title='bbox 820 1188 956 1263; x_wconf 83' lang='lat' dir='ltr'>suavi</span> <span class='ocrx_word' id='word_1_59' title='bbox 984 1188 1081 1279; x_wconf 77' lang='lat' dir='ltr'>unt,</span> 
     </span>
     <span class='ocr_line' id='line_1_8' title="bbox 373 1344 1524 1463; baseline 0 -19"><span class='ocrx_word' id='word_1_60' title='bbox 373 1349 473 1463; x_wconf 82' lang='lat' dir='ltr'>QUI</span> <span class='ocrx_word' id='word_1_61' title='bbox 505 1347 789 1443; x_wconf 77' lang='lat' dir='ltr'>laventus</span> <span class='ocrx_word' id='word_1_62' title='bbox 821 1346 920 1440; x_wconf 80' lang='lat' dir='ltr'>llST</span> <span class='ocrx_word' id='word_1_63' title='bbox 950 1344 1136 1441; x_wconf 82' lang='lat' dir='ltr'><strong>JUXTA</strong></span> <span class='ocrx_word' id='word_1_64' title='bbox 1168 1346 1524 1458; x_wconf 82' lang='lat' dir='ltr'>PdelDlSUld,</span> 
     </span>
    </p>
   </div>
   <div class='ocr_carea' id='block_1_6' title="bbox 449 1498 1461 1582">
    <p class='ocr_par' dir='ltr' id='par_1_6' title="bbox 449 1498 1461 1582">
     <span class='ocr_line' id='line_1_9' title="bbox 449 1498 1461 1582; baseline -0.006 -14"><span class='ocrx_word' id='word_1_65' title='bbox 449 1502 700 1568; x_wconf 78' lang='lat' dir='ltr'><strong>AUCTORIBUS</strong></span> <span class='ocrx_word' id='word_1_66' title='bbox 722 1498 963 1574; x_wconf 79' lang='lat' dir='ltr'>THEOPHILO,</span> <span class='ocrx_word' id='word_1_67' title='bbox 987 1499 1141 1578; x_wconf 77' lang='lat' dir='ltr'>saneto,</span> <span class='ocrx_word' id='word_1_68' title='bbox 1166 1498 1218 1562; x_wconf 81' lang='grc' dir='ltr'>ΕΤ</span> <span class='ocrx_word' id='word_1_69' title='bbox 1240 1502 1386 1565; x_wconf 88' lang='lat' dir='ltr'>HYGlNO</span> <span class='ocrx_word' id='word_1_70' title='bbox 1408 1500 1461 1582; x_wconf 75' lang='lat'><strong>(2).</strong></span> 
     </span>
    </p>
   </div>
   <div class='ocr_carea' id='block_1_7' title="bbox 787 1636 1143 1651">
    <p class='ocr_par' dir='ltr' id='par_1_7' title="bbox 787 1636 1143 1651">
     <span class='ocr_line' id='line_1_10' title="bbox 787 1636 1143 1651; baseline 0 0"><span class='ocrx_word' id='word_1_71' title='bbox 787 1636 1143 1651; x_wconf 61' lang='lat' dir='ltr'><em>m</em></span> 
     </span>
    </p>
   </div>
   <div class='ocr_carea' id='block_1_8' title="bbox 135 1738 1779 3950">
    <p class='ocr_par' dir='ltr' id='par_1_8' title="bbox 135 1738 1779 2882">
     <span class='ocr_line' id='line_1_11' title="bbox 171 1738 1777 1812; baseline -0.001 -12"><span class='ocrx_word' id='word_1_72' title='bbox 171 1748 263 1800; x_wconf 75' lang='lat' dir='ltr'>Cauca·</span> <span class='ocrx_word' id='word_1_73' title='bbox 273 1759 386 1799; x_wconf 59' lang='lat' dir='ltr'>venturus.</span> <span class='ocrx_word' id='word_1_74' title='bbox 395 1745 528 1799; x_wconf 82' lang='lat' dir='ltr'>-Gloria</span> <span class='ocrx_word' id='word_1_75' title='bbox 541 1750 568 1799; x_wconf 94' lang='lat' dir='ltr'>et</span> <span class='ocrx_word' id='word_1_76' title='bbox 583 1742 792 1812; x_wconf 82' lang='lat' dir='ltr'>vnagnilicentia</span> <span class='ocrx_word' id='word_1_77' title='bbox 806 1742 864 1797; x_wconf 89' lang='lat' dir='ltr'>Deo</span> <span class='ocrx_word' id='word_1_78' title='bbox 880 1742 932 1796; x_wconf 92' lang='lat' dir='ltr'>soli</span> <span class='ocrx_word' id='word_1_79' title='bbox 942 1738 965 1798; x_wconf 90' lang='lat' dir='ltr'><strong>B</strong></span> <span class='ocrx_word' id='word_1_80' title='bbox 974 1738 1080 1796; x_wconf 88' lang='lat' dir='ltr'>Deinde</span> <span class='ocrx_word' id='word_1_81' title='bbox 1090 1748 1227 1797; x_wconf 83' lang='lat' dir='ltr'>exeuntes</span> <span class='ocrx_word' id='word_1_82' title='bbox 1241 1743 1270 1797; x_wconf 92' lang='lat' dir='ltr'>in</span> <span class='ocrx_word' id='word_1_83' title='bbox 1280 1743 1580 1810; x_wconf 87' lang='lat' dir='ltr'>Bethlehem,vidimus</span> <span class='ocrx_word' id='word_1_84' title='bbox 1595 1750 1623 1798; x_wconf 91' lang='lat' dir='ltr'>et</span> <span class='ocrx_word' id='word_1_85' title='bbox 1638 1744 1777 1800; x_wconf 86' lang='lat' dir='ltr'>salutavi·</span> 
     </span>
     <span class='ocr_line' id='line_1_12' title="bbox 136 1831 1777 1905; baseline 0.001 -18"><span class='ocrx_word' id='word_1_86' title='bbox 136 1833 345 1901; x_wconf 66' lang='lat' dir='ltr'>benignissimo,</span> <span class='ocrx_word' id='word_1_87' title='bbox 369 1834 416 1905; x_wconf 91' lang='lat' dir='ltr'>qui</span> <span class='ocrx_word' id='word_1_88' title='bbox 431 1850 481 1904; x_wconf 89' lang='lat' dir='ltr'>per</span> <span class='ocrx_word' id='word_1_89' title='bbox 504 1831 720 1888; x_wconf 78' lang='lat' dir='ltr'>innumerabilia</span> <span class='ocrx_word' id='word_1_90' title='bbox 735 1831 933 1885; x_wconf 79' lang='lat' dir='ltr'>miraculorum</span> <span class='ocrx_word' id='word_1_91' title='bbox 975 1847 1037 1886; x_wconf 89' lang='lat' dir='ltr'>mus</span> <span class='ocrx_word' id='word_1_92' title='bbox 1054 1837 1182 1886; x_wconf 89' lang='lat' dir='ltr'>sanctum</span> <span class='ocrx_word' id='word_1_93' title='bbox 1196 1849 1328 1904; x_wconf 88' lang='lat' dir='ltr'>praesepe,</span> <span class='ocrx_word' id='word_1_94' title='bbox 1340 1833 1387 1887; x_wconf 92' lang='lat' dir='ltr'>ubi</span> <span class='ocrx_word' id='word_1_95' title='bbox 1402 1834 1531 1888; x_wconf 82' lang='lat' dir='ltr'>Christus</span> <span class='ocrx_word' id='word_1_96' title='bbox 1548 1834 1626 1888; x_wconf 88' lang='lat' dir='ltr'>nasci</span> <span class='ocrx_word' id='word_1_97' title='bbox 1641 1834 1777 1904; x_wconf 82' lang='lat' dir='ltr'>dignatus</span> 
     </span>
     <span class='ocr_line' id='line_1_13' title="bbox 135 1919 1778 1994; baseline 0.001 -18"><span class='ocrx_word' id='word_1_98' title='bbox 135 1923 264 1994; x_wconf 78' lang='lat' dir='ltr'>exempla</span> <span class='ocrx_word' id='word_1_99' title='bbox 275 1939 326 1977; x_wconf 91' lang='lat' dir='ltr'>nos</span> <span class='ocrx_word' id='word_1_100' title='bbox 340 1923 450 1994; x_wconf 89' lang='lat' dir='ltr'>tepidos</span> <span class='ocrx_word' id='word_1_101' title='bbox 468 1927 497 1976; x_wconf 89' lang='lat' dir='ltr'>et</span> <span class='ocrx_word' id='word_1_102' title='bbox 507 1922 638 1993; x_wconf 84' lang='lat' dir='ltr'>indignos</span> <span class='ocrx_word' id='word_1_103' title='bbox 653 1920 777 1992; x_wconf 87' lang='lat' dir='ltr'>quotidie</span> <span class='ocrx_word' id='word_1_104' title='bbox 786 1920 886 1974; x_wconf 89' lang='lat' dir='ltr'>invitat</span> <span class='ocrx_word' id='word_1_105' title='bbox 897 1919 933 1974; x_wconf 89' lang='lat' dir='ltr'>ad</span> <span class='ocrx_word' id='word_1_106' title='bbox 974 1930 1026 1986; x_wconf 87' lang='lat' dir='ltr'>cst,</span> <span class='ocrx_word' id='word_1_107' title='bbox 1038 1926 1066 1975; x_wconf 90' lang='lat' dir='ltr'>et</span> <span class='ocrx_word' id='word_1_108' title='bbox 1080 1920 1128 1974; x_wconf 91' lang='lat' dir='ltr'>ubi</span> <span class='ocrx_word' id='word_1_109' title='bbox 1137 1921 1219 1975; x_wconf 91' lang='lat' dir='ltr'>stella</span> <span class='ocrx_word' id='word_1_110' title='bbox 1233 1938 1330 1991; x_wconf 83' lang='lat' dir='ltr'>magos</span> <span class='ocrx_word' id='word_1_111' title='bbox 1336 1921 1577 1987; x_wconf 81' lang='lat' dir='ltr'>adduxit‚Christo</span> <span class='ocrx_word' id='word_1_112' title='bbox 1599 1939 1719 1977; x_wconf 82' lang='lat' dir='ltr'>rnunera</span> <span class='ocrx_word' id='word_1_113' title='bbox 1730 1922 1778 1977; x_wconf 88' lang='lat' dir='ltr'>de-</span> 
     </span>
     <span class='ocr_line' id='line_1_14' title="bbox 136 2008 1778 2082; baseline 0.002 -18"><span class='ocrx_word' id='word_1_114' title='bbox 136 2010 226 2065; x_wconf 80' lang='lat' dir='ltr'>bcatm</span> <span class='ocrx_word' id='word_1_115' title='bbox 241 2010 304 2065; x_wconf 77' lang='lat' dir='ltr'>vitae</span> <span class='ocrx_word' id='word_1_116' title='bbox 329 2012 448 2066; x_wconf 85' lang='lat' dir='ltr'>coelestis</span> <span class='ocrx_word' id='word_1_117' title='bbox 461 2011 573 2081; x_wconf 82' lang='lat' dir='ltr'>gaudia.</span> <span class='ocrx_word' id='word_1_118' title='bbox 599 2011 657 2065; x_wconf 93' lang='lat' dir='ltr'>Nos</span> <span class='ocrx_word' id='word_1_119' title='bbox 681 2010 776 2080; x_wconf 85' lang='lat' dir='ltr'>itaque</span> <span class='ocrx_word' id='word_1_120' title='bbox 795 2008 889 2063; x_wconf 90' lang='lat' dir='ltr'>miseri</span> <span class='ocrx_word' id='word_1_121' title='bbox 905 2014 934 2063; x_wconf 89' lang='lat' dir='ltr'>et</span> <span class='ocrx_word' id='word_1_122' title='bbox 973 2008 1113 2072; x_wconf 80' lang='lat' dir='ltr'>ferentes:</span> <span class='ocrx_word' id='word_1_123' title='bbox 1129 2016 1158 2064; x_wconf 88' lang='lat' dir='ltr'>ct</span> <span class='ocrx_word' id='word_1_124' title='bbox 1172 2009 1293 2064; x_wconf 93' lang='lat' dir='ltr'>vidimus</span> <span class='ocrx_word' id='word_1_125' title='bbox 1309 2010 1400 2066; x_wconf 91' lang='lat' dir='ltr'>locum</span> <span class='ocrx_word' id='word_1_126' title='bbox 1411 2010 1571 2065; x_wconf 89' lang='lat' dir='ltr'>mirabilem</span> <span class='ocrx_word' id='word_1_127' title='bbox 1585 2011 1634 2065; x_wconf 92' lang='lat' dir='ltr'>ubi</span> <span class='ocrx_word' id='word_1_128' title='bbox 1658 2012 1778 2082; x_wconf 83' lang='lat' dir='ltr'>angelus</span> 
     </span>
     <span class='ocr_line' id='line_1_15' title="bbox 135 2097 1779 2171; baseline 0.001 -18"><span class='ocrx_word' id='word_1_129' title='bbox 135 2100 257 2154; x_wconf 90' lang='lat' dir='ltr'>humiles</span> <span class='ocrx_word' id='word_1_130' title='bbox 276 2100 406 2154; x_wconf 92' lang='lat' dir='ltr'>monachi</span> <span class='ocrx_word' id='word_1_131' title='bbox 427 2100 607 2171; x_wconf 85' lang='lat' dir='ltr'>Theophilus,</span> <span class='ocrx_word' id='word_1_132' title='bbox 624 2099 738 2169; x_wconf 79' lang='lat' dir='ltr'>Sergius</span> <span class='ocrx_word' id='word_1_133' title='bbox 752 2104 781 2152; x_wconf 91' lang='lat' dir='ltr'>ct</span> <span class='ocrx_word' id='word_1_134' title='bbox 794 2097 931 2169; x_wconf 83' lang='lat' dir='ltr'>Hyginus,</span> <span class='ocrx_word' id='word_1_135' title='bbox 973 2113 1036 2151; x_wconf 92' lang='lat' dir='ltr'>cum</span> <span class='ocrx_word' id='word_1_136' title='bbox 1053 2098 1233 2152; x_wconf 87' lang='lat' dir='ltr'>multitudine</span> <span class='ocrx_word' id='word_1_137' title='bbox 1242 2099 1380 2154; x_wconf 83' lang='lat' dir='ltr'>exercitus</span> <span class='ocrx_word' id='word_1_138' title='bbox 1391 2100 1644 2170; x_wconf 81' lang='lat' dir='ltr'>coelestis,gloriam</span> <span class='ocrx_word' id='word_1_139' title='bbox 1659 2100 1690 2154; x_wconf 91' lang='lat' dir='ltr'>in</span> <span class='ocrx_word' id='word_1_140' title='bbox 1700 2100 1779 2155; x_wconf 88' lang='lat' dir='ltr'>altis·</span> 
     </span>
     <span class='ocr_line' id='line_1_16' title="bbox 136 2186 1778 2262; baseline 0.001 -19"><span class='ocrx_word' id='word_1_141' title='bbox 136 2190 321 2260; x_wconf 89' lang='lat' dir='ltr'>deprecamur</span> <span class='ocrx_word' id='word_1_142' title='bbox 334 2206 382 2242; x_wconf 93' lang='lat' dir='ltr'>vos</span> <span class='ocrx_word' id='word_1_143' title='bbox 396 2205 493 2244; x_wconf 89' lang='lat' dir='ltr'>omnes</span> <span class='ocrx_word' id='word_1_144' title='bbox 512 2188 703 2243; x_wconf 87' lang='lat' dir='ltr'>sanctissimos</span> <span class='ocrx_word' id='word_1_145' title='bbox 722 2193 817 2258; x_wconf 90' lang='lat' dir='ltr'>patres</span> <span class='ocrx_word' id='word_1_146' title='bbox 835 2193 864 2240; x_wconf 90' lang='lat' dir='ltr'>et</span> <span class='ocrx_word' id='word_1_147' title='bbox 879 2186 933 2241; x_wconf 81' lang='lat' dir='ltr'>fra·</span> <span class='ocrx_word' id='word_1_148' title='bbox 973 2186 1052 2240; x_wconf 89' lang='lat' dir='ltr'>simis</span> <span class='ocrx_word' id='word_1_149' title='bbox 1065 2187 1123 2242; x_wconf 90' lang='lat' dir='ltr'>Deo</span> <span class='ocrx_word' id='word_1_150' title='bbox 1137 2186 1263 2254; x_wconf 77' lang='lat' dir='ltr'>canebat,</span> <span class='ocrx_word' id='word_1_151' title='bbox 1274 2188 1321 2259; x_wconf 90' lang='lat' dir='ltr'>qui</span> <span class='ocrx_word' id='word_1_152' title='bbox 1335 2188 1412 2243; x_wconf 92' lang='lat' dir='ltr'>locus</span> <span class='ocrx_word' id='word_1_153' title='bbox 1422 2187 1459 2243; x_wconf 89' lang='lat' dir='ltr'>ad</span> <span class='ocrx_word' id='word_1_154' title='bbox 1473 2188 1528 2243; x_wconf 90' lang='lat' dir='ltr'>duo</span> <span class='ocrx_word' id='word_1_155' title='bbox 1544 2189 1678 2243; x_wconf 86' lang='lat' dir='ltr'>milliaria</span> <span class='ocrx_word' id='word_1_156' title='bbox 1692 2190 1778 2262; x_wconf 78' lang='lat' dir='ltr'>longe</span> 
     </span>
     <span class='ocr_line' id='line_1_17' title="bbox 135 2274 1778 2348; baseline 0.001 -15"><span class='ocrx_word' id='word_1_157' title='bbox 135 2284 202 2346; x_wconf 89' lang='lat' dir='ltr'>tres,</span> <span class='ocrx_word' id='word_1_158' title='bbox 215 2283 247 2333; x_wconf 87' lang='lat' dir='ltr'>ut</span> <span class='ocrx_word' id='word_1_159' title='bbox 253 2278 468 2333; x_wconf 89' lang='lat' dir='ltr'>accommodetis</span> <span class='ocrx_word' id='word_1_160' title='bbox 478 2276 618 2344; x_wconf 88' lang='lat' dir='ltr'>aureshis,</span> <span class='ocrx_word' id='word_1_161' title='bbox 631 2294 692 2348; x_wconf 83' lang='lat' dir='ltr'>quae</span> <span class='ocrx_word' id='word_1_162' title='bbox 704 2276 781 2331; x_wconf 91' lang='lat' dir='ltr'>vobis</span> <span class='ocrx_word' id='word_1_163' title='bbox 791 2275 934 2330; x_wconf 71' lang='lat' dir='ltr'>narraturi</span> <span class='ocrx_word' id='word_1_164' title='bbox 977 2291 994 2328; x_wconf 90' lang='lat' dir='ltr'>a</span> <span class='ocrx_word' id='word_1_165' title='bbox 1008 2274 1172 2330; x_wconf 89' lang='lat' dir='ltr'>Bethlehem</span> <span class='ocrx_word' id='word_1_166' title='bbox 1187 2276 1258 2330; x_wconf 91' lang='lat' dir='ltr'>situs</span> <span class='ocrx_word' id='word_1_167' title='bbox 1277 2281 1328 2330; x_wconf 92' lang='lat' dir='ltr'>cst.</span> <span class='ocrx_word' id='word_1_168' title='bbox 1346 2277 1379 2332; x_wconf 94' lang='lat' dir='ltr'>ln</span> <span class='ocrx_word' id='word_1_169' title='bbox 1391 2282 1515 2331; x_wconf 91' lang='lat' dir='ltr'>montem</span> <span class='ocrx_word' id='word_1_170' title='bbox 1542 2293 1654 2348; x_wconf 90' lang='lat' dir='ltr'>quoque</span> <span class='ocrx_word' id='word_1_171' title='bbox 1673 2276 1778 2333; x_wconf 89' lang='lat' dir='ltr'>Oliveti</span> 
     </span>
     <span class='ocr_line' id='line_1_18' title="bbox 136 2356 1776 2436; baseline -0.001 -13"><span class='ocrx_word' id='word_1_172' title='bbox 136 2384 234 2423; x_wconf 91' lang='lat' dir='ltr'>sumus</span> <span class='ocrx_word' id='word_1_173' title='bbox 245 2367 280 2422; x_wconf 90' lang='lat' dir='ltr'>de</span> <span class='ocrx_word' id='word_1_174' title='bbox 294 2368 351 2422; x_wconf 88' lang='lat' dir='ltr'>vita</span> <span class='ocrx_word' id='word_1_175' title='bbox 364 2374 392 2423; x_wconf 91' lang='lat' dir='ltr'>et</span> <span class='ocrx_word' id='word_1_176' title='bbox 410 2366 620 2422; x_wconf 88' lang='lat' dir='ltr'>conversatione</span> <span class='ocrx_word' id='word_1_177' title='bbox 634 2365 803 2420; x_wconf 84' lang='lat' dir='ltr'>sanctissimi</span> <span class='ocrx_word' id='word_1_178' title='bbox 817 2363 934 2419; x_wconf 87' lang='lat' dir='ltr'>Macarii</span> <span class='ocrx_word' id='word_1_179' title='bbox 976 2356 1162 2430; x_wconf 84' lang='lat' dir='ltr'>ascendimus,</span> <span class='ocrx_word' id='word_1_180' title='bbox 1178 2371 1207 2419; x_wconf 89' lang='lat' dir='ltr'>et</span> <span class='ocrx_word' id='word_1_181' title='bbox 1221 2365 1320 2436; x_wconf 93' lang='lat' dir='ltr'>inipso</span> <span class='ocrx_word' id='word_1_182' title='bbox 1336 2366 1395 2420; x_wconf 93' lang='lat' dir='ltr'>loco</span> <span class='ocrx_word' id='word_1_183' title='bbox 1414 2372 1509 2421; x_wconf 86' lang='lat' dir='ltr'>sancto</span> <span class='ocrx_word' id='word_1_184' title='bbox 1524 2365 1714 2433; x_wconf 84' lang='lat' dir='ltr'>adoravimus,</span> <span class='ocrx_word' id='word_1_185' title='bbox 1727 2366 1776 2421; x_wconf 91' lang='lat' dir='ltr'>ubi</span> 
     </span>
     <span class='ocr_line' id='line_1_19' title="bbox 136 2451 1774 2527; baseline 0 -16"><span class='ocrx_word' id='word_1_186' title='bbox 136 2456 266 2521; x_wconf 89' lang='lat' dir='ltr'>Romani,</span> <span class='ocrx_word' id='word_1_187' title='bbox 283 2455 330 2527; x_wconf 88' lang='lat' dir='ltr'>qui</span> <span class='ocrx_word' id='word_1_188' title='bbox 340 2455 470 2527; x_wconf 91' lang='lat' dir='ltr'>apparuit</span> <span class='ocrx_word' id='word_1_189' title='bbox 483 2453 564 2508; x_wconf 90' lang='lat' dir='ltr'>nobis</span> <span class='ocrx_word' id='word_1_190' title='bbox 578 2470 664 2525; x_wconf 89' lang='lat' dir='ltr'>prope</span> <span class='ocrx_word' id='word_1_191' title='bbox 674 2452 838 2524; x_wconf 82' lang='lat' dir='ltr'>paradisum</span> <span class='ocrx_word' id='word_1_192' title='bbox 852 2451 935 2506; x_wconf 82' lang='lat' dir='ltr'>advi·</span> <span class='ocrx_word' id='word_1_193' title='bbox 975 2453 1104 2507; x_wconf 87' lang='lat' dir='ltr'>Christus</span> <span class='ocrx_word' id='word_1_194' title='bbox 1120 2453 1237 2524; x_wconf 91' lang='lat' dir='ltr'>pedibus</span> <span class='ocrx_word' id='word_1_195' title='bbox 1256 2454 1343 2520; x_wconf 88' lang='lat' dir='ltr'>stetit,</span> <span class='ocrx_word' id='word_1_196' title='bbox 1365 2455 1476 2525; x_wconf 89' lang='lat' dir='ltr'>quando</span> <span class='ocrx_word' id='word_1_197' title='bbox 1495 2455 1621 2509; x_wconf 88' lang='lat' dir='ltr'>elevatus</span> <span class='ocrx_word' id='word_1_198' title='bbox 1640 2460 1695 2520; x_wconf 88' lang='lat' dir='ltr'>est,</span> <span class='ocrx_word' id='word_1_199' title='bbox 1712 2460 1741 2509; x_wconf 88' lang='lat' dir='ltr'>ct</span> <span class='ocrx_word' id='word_1_200' title='bbox 1755 2472 1774 2511; x_wconf 90' lang='lat' dir='ltr'>a</span> 
     </span>
     <span class='ocr_line' id='line_1_20' title="bbox 135 2540 1778 2616; baseline -0.001 -17"><span class='ocrx_word' id='word_1_201' title='bbox 135 2545 207 2616; x_wconf 87' lang='lat' dir='ltr'>ginti</span> <span class='ocrx_word' id='word_1_202' title='bbox 219 2544 358 2598; x_wconf 90' lang='lat' dir='ltr'>milliaria.</span> <span class='ocrx_word' id='word_1_203' title='bbox 373 2545 407 2598; x_wconf 88' lang='lat' dir='ltr'>Et</span> <span class='ocrx_word' id='word_1_204' title='bbox 421 2543 473 2597; x_wconf 92' lang='lat' dir='ltr'>hoc</span> <span class='ocrx_word' id='word_1_205' title='bbox 482 2559 624 2613; x_wconf 90' lang='lat' dir='ltr'>rogamus,</span> <span class='ocrx_word' id='word_1_206' title='bbox 640 2548 672 2596; x_wconf 91' lang='lat' dir='ltr'>ut</span> <span class='ocrx_word' id='word_1_207' title='bbox 688 2541 772 2595; x_wconf 86' lang='lat' dir='ltr'>tidem</span> <span class='ocrx_word' id='word_1_208' title='bbox 788 2541 869 2594; x_wconf 92' lang='lat' dir='ltr'>dictis</span> <span class='ocrx_word' id='word_1_209' title='bbox 883 2540 934 2594; x_wconf 91' lang='lat' dir='ltr'>ad·</span> <span class='ocrx_word' id='word_1_210' title='bbox 975 2541 1049 2596; x_wconf 91' lang='lat' dir='ltr'>nube</span> <span class='ocrx_word' id='word_1_211' title='bbox 1063 2548 1209 2613; x_wconf 83' lang='lat' dir='ltr'>susceptus</span> <span class='ocrx_word' id='word_1_212' title='bbox 1223 2543 1348 2597; x_wconf 89' lang='lat' dir='ltr'>ascendit</span> <span class='ocrx_word' id='word_1_213' title='bbox 1361 2543 1397 2596; x_wconf 91' lang='lat' dir='ltr'>ad</span> <span class='ocrx_word' id='word_1_214' title='bbox 1407 2542 1610 2599; x_wconf 74' lang='lat' dir='ltr'>caelosExinde</span> <span class='ocrx_word' id='word_1_215' title='bbox 1620 2544 1778 2599; x_wconf 84' lang='lat' dir='ltr'>Jerusalem</span> 
     </span>
     <span class='ocr_line' id='line_1_21' title="bbox 135 2629 1778 2703; baseline 0.001 -16"><span class='ocrx_word' id='word_1_216' title='bbox 135 2633 265 2699; x_wconf 89' lang='lat' dir='ltr'>hibeatis,</span> <span class='ocrx_word' id='word_1_217' title='bbox 282 2632 329 2703; x_wconf 93' lang='lat' dir='ltr'>qui</span> <span class='ocrx_word' id='word_1_218' title='bbox 345 2631 458 2703; x_wconf 91' lang='lat' dir='ltr'>quidem</span> <span class='ocrx_word' id='word_1_219' title='bbox 469 2633 557 2686; x_wconf 91' lang='lat' dir='ltr'>multo</span> <span class='ocrx_word' id='word_1_220' title='bbox 569 2631 669 2685; x_wconf 91' lang='lat' dir='ltr'>melius</span> <span class='ocrx_word' id='word_1_221' title='bbox 683 2629 763 2684; x_wconf 92' lang='lat' dir='ltr'>nobis</span> <span class='ocrx_word' id='word_1_222' title='bbox 778 2630 864 2684; x_wconf 85' lang='lat' dir='ltr'>luisse</span> <span class='ocrx_word' id='word_1_223' title='bbox 878 2646 936 2684; x_wconf 90' lang='lat' dir='ltr'>cre·</span> <span class='ocrx_word' id='word_1_224' title='bbox 977 2631 1080 2684; x_wconf 74' lang='lat' dir='ltr'>reversi</span> <span class='ocrx_word' id='word_1_225' title='bbox 1094 2630 1271 2686; x_wconf 74' lang='lat' dir='ltr'>adoravimus</span> <span class='ocrx_word' id='word_1_226' title='bbox 1289 2632 1389 2698; x_wconf 86' lang='lat' dir='ltr'>Deum,</span> <span class='ocrx_word' id='word_1_227' title='bbox 1416 2637 1445 2686; x_wconf 91' lang='lat' dir='ltr'>et</span> <span class='ocrx_word' id='word_1_228' title='bbox 1467 2632 1663 2702; x_wconf 81' lang='lat' dir='ltr'>consignantes</span> <span class='ocrx_word' id='word_1_229' title='bbox 1679 2649 1732 2687; x_wconf 89' lang='lat' dir='ltr'>nos</span> <span class='ocrx_word' id='word_1_230' title='bbox 1746 2638 1778 2688; x_wconf 89' lang='lat' dir='ltr'>ct</span> 
     </span>
     <span class='ocr_line' id='line_1_22' title="bbox 136 2720 1779 2792; baseline 0 -16"><span class='ocrx_word' id='word_1_231' title='bbox 136 2722 230 2776; x_wconf 90' lang='lat' dir='ltr'>dimus</span> <span class='ocrx_word' id='word_1_232' title='bbox 245 2720 297 2775; x_wconf 94' lang='lat' dir='ltr'>sub</span> <span class='ocrx_word' id='word_1_233' title='bbox 311 2720 416 2775; x_wconf 88' lang='lat' dir='ltr'>silentii</span> <span class='ocrx_word' id='word_1_234' title='bbox 436 2727 518 2791; x_wconf 91' lang='lat' dir='ltr'>portu</span> <span class='ocrx_word' id='word_1_235' title='bbox 536 2720 664 2775; x_wconf 75' lang='lat' dir='ltr'>innoxios</span> <span class='ocrx_word' id='word_1_236' title='bbox 677 2735 833 2786; x_wconf 89' lang='lat' dir='ltr'>remanere,</span> <span class='ocrx_word' id='word_1_237' title='bbox 851 2734 936 2789; x_wconf 88' lang='lat' dir='ltr'>quam</span> <span class='ocrx_word' id='word_1_238' title='bbox 976 2721 1208 2775; x_wconf 86' lang='lat' dir='ltr'>commendantes</span> <span class='ocrx_word' id='word_1_239' title='bbox 1232 2720 1343 2774; x_wconf 87' lang='lat' dir='ltr'>Christo</span> <span class='ocrx_word' id='word_1_240' title='bbox 1364 2726 1393 2774; x_wconf 92' lang='lat' dir='ltr'>et</span> <span class='ocrx_word' id='word_1_241' title='bbox 1414 2720 1518 2774; x_wconf 89' lang='lat' dir='ltr'>sanctis</span> <span class='ocrx_word' id='word_1_242' title='bbox 1541 2722 1602 2792; x_wconf 90' lang='lat' dir='ltr'>ejus</span> <span class='ocrx_word' id='word_1_243' title='bbox 1618 2722 1666 2790; x_wconf 77' lang='lat' dir='ltr'>(i),</span> <span class='ocrx_word' id='word_1_244' title='bbox 1689 2721 1779 2776; x_wconf 84' lang='lat' dir='ltr'>exivi·</span> 
     </span>
     <span class='ocr_line' id='line_1_23' title="bbox 137 2809 1776 2882; baseline 0.002 -18"><span class='ocrx_word' id='word_1_245' title='bbox 137 2810 267 2865; x_wconf 83' lang='lat' dir='ltr'>falsitatis</span> <span class='ocrx_word' id='word_1_246' title='bbox 279 2827 343 2864; x_wconf 91' lang='lat' dir='ltr'>reos</span> <span class='ocrx_word' id='word_1_247' title='bbox 358 2810 461 2882; x_wconf 89' lang='lat' dir='ltr'>puniri.</span> <span class='ocrx_word' id='word_1_248' title='bbox 977 2825 1039 2863; x_wconf 91' lang='lat' dir='ltr'>mus</span> <span class='ocrx_word' id='word_1_249' title='bbox 1049 2825 1105 2863; x_wconf 92' lang='lat' dir='ltr'>non</span> <span class='ocrx_word' id='word_1_250' title='bbox 1118 2809 1253 2865; x_wconf 87' lang='lat' dir='ltr'>habentes</span> <span class='ocrx_word' id='word_1_251' title='bbox 1269 2811 1330 2881; x_wconf 70' lang='lat' dir='ltr'>lam</span> <span class='ocrx_word' id='word_1_252' title='bbox 1341 2809 1467 2865; x_wconf 90' lang='lat' dir='ltr'>animum</span> <span class='ocrx_word' id='word_1_253' title='bbox 1483 2814 1512 2864; x_wconf 92' lang='lat' dir='ltr'>et</span> <span class='ocrx_word' id='word_1_254' title='bbox 1527 2815 1652 2865; x_wconf 91' lang='lat' dir='ltr'>mentem</span> <span class='ocrx_word' id='word_1_255' title='bbox 1669 2811 1700 2866; x_wconf 92' lang='lat' dir='ltr'>in</span> <span class='ocrx_word' id='word_1_256' title='bbox 1721 2811 1776 2867; x_wconf 90' lang='lat' dir='ltr'>hoc</span> 
     </span>
    </p>

    <p class='ocr_par' dir='ltr' id='par_1_9' title="bbox 136 2898 1778 3772">
     <span class='ocr_line' id='line_1_24' title="bbox 172 2898 1085 2971; baseline -0.003 -17"><span class='ocrx_word' id='word_1_257' title='bbox 172 2900 238 2954; x_wconf 73' lang='lat' dir='ltr'>Can.</span> <span class='ocrx_word' id='word_1_258' title='bbox 249 2900 285 2955; x_wconf 92' lang='grc' dir='ltr'>ΙΙ.</span> <span class='ocrx_word' id='word_1_259' title='bbox 301 2928 331 2939; x_wconf 95' lang='grc'><strong>-</strong></span> <span class='ocrx_word' id='word_1_260' title='bbox 345 2899 435 2971; x_wconf 80' lang='lat' dir='ltr'>Igitur</span> <span class='ocrx_word' id='word_1_261' title='bbox 445 2916 496 2953; x_wconf 94' lang='lat' dir='ltr'>nos</span> <span class='ocrx_word' id='word_1_262' title='bbox 503 2898 666 2970; x_wconf 72' lang='lat' dir='ltr'>pretitulati</span> <span class='ocrx_word' id='word_1_263' title='bbox 677 2898 788 2964; x_wconf 84' lang='lat' dir='ltr'>fratres,</span> <span class='ocrx_word' id='word_1_264' title='bbox 797 2898 934 2970; x_wconf 84' lang='lat' dir='ltr'>Theophi-</span> <span class='ocrx_word' id='word_1_265' title='bbox 975 2899 1085 2954; x_wconf 77' lang='lat' dir='ltr'>seculo.</span> 
     </span>
     <span class='ocr_line' id='line_1_25' title="bbox 136 2986 1771 3060; baseline 0.002 -18"><span class='ocrx_word' id='word_1_266' title='bbox 136 2988 190 3055; x_wconf 89' lang='lat' dir='ltr'>lus,</span> <span class='ocrx_word' id='word_1_267' title='bbox 201 2988 315 3058; x_wconf 82' lang='lat' dir='ltr'>Sergius</span> <span class='ocrx_word' id='word_1_268' title='bbox 324 2994 353 3043; x_wconf 88' lang='lat' dir='ltr'>et</span> <span class='ocrx_word' id='word_1_269' title='bbox 363 2989 490 3060; x_wconf 82' lang='lat' dir='ltr'>Hyginus</span> <span class='ocrx_word' id='word_1_270' title='bbox 502 2989 624 3059; x_wconf 88' lang='lat' dir='ltr'>propitia</span> <span class='ocrx_word' id='word_1_271' title='bbox 632 2988 783 3043; x_wconf 85' lang='lat' dir='ltr'>Divinitate</span> <span class='ocrx_word' id='word_1_272' title='bbox 792 2986 933 3042; x_wconf 89' lang='lat' dir='ltr'>abrenun-</span> <span class='ocrx_word' id='word_1_273' title='bbox 1010 2988 1075 3042; x_wconf 72' lang='lat' dir='ltr'>Car.</span> <span class='ocrx_word' id='word_1_274' title='bbox 1092 2988 1193 3045; x_wconf 69' lang='lat' dir='ltr'>lit-a</span> <span class='ocrx_word' id='word_1_275' title='bbox 1209 2987 1299 3059; x_wconf 83' lang='lat' dir='ltr'>igitur</span> <span class='ocrx_word' id='word_1_276' title='bbox 1312 3004 1363 3042; x_wconf 91' lang='lat' dir='ltr'>nos</span> <span class='ocrx_word' id='word_1_277' title='bbox 1378 2988 1481 3043; x_wconf 82' lang='lat' dir='ltr'>Christi</span> <span class='ocrx_word' id='word_1_278' title='bbox 1498 2988 1651 3044; x_wconf 89' lang='lat' dir='ltr'>comitante</span> <span class='ocrx_word' id='word_1_279' title='bbox 1664 2989 1771 3059; x_wconf 64' lang='lat' dir='ltr'>gratim</span> 
     </span>
     <span class='ocr_line' id='line_1_26' title="bbox 136 3053 1775 3149; baseline 0 -17"><span class='ocrx_word' id='word_1_280' title='bbox 136 3077 241 3132; x_wconf 88' lang='lat' dir='ltr'>tiantes</span> <span class='ocrx_word' id='word_1_281' title='bbox 255 3079 365 3143; x_wconf 76' lang='lat' dir='ltr'>seculo,</span> <span class='ocrx_word' id='word_1_282' title='bbox 383 3078 510 3132; x_wconf 89' lang='lat' dir='ltr'>venimus</span> <span class='ocrx_word' id='word_1_283' title='bbox 524 3077 559 3130; x_wconf 91' lang='lat' dir='ltr'>ad</span> <span class='ocrx_word' id='word_1_284' title='bbox 573 3077 785 3143; x_wconf 88' lang='lat' dir='ltr'>monasterium,</span> <span class='ocrx_word' id='word_1_285' title='bbox 802 3077 875 3147; x_wconf 90' lang='lat' dir='ltr'>qnod</span> <span class='ocrx_word' id='word_1_286' title='bbox 890 3053 965 3132; x_wconf 79' lang='lat' dir='ltr'>estC</span> <span class='ocrx_word' id='word_1_287' title='bbox 976 3077 1048 3130; x_wconf 89' lang='lat' dir='ltr'>viam</span> <span class='ocrx_word' id='word_1_288' title='bbox 1073 3077 1204 3131; x_wconf 92' lang='lat' dir='ltr'>continuo</span> <span class='ocrx_word' id='word_1_289' title='bbox 1214 3077 1419 3148; x_wconf 86' lang='lat' dir='ltr'>aggredientes,</span> <span class='ocrx_word' id='word_1_290' title='bbox 1431 3094 1464 3131; x_wconf 90' lang='lat' dir='ltr'>ac</span> <span class='ocrx_word' id='word_1_291' title='bbox 1476 3078 1710 3149; x_wconf 85' lang='lat' dir='ltr'>quinquagesimo</span> <span class='ocrx_word' id='word_1_292' title='bbox 1726 3078 1775 3133; x_wconf 87' lang='lat' dir='ltr'>die</span> 
     </span>
     <span class='ocr_line' id='line_1_27' title="bbox 136 3165 1778 3238; baseline 0.001 -18"><span class='ocrx_word' id='word_1_293' title='bbox 136 3165 165 3220; x_wconf 91' lang='lat' dir='ltr'>in</span> <span class='ocrx_word' id='word_1_294' title='bbox 185 3166 388 3238; x_wconf 86' lang='lat' dir='ltr'>Mesopotamia</span> <span class='ocrx_word' id='word_1_295' title='bbox 404 3166 491 3238; x_wconf 85' lang='lat' dir='ltr'>Syriae</span> <span class='ocrx_word' id='word_1_296' title='bbox 502 3166 530 3220; x_wconf 91' lang='lat' dir='ltr'>in</span> <span class='ocrx_word' id='word_1_297' title='bbox 540 3166 633 3220; x_wconf 91' lang='lat' dir='ltr'>modio</span> <span class='ocrx_word' id='word_1_298' title='bbox 649 3165 769 3220; x_wconf 91' lang='lat' dir='ltr'>duorum</span> <span class='ocrx_word' id='word_1_299' title='bbox 785 3165 934 3219; x_wconf 66' lang='lat' dir='ltr'>litvevinum</span> <span class='ocrx_word' id='word_1_300' title='bbox 976 3165 1099 3221; x_wconf 85' lang='lat' dir='ltr'>fluminis</span> <span class='ocrx_word' id='word_1_301' title='bbox 1108 3166 1208 3238; x_wconf 84' lang='lat' dir='ltr'>Tygris</span> <span class='ocrx_word' id='word_1_302' title='bbox 1219 3166 1328 3220; x_wconf 89' lang='lat' dir='ltr'>alveum</span> <span class='ocrx_word' id='word_1_303' title='bbox 1334 3172 1573 3237; x_wconf 90' lang='lat' dir='ltr'>pertranseuntes,</span> <span class='ocrx_word' id='word_1_304' title='bbox 1590 3170 1700 3221; x_wconf 84' lang='lat' dir='ltr'>terram</span> <span class='ocrx_word' id='word_1_305' title='bbox 1710 3166 1778 3222; x_wconf 87' lang='lat' dir='ltr'>Pcr-</span> 
     </span>
     <span class='ocr_line' id='line_1_28' title="bbox 136 3254 1773 3327; baseline 0.002 -19"><span class='ocrx_word' id='word_1_306' title='bbox 136 3254 236 3327; x_wconf 80' lang='lat' dir='ltr'>Tygris</span> <span class='ocrx_word' id='word_1_307' title='bbox 246 3259 275 3309; x_wconf 90' lang='lat' dir='ltr'>et</span> <span class='ocrx_word' id='word_1_308' title='bbox 292 3255 452 3326; x_wconf 83' lang='lat' dir='ltr'>Euphratis,</span> <span class='ocrx_word' id='word_1_309' title='bbox 469 3261 564 3322; x_wconf 65' lang='lat'>225</span> <span class='ocrx_word' id='word_1_310' title='bbox 588 3256 618 3309; x_wconf 92' lang='lat' dir='ltr'>in</span> <span class='ocrx_word' id='word_1_311' title='bbox 631 3271 686 3326; x_wconf 91' lang='lat' dir='ltr'>quo</span> <span class='ocrx_word' id='word_1_312' title='bbox 699 3255 742 3308; x_wconf 93' lang='lat' dir='ltr'>vir</span> <span class='ocrx_word' id='word_1_313' title='bbox 762 3254 934 3309; x_wconf 90' lang='lat' dir='ltr'>clarissimus</span> <span class='ocrx_word' id='word_1_314' title='bbox 975 3272 1070 3310; x_wconf 92' lang='lat' dir='ltr'>sarum</span> <span class='ocrx_word' id='word_1_315' title='bbox 1086 3255 1205 3325; x_wconf 81' lang='lat' dir='ltr'>ingressi</span> <span class='ocrx_word' id='word_1_316' title='bbox 1217 3272 1325 3321; x_wconf 78' lang='lat' dir='ltr'>snmus,</span> <span class='ocrx_word' id='word_1_317' title='bbox 1338 3261 1367 3309; x_wconf 90' lang='lat' dir='ltr'>ot</span> <span class='ocrx_word' id='word_1_318' title='bbox 1378 3255 1503 3311; x_wconf 89' lang='lat' dir='ltr'>venimus</span> <span class='ocrx_word' id='word_1_319' title='bbox 1518 3256 1546 3310; x_wconf 93' lang='lat' dir='ltr'>in</span> <span class='ocrx_word' id='word_1_320' title='bbox 1561 3272 1694 3327; x_wconf 78' lang='lat' dir='ltr'>canspum</span> <span class='ocrx_word' id='word_1_321' title='bbox 1709 3272 1773 3311; x_wconf 88' lang='lat' dir='ltr'>ma-</span> 
     </span>
     <span class='ocr_line' id='line_1_29' title="bbox 136 3343 1778 3419; baseline 0.001 -21"><span class='ocrx_word' id='word_1_322' title='bbox 136 3343 285 3415; x_wconf 85' lang='lat' dir='ltr'>Asclepion</span> <span class='ocrx_word' id='word_1_323' title='bbox 298 3344 474 3415; x_wconf 83' lang='lat' dir='ltr'>hegumenus</span> <span class='ocrx_word' id='word_1_324' title='bbox 487 3344 533 3411; x_wconf 82' lang='lat'>(3),</span> <span class='ocrx_word' id='word_1_325' title='bbox 551 3343 705 3399; x_wconf 88' lang='lat' dir='ltr'>multorum</span> <span class='ocrx_word' id='word_1_326' title='bbox 724 3343 830 3398; x_wconf 82' lang='lat' dir='ltr'>exstitit</span> <span class='ocrx_word' id='word_1_327' title='bbox 851 3344 935 3397; x_wconf 89' lang='lat' dir='ltr'>Pater</span> <span class='ocrx_word' id='word_1_328' title='bbox 974 3361 1061 3415; x_wconf 87' lang='lat' dir='ltr'>gnum</span> <span class='ocrx_word' id='word_1_329' title='bbox 1076 3350 1105 3399; x_wconf 87' lang='lat' dir='ltr'>ct</span> <span class='ocrx_word' id='word_1_330' title='bbox 1118 3344 1300 3416; x_wconf 90' lang='lat' dir='ltr'>planitiosum</span> <span class='ocrx_word' id='word_1_331' title='bbox 1314 3343 1446 3399; x_wconf 89' lang='lat' dir='ltr'>vocabulo</span> <span class='ocrx_word' id='word_1_332' title='bbox 1456 3345 1547 3407; x_wconf 80' lang='lat' dir='ltr'>Assia,</span> <span class='ocrx_word' id='word_1_333' title='bbox 1559 3345 1588 3398; x_wconf 91' lang='lat' dir='ltr'>in</span> <span class='ocrx_word' id='word_1_334' title='bbox 1600 3361 1656 3416; x_wconf 92' lang='lat' dir='ltr'>quo</span> <span class='ocrx_word' id='word_1_335' title='bbox 1665 3350 1778 3419; x_wconf 75' lang='lat' dir='ltr'>martyr</span> 
     </span>
     <span class='ocr_line' id='line_1_30' title="bbox 136 3432 1776 3504; baseline 0.001 -17"><span class='ocrx_word' id='word_1_336' title='bbox 136 3432 348 3487; x_wconf 88' lang='lat' dir='ltr'>monachorum.</span> <span class='ocrx_word' id='word_1_337' title='bbox 371 3433 413 3488; x_wconf 93' lang='lat' dir='ltr'>lbi</span> <span class='ocrx_word' id='word_1_338' title='bbox 425 3433 546 3504; x_wconf 90' lang='lat' dir='ltr'>denique</span> <span class='ocrx_word' id='word_1_339' title='bbox 560 3434 772 3504; x_wconf 69' lang='lat' dir='ltr'>conjungentes</span> <span class='ocrx_word' id='word_1_340' title='bbox 790 3449 807 3485; x_wconf 88' lang='lat' dir='ltr'>a</span> <span class='ocrx_word' id='word_1_341' title='bbox 822 3448 934 3503; x_wconf 84' lang='lat' dir='ltr'>praeno·</span> <span class='ocrx_word' id='word_1_342' title='bbox 975 3433 1240 3488; x_wconf 85' lang='lat' dir='ltr'>Christillercurius</span> <span class='ocrx_word' id='word_1_343' title='bbox 1250 3433 1287 3502; x_wconf 63' lang='grc'>(8)</span> <span class='ocrx_word' id='word_1_344' title='bbox 1297 3438 1455 3504; x_wconf 85' lang='lat' dir='ltr'>apostatam</span> <span class='ocrx_word' id='word_1_345' title='bbox 1465 3433 1609 3487; x_wconf 85' lang='lat' dir='ltr'>lulianum</span> <span class='ocrx_word' id='word_1_346' title='bbox 1619 3434 1776 3504; x_wconf 81' lang='lat' dir='ltr'>peremisse</span> 
     </span>
     <span class='ocr_line' id='line_1_31' title="bbox 137 3522 1777 3592; baseline 0 -16"><span class='ocrx_word' id='word_1_347' title='bbox 137 3522 245 3577; x_wconf 89' lang='lat' dir='ltr'>minato</span> <span class='ocrx_word' id='word_1_348' title='bbox 257 3522 340 3576; x_wconf 85' lang='lat' dir='ltr'>Patre</span> <span class='ocrx_word' id='word_1_349' title='bbox 352 3527 380 3576; x_wconf 92' lang='lat' dir='ltr'>et</span> <span class='ocrx_word' id='word_1_350' title='bbox 391 3522 467 3576; x_wconf 90' lang='lat' dir='ltr'>omni</span> <span class='ocrx_word' id='word_1_351' title='bbox 478 3527 550 3576; x_wconf 76' lang='lat' dir='ltr'>catu</span> <span class='ocrx_word' id='word_1_352' title='bbox 560 3522 679 3576; x_wconf 81' lang='lat' dir='ltr'>fratrum</span> <span class='ocrx_word' id='word_1_353' title='bbox 687 3527 834 3591; x_wconf 81' lang='lat' dir='ltr'>gratanter</span> <span class='ocrx_word' id='word_1_354' title='bbox 843 3538 934 3576; x_wconf 89' lang='lat' dir='ltr'>susce·</span> <span class='ocrx_word' id='word_1_355' title='bbox 975 3523 1087 3592; x_wconf 88' lang='lat' dir='ltr'>legitur.</span> <span class='ocrx_word' id='word_1_356' title='bbox 1106 3523 1212 3577; x_wconf 81' lang='lat' dir='ltr'>Deinde</span> <span class='ocrx_word' id='word_1_357' title='bbox 1227 3522 1368 3576; x_wconf 89' lang='lat' dir='ltr'>civitatem</span> <span class='ocrx_word' id='word_1_358' title='bbox 1382 3522 1513 3589; x_wconf 65' lang='lat' dir='ltr'>Persidis</span> <span class='ocrx_word' id='word_1_359' title='bbox 1530 3522 1643 3576; x_wconf 90' lang='lat' dir='ltr'>nomine</span> <span class='ocrx_word' id='word_1_360' title='bbox 1655 3522 1777 3576; x_wconf 88' lang='lat' dir='ltr'>Kitisse·</span> 
     </span>
     <span class='ocr_line' id='line_1_32' title="bbox 136 3609 1777 3682; baseline 0.001 -18"><span class='ocrx_word' id='word_1_361' title='bbox 136 3610 227 3682; x_wconf 87' lang='lat' dir='ltr'>pti,ac</span> <span class='ocrx_word' id='word_1_362' title='bbox 234 3611 304 3681; x_wconf 84' lang='lat' dir='ltr'>jugo</span> <span class='ocrx_word' id='word_1_363' title='bbox 314 3611 417 3680; x_wconf 77' lang='lat' dir='ltr'>regula</span> <span class='ocrx_word' id='word_1_364' title='bbox 426 3610 710 3678; x_wconf 86' lang='lat' dir='ltr'>collasubmittentes,</span> <span class='ocrx_word' id='word_1_365' title='bbox 724 3610 865 3664; x_wconf 91' lang='lat' dir='ltr'>communi</span> <span class='ocrx_word' id='word_1_366' title='bbox 879 3609 935 3664; x_wconf 89' lang='lat' dir='ltr'>vita</span> <span class='ocrx_word' id='word_1_367' title='bbox 975 3611 1038 3665; x_wconf 86' lang='lat' dir='ltr'>lodo</span> <span class='ocrx_word' id='word_1_368' title='bbox 1051 3612 1096 3677; x_wconf 74' lang='lat' dir='ltr'>vu),</span> <span class='ocrx_word' id='word_1_369' title='bbox 1112 3612 1258 3678; x_wconf 83' lang='lat' dir='ltr'>intrantes,</span> <span class='ocrx_word' id='word_1_370' title='bbox 1271 3612 1299 3666; x_wconf 94' lang='lat' dir='ltr'>in</span> <span class='ocrx_word' id='word_1_371' title='bbox 1310 3628 1366 3682; x_wconf 90' lang='lat' dir='ltr'>qua</span> <span class='ocrx_word' id='word_1_372' title='bbox 1375 3618 1433 3667; x_wconf 86' lang='lat' dir='ltr'>tres</span> <span class='ocrx_word' id='word_1_373' title='bbox 1448 3611 1537 3682; x_wconf 90' lang='lat' dir='ltr'>pueri,</span> <span class='ocrx_word' id='word_1_374' title='bbox 1554 3611 1689 3677; x_wconf 88' lang='lat' dir='ltr'>llnanias,</span> <span class='ocrx_word' id='word_1_375' title='bbox 1706 3612 1777 3666; x_wconf 80' lang='lat' dir='ltr'>Aza-</span> 
     </span>
     <span class='ocr_line' id='line_1_33' title="bbox 136 3695 1776 3772; baseline 0.001 -19"><span class='ocrx_word' id='word_1_376' title='bbox 136 3695 292 3754; x_wconf 82' lang='lat' dir='ltr'>conversati</span> <span class='ocrx_word' id='word_1_377' title='bbox 307 3716 413 3754; x_wconf 90' lang='lat' dir='ltr'>sumus.</span> <span class='ocrx_word' id='word_1_378' title='bbox 974 3699 1151 3768; x_wconf 83' lang='lat' dir='ltr'>rias,lllisael,</span> <span class='ocrx_word' id='word_1_379' title='bbox 1167 3700 1415 3772; x_wconf 87' lang='lat' dir='ltr'>requiescunt,non</span> <span class='ocrx_word' id='word_1_380' title='bbox 1426 3700 1508 3770; x_wconf 81' lang='lat' dir='ltr'>longe</span> <span class='ocrx_word' id='word_1_381' title='bbox 1517 3699 1695 3771; x_wconf 86' lang='lat' dir='ltr'>aBabylone,</span> <span class='ocrx_word' id='word_1_382' title='bbox 1709 3699 1776 3754; x_wconf 87' lang='lat' dir='ltr'>ado-</span> 
     </span>
    </p>

    <p class='ocr_par' dir='ltr' id='par_1_10' title="bbox 137 3787 1777 3950">
     <span class='ocr_line' id='line_1_34' title="bbox 174 3787 1777 3860; baseline 0.001 -18"><span class='ocrx_word' id='word_1_383' title='bbox 174 3790 239 3842; x_wconf 74' lang='lat' dir='ltr'>Csr.</span> <span class='ocrx_word' id='word_1_384' title='bbox 247 3787 348 3842; x_wconf 83' lang='lat'>111.-·</span> <span class='ocrx_word' id='word_1_385' title='bbox 359 3789 476 3843; x_wconf 87' lang='lat' dir='ltr'>Factum</span> <span class='ocrx_word' id='word_1_386' title='bbox 484 3793 628 3843; x_wconf 85' lang='lat' dir='ltr'>astantem</span> <span class='ocrx_word' id='word_1_387' title='bbox 640 3794 767 3860; x_wconf 89' lang='lat' dir='ltr'>tempore</span> <span class='ocrx_word' id='word_1_388' title='bbox 777 3788 860 3858; x_wconf 87' lang='lat' dir='ltr'>longo</span> <span class='ocrx_word' id='word_1_389' title='bbox 872 3794 935 3859; x_wconf 89' lang='lat' dir='ltr'>post</span> <span class='ocrx_word' id='word_1_390' title='bbox 975 3790 1099 3844; x_wconf 83' lang='lat' dir='ltr'>ravimus</span> <span class='ocrx_word' id='word_1_391' title='bbox 1114 3788 1152 3843; x_wconf 92' lang='lat' dir='ltr'>ibi</span> <span class='ocrx_word' id='word_1_392' title='bbox 1162 3796 1205 3856; x_wconf 78' lang='lat' dir='ltr'>,et</span> <span class='ocrx_word' id='word_1_393' title='bbox 1219 3790 1248 3843; x_wconf 91' lang='lat' dir='ltr'>in</span> <span class='ocrx_word' id='word_1_394' title='bbox 1264 3790 1363 3843; x_wconf 90' lang='lat' dir='ltr'>codem</span> <span class='ocrx_word' id='word_1_395' title='bbox 1378 3790 1437 3843; x_wconf 92' lang='lat' dir='ltr'>loco</span> <span class='ocrx_word' id='word_1_396' title='bbox 1453 3788 1665 3852; x_wconf 90' lang='lat' dir='ltr'>manducantes,</span> <span class='ocrx_word' id='word_1_397' title='bbox 1682 3788 1777 3843; x_wconf 75' lang='lat' dir='ltr'>etlin-</span> 
     </span>
     <span class='ocr_line' id='line_1_35' title="bbox 137 3874 1774 3950; baseline 0.001 -21"><span class='ocrx_word' id='word_1_398' title='bbox 137 3875 278 3942; x_wconf 82' lang='lat' dir='ltr'>hmc,hora</span> <span class='ocrx_word' id='word_1_399' title='bbox 289 3892 363 3930; x_wconf 88' lang='lat' dir='ltr'>nona</span> <span class='ocrx_word' id='word_1_400' title='bbox 373 3875 494 3947; x_wconf 91' lang='lat' dir='ltr'>quadam</span> <span class='ocrx_word' id='word_1_401' title='bbox 514 3874 558 3929; x_wconf 93' lang='lat' dir='ltr'>die</span> <span class='ocrx_word' id='word_1_402' title='bbox 571 3877 669 3948; x_wconf 84' lang='lat' dir='ltr'>synaxi</span> <span class='ocrx_word' id='word_1_403' title='bbox 680 3876 790 3947; x_wconf 85' lang='lat' dir='ltr'>expleta</span> <span class='ocrx_word' id='word_1_404' title='bbox 802 3876 836 3946; x_wconf 75' lang='lat' dir='ltr'>ll)</span> <span class='ocrx_word' id='word_1_405' title='bbox 856 3894 933 3931; x_wconf 87' lang='lat' dir='ltr'>acce·</span> <span class='ocrx_word' id='word_1_406' title='bbox 975 3879 1052 3932; x_wconf 91' lang='lat' dir='ltr'>mino</span> <span class='ocrx_word' id='word_1_407' title='bbox 1066 3878 1300 3950; x_wconf 87' lang='lat' dir='ltr'>laudishymnum</span> <span class='ocrx_word' id='word_1_408' title='bbox 1315 3878 1474 3944; x_wconf 79' lang='lat' dir='ltr'>offerentes,</span> <span class='ocrx_word' id='word_1_409' title='bbox 1486 3876 1774 3931; x_wconf 87' lang='lat' dir='ltr'>mansimusdiesali-</span> 
     </span>
    </p>
   </div>
   <div class='ocr_carea' id='block_1_9' title="bbox 45 3956 1776 4038">
    <p class='ocr_par' dir='ltr' id='par_1_11' title="bbox 45 3956 1776 4038">
     <span class='ocr_line' id='line_1_36' title="bbox 45 3956 1776 4038; baseline 0.001 -21"><span class='ocrx_word' id='word_1_410' title='bbox 45 3956 52 3963; x_wconf 73' lang='grc'><em>’</em></span> <span class='ocrx_word' id='word_1_411' title='bbox 137 3963 236 4018; x_wconf 90' lang='lat' dir='ltr'>dentes</span> <span class='ocrx_word' id='word_1_412' title='bbox 248 3965 282 4019; x_wconf 88' lang='lat' dir='ltr'>ad</span> <span class='ocrx_word' id='word_1_413' title='bbox 299 3964 450 4035; x_wconf 89' lang='lat' dir='ltr'>Euphratis</span> <span class='ocrx_word' id='word_1_414' title='bbox 458 3963 583 4018; x_wconf 89' lang='lat' dir='ltr'>lluminis</span> <span class='ocrx_word' id='word_1_415' title='bbox 594 3963 682 4030; x_wconf 90' lang='lat' dir='ltr'>littus,</span> <span class='ocrx_word' id='word_1_416' title='bbox 693 3965 870 4020; x_wconf 88' lang='lat' dir='ltr'>consedimus</span> <span class='ocrx_word' id='word_1_417' title='bbox 883 3965 932 4031; x_wconf 93' lang='lat' dir='ltr'>ibi,</span> <span class='ocrx_word' id='word_1_418' title='bbox 975 3973 1052 4038; x_wconf 87' lang='lat' dir='ltr'>quot.</span> <span class='ocrx_word' id='word_1_419' title='bbox 1067 3967 1135 4022; x_wconf 91' lang='lat' dir='ltr'>Indo</span> <span class='ocrx_word' id='word_1_420' title='bbox 1149 3966 1265 4038; x_wconf 89' lang='lat' dir='ltr'>profecti</span> <span class='ocrx_word' id='word_1_421' title='bbox 1276 3972 1339 4037; x_wconf 83' lang='lat' dir='ltr'>post</span> <span class='ocrx_word' id='word_1_422' title='bbox 1349 3983 1458 4020; x_wconf 89' lang='lat' dir='ltr'>menses</span> <span class='ocrx_word' id='word_1_423' title='bbox 1474 3971 1604 4036; x_wconf 89' lang='lat' dir='ltr'>quatuor,</span> <span class='ocrx_word' id='word_1_424' title='bbox 1621 3964 1776 4035; x_wconf 80' lang='lat' dir='ltr'>pertransi·</span> 
     </span>
    </p>
   </div>
   <div class='ocr_carea' id='block_1_10' title="bbox 135 4052 1779 5460">
    <p class='ocr_par' dir='ltr' id='par_1_12' title="bbox 135 4052 1779 5460">
     <span class='ocr_line' id='line_1_37' title="bbox 137 4052 1772 4125; baseline 0.002 -19"><span class='ocrx_word' id='word_1_425' title='bbox 137 4052 299 4123; x_wconf 88' lang='lat' dir='ltr'>aliquandiu</span> <span class='ocrx_word' id='word_1_426' title='bbox 310 4053 384 4107; x_wconf 91' lang='lat' dir='ltr'>inter</span> <span class='ocrx_word' id='word_1_427' title='bbox 398 4070 448 4107; x_wconf 92' lang='lat' dir='ltr'>nos</span> <span class='ocrx_word' id='word_1_428' title='bbox 459 4053 493 4107; x_wconf 90' lang='lat' dir='ltr'>de</span> <span class='ocrx_word' id='word_1_429' title='bbox 505 4053 673 4108; x_wconf 88' lang='lat' dir='ltr'>sustinentia</span> <span class='ocrx_word' id='word_1_430' title='bbox 686 4059 715 4107; x_wconf 89' lang='lat' dir='ltr'>et</span> <span class='ocrx_word' id='word_1_431' title='bbox 723 4054 933 4110; x_wconf 84' lang='lat' dir='ltr'>conversatione</span> <span class='ocrx_word' id='word_1_432' title='bbox 973 4056 1064 4111; x_wconf 90' lang='lat' dir='ltr'>vimus</span> <span class='ocrx_word' id='word_1_433' title='bbox 1085 4055 1206 4110; x_wconf 90' lang='lat' dir='ltr'>Persidis</span> <span class='ocrx_word' id='word_1_434' title='bbox 1221 4056 1376 4125; x_wconf 84' lang='lat' dir='ltr'>regionem,</span> <span class='ocrx_word' id='word_1_435' title='bbox 1402 4060 1430 4109; x_wconf 90' lang='lat' dir='ltr'>et</span> <span class='ocrx_word' id='word_1_436' title='bbox 1444 4055 1530 4109; x_wconf 86' lang='lat' dir='ltr'>Indiae</span> <span class='ocrx_word' id='word_1_437' title='bbox 1553 4060 1658 4109; x_wconf 88' lang='lat' dir='ltr'>terram</span> <span class='ocrx_word' id='word_1_438' title='bbox 1673 4070 1772 4109; x_wconf 73' lang='lat' dir='ltr'>stamus</span> 
     </span>
     <span class='ocr_line' id='line_1_38' title="bbox 137 4138 1774 4217; baseline 0.001 -22"><span class='ocrx_word' id='word_1_439' title='bbox 137 4141 220 4196; x_wconf 92' lang='lat' dir='ltr'>simul</span> <span class='ocrx_word' id='word_1_440' title='bbox 236 4138 265 4196; x_wconf 79' lang='lat' dir='ltr'>bt</span> <span class='ocrx_word' id='word_1_441' title='bbox 278 4142 372 4196; x_wconf 87' lang='lat' dir='ltr'>labore</span> <span class='ocrx_word' id='word_1_442' title='bbox 383 4159 526 4196; x_wconf 89' lang='lat' dir='ltr'>servorum</span> <span class='ocrx_word' id='word_1_443' title='bbox 536 4142 587 4196; x_wconf 88' lang='lat' dir='ltr'>llei</span> <span class='ocrx_word' id='word_1_444' title='bbox 598 4142 773 4213; x_wconf 89' lang='lat' dir='ltr'>disputatum</span> <span class='ocrx_word' id='word_1_445' title='bbox 788 4149 839 4197; x_wconf 91' lang='lat' dir='ltr'>est.</span> <span class='ocrx_word' id='word_1_446' title='bbox 855 4143 933 4197; x_wconf 87' lang='lat' dir='ltr'>Tunc</span> <span class='ocrx_word' id='word_1_447' title='bbox 974 4146 1102 4217; x_wconf 88' lang='lat' dir='ltr'>ingressi.</span> <span class='ocrx_word' id='word_1_448' title='bbox 1119 4144 1311 4214; x_wconf 81' lang='lat' dir='ltr'>Ingredientes</span> <span class='ocrx_word' id='word_1_449' title='bbox 1330 4161 1394 4198; x_wconf 89' lang='lat' dir='ltr'>vero</span> <span class='ocrx_word' id='word_1_450' title='bbox 1412 4144 1526 4197; x_wconf 88' lang='lat' dir='ltr'>domum</span> <span class='ocrx_word' id='word_1_451' title='bbox 1547 4143 1699 4214; x_wconf 87' lang='lat' dir='ltr'>quamdam</span> <span class='ocrx_word' id='word_1_452' title='bbox 1716 4183 1723 4207; x_wconf 95' lang='lat'>,</span> <span class='ocrx_word' id='word_1_453' title='bbox 1744 4151 1774 4197; x_wconf 88' lang='lat' dir='ltr'>et</span> 
     </span>
     <span class='ocr_line' id='line_1_39' title="bbox 136 4229 1770 4302; baseline 0.001 -18"><span class='ocrx_word' id='word_1_454' title='bbox 136 4230 208 4284; x_wconf 89' lang='lat' dir='ltr'>mihi</span> <span class='ocrx_word' id='word_1_455' title='bbox 223 4231 325 4286; x_wconf 91' lang='lat' dir='ltr'>misero</span> <span class='ocrx_word' id='word_1_456' title='bbox 337 4231 492 4302; x_wconf 88' lang='lat' dir='ltr'>Theophilo</span> <span class='ocrx_word' id='word_1_457' title='bbox 507 4231 627 4286; x_wconf 91' lang='lat' dir='ltr'>venitin</span> <span class='ocrx_word' id='word_1_458' title='bbox 642 4238 766 4285; x_wconf 88' lang='lat' dir='ltr'>mentem</span> <span class='ocrx_word' id='word_1_459' title='bbox 781 4231 931 4302; x_wconf 85' lang='lat' dir='ltr'>cogitatio;</span> <span class='ocrx_word' id='word_1_460' title='bbox 974 4233 1116 4288; x_wconf 91' lang='lat' dir='ltr'>neminem</span> <span class='ocrx_word' id='word_1_461' title='bbox 1124 4231 1163 4284; x_wconf 93' lang='lat' dir='ltr'>ibi</span> <span class='ocrx_word' id='word_1_462' title='bbox 1177 4231 1363 4286; x_wconf 87' lang='lat' dir='ltr'>habitatorem</span> <span class='ocrx_word' id='word_1_463' title='bbox 1377 4231 1558 4302; x_wconf 69' lang='lat' dir='ltr'>reperientes</span> <span class='ocrx_word' id='word_1_464' title='bbox 1580 4229 1651 4284; x_wconf 91' lang='lat' dir='ltr'>duos</span> <span class='ocrx_word' id='word_1_465' title='bbox 1663 4229 1770 4285; x_wconf 86' lang='lat' dir='ltr'>ibidem</span> 
     </span>
     <span class='ocr_line' id='line_1_40' title="bbox 137 4318 1774 4422; baseline -0.001 -48"><span class='ocrx_word' id='word_1_466' title='bbox 137 4325 166 4375; x_wconf 88' lang='lat' dir='ltr'>ot</span> <span class='ocrx_word' id='word_1_467' title='bbox 174 4321 355 4392; x_wconf 89' lang='lat' dir='ltr'>respondens,</span> <span class='ocrx_word' id='word_1_468' title='bbox 371 4320 427 4374; x_wconf 81' lang='lat' dir='ltr'>dixi</span> <span class='ocrx_word' id='word_1_469' title='bbox 441 4320 576 4375; x_wconf 86' lang='lat' dir='ltr'>fratribus</span> <span class='ocrx_word' id='word_1_470' title='bbox 585 4320 656 4374; x_wconf 91' lang='lat' dir='ltr'>meis</span> <span class='ocrx_word' id='word_1_471' title='bbox 666 4321 764 4390; x_wconf 81' lang='lat' dir='ltr'>Sergio</span> <span class='ocrx_word' id='word_1_472' title='bbox 772 4324 801 4374; x_wconf 90' lang='lat' dir='ltr'>et</span> <span class='ocrx_word' id='word_1_473' title='bbox 809 4320 930 4392; x_wconf 68' lang='lat' dir='ltr'>Hygino:</span> <span class='ocrx_word' id='word_1_474' title='bbox 939 4365 964 4422; x_wconf 75' lang='lat' dir='ltr'>D</span> <span class='ocrx_word' id='word_1_475' title='bbox 973 4320 1165 4376; x_wconf 85' lang='lat' dir='ltr'>lecimusdies.</span> <span class='ocrx_word' id='word_1_476' title='bbox 1175 4320 1208 4374; x_wconf 88' lang='lat' dir='ltr'>Et</span> <span class='ocrx_word' id='word_1_477' title='bbox 1218 4336 1280 4374; x_wconf 88' lang='lat' dir='ltr'>ecce</span> <span class='ocrx_word' id='word_1_478' title='bbox 1287 4319 1371 4374; x_wconf 89' lang='lat' dir='ltr'>tertia</span> <span class='ocrx_word' id='word_1_479' title='bbox 1381 4325 1444 4391; x_wconf 92' lang='lat' dir='ltr'>post</span> <span class='ocrx_word' id='word_1_480' title='bbox 1453 4319 1511 4373; x_wconf 83' lang='lat' dir='ltr'>haec</span> <span class='ocrx_word' id='word_1_481' title='bbox 1520 4318 1774 4390; x_wconf 86' lang='lat' dir='ltr'>die,apparucrunt</span> 
     </span>
     <span class='ocr_line' id='line_1_41' title="bbox 135 4407 1775 4477; baseline -0.001 -14"><span class='ocrx_word' id='word_1_482' title='bbox 135 4409 214 4464; x_wconf 84' lang='lat' dir='ltr'>Velle</span> <span class='ocrx_word' id='word_1_483' title='bbox 228 4410 297 4464; x_wconf 86' lang='lat' dir='ltr'>mihi</span> <span class='ocrx_word' id='word_1_484' title='bbox 312 4410 401 4475; x_wconf 87' lang='lat' dir='ltr'>adest,</span> <span class='ocrx_word' id='word_1_485' title='bbox 417 4409 544 4465; x_wconf 86' lang='lat' dir='ltr'>ofratres</span> <span class='ocrx_word' id='word_1_486' title='bbox 553 4408 738 4475; x_wconf 86' lang='lat' dir='ltr'>dilectissimi,</span> <span class='ocrx_word' id='word_1_487' title='bbox 752 4410 860 4464; x_wconf 92' lang='lat' dir='ltr'>cunctis</span> <span class='ocrx_word' id='word_1_488' title='bbox 871 4409 932 4463; x_wconf 82' lang='lat' dir='ltr'>vitm</span> <span class='ocrx_word' id='word_1_489' title='bbox 975 4412 1155 4467; x_wconf 77' lang='lat' dir='ltr'>advenientes</span> <span class='ocrx_word' id='word_1_490' title='bbox 1168 4410 1224 4464; x_wconf 93' lang='lat' dir='ltr'>duo</span> <span class='ocrx_word' id='word_1_491' title='bbox 1239 4410 1349 4477; x_wconf 91' lang='lat' dir='ltr'>armati,</span> <span class='ocrx_word' id='word_1_492' title='bbox 1367 4410 1409 4463; x_wconf 94' lang='lat' dir='ltr'>vir</span> <span class='ocrx_word' id='word_1_493' title='bbox 1423 4415 1452 4463; x_wconf 87' lang='lat' dir='ltr'>et</span> <span class='ocrx_word' id='word_1_494' title='bbox 1461 4408 1576 4475; x_wconf 75' lang='lat' dir='ltr'>lomina,</span> <span class='ocrx_word' id='word_1_495' title='bbox 1588 4424 1640 4462; x_wconf 87' lang='lat' dir='ltr'>nos</span> <span class='ocrx_word' id='word_1_496' title='bbox 1649 4423 1717 4462; x_wconf 90' lang='lat' dir='ltr'>vero</span> <span class='ocrx_word' id='word_1_497' title='bbox 1730 4407 1775 4461; x_wconf 85' lang='lat' dir='ltr'>ni·</span> 
     </span>
     <span class='ocr_line' id='line_1_42' title="bbox 137 4495 1772 4569; baseline -0.001 -17"><span class='ocrx_word' id='word_1_498' title='bbox 137 4514 207 4553; x_wconf 91' lang='lat' dir='ltr'>meae</span> <span class='ocrx_word' id='word_1_499' title='bbox 221 4498 320 4554; x_wconf 90' lang='lat' dir='ltr'>diebus</span> <span class='ocrx_word' id='word_1_500' title='bbox 331 4497 597 4569; x_wconf 89' lang='lat' dir='ltr'>ambularo,illoque</span> <span class='ocrx_word' id='word_1_501' title='bbox 608 4497 659 4565; x_wconf 89' lang='lat' dir='ltr'>irc,</span> <span class='ocrx_word' id='word_1_502' title='bbox 676 4497 724 4551; x_wconf 91' lang='lat' dir='ltr'>ubi</span> <span class='ocrx_word' id='word_1_503' title='bbox 736 4499 838 4553; x_wconf 74' lang='lat' dir='ltr'>calum</span> <span class='ocrx_word' id='word_1_504' title='bbox 850 4503 934 4551; x_wconf 72' lang='lat' dir='ltr'>terrm</span> <span class='ocrx_word' id='word_1_505' title='bbox 975 4501 1032 4555; x_wconf 92' lang='lat' dir='ltr'>mio</span> <span class='ocrx_word' id='word_1_506' title='bbox 1047 4507 1153 4554; x_wconf 89' lang='lat' dir='ltr'>terrore</span> <span class='ocrx_word' id='word_1_507' title='bbox 1166 4498 1318 4569; x_wconf 85' lang='lat' dir='ltr'>perterriti,</span> <span class='ocrx_word' id='word_1_508' title='bbox 1335 4498 1517 4565; x_wconf 81' lang='lat' dir='ltr'>surreximus,</span> <span class='ocrx_word' id='word_1_509' title='bbox 1534 4497 1646 4568; x_wconf 91' lang='lat' dir='ltr'>illisque</span> <span class='ocrx_word' id='word_1_510' title='bbox 1660 4495 1772 4551; x_wconf 83' lang='lat' dir='ltr'>obviam</span> 
     </span>
     <span class='ocr_line' id='line_1_43' title="bbox 136 4585 1775 4663; baseline -0.004 -17"><span class='ocrx_word' id='word_1_511' title='bbox 136 4608 167 4646; x_wconf 90' lang='lat' dir='ltr'>se</span> <span class='ocrx_word' id='word_1_512' title='bbox 181 4593 327 4663; x_wconf 82' lang='lat' dir='ltr'>conjungit</span> <span class='ocrx_word' id='word_1_513' title='bbox 339 4592 383 4662; x_wconf 78' lang='lat'><strong>(5).</strong></span> <span class='ocrx_word' id='word_1_514' title='bbox 399 4591 500 4645; x_wconf 80' lang='lat' dir='ltr'>Atilii:</span> <span class='ocrx_word' id='word_1_515' title='bbox 522 4592 570 4658; x_wconf 85' lang='lat' dir='ltr'>Tc,</span> <span class='ocrx_word' id='word_1_516' title='bbox 587 4590 727 4662; x_wconf 86' lang='lat' dir='ltr'>inquiunt,</span> <span class='ocrx_word' id='word_1_517' title='bbox 742 4592 829 4646; x_wconf 86' lang='lat' dir='ltr'>trater</span> <span class='ocrx_word' id='word_1_518' title='bbox 842 4593 934 4647; x_wconf 89' lang='lat' dir='ltr'>Theo·</span> <span class='ocrx_word' id='word_1_519' title='bbox 975 4589 1016 4643; x_wconf 92' lang='lat' dir='ltr'>irc</span> <span class='ocrx_word' id='word_1_520' title='bbox 1030 4587 1253 4642; x_wconf 88' lang='lat' dir='ltr'>deliberavimus.</span> <span class='ocrx_word' id='word_1_521' title='bbox 1266 4587 1322 4658; x_wconf 91' lang='lat' dir='ltr'>Ipsi</span> <span class='ocrx_word' id='word_1_522' title='bbox 1329 4593 1423 4640; x_wconf 89' lang='lat' dir='ltr'>autem</span> <span class='ocrx_word' id='word_1_523' title='bbox 1436 4602 1487 4640; x_wconf 91' lang='lat' dir='ltr'>nos</span> <span class='ocrx_word' id='word_1_524' title='bbox 1503 4585 1639 4651; x_wconf 89' lang='lat' dir='ltr'>videntes,</span> <span class='ocrx_word' id='word_1_525' title='bbox 1647 4585 1735 4639; x_wconf 86' lang='lat' dir='ltr'>simul</span> <span class='ocrx_word' id='word_1_526' title='bbox 1744 4590 1775 4641; x_wconf 90' lang='lat' dir='ltr'>et</span> 
     </span>
     <span class='ocr_line' id='line_1_44' title="bbox 137 4674 1776 4752; baseline -0.004 -18"><span class='ocrx_word' id='word_1_527' title='bbox 137 4680 222 4752; x_wconf 90' lang='lat' dir='ltr'>phile,</span> <span class='ocrx_word' id='word_1_528' title='bbox 244 4688 277 4736; x_wconf 92' lang='lat' dir='ltr'>ut</span> <span class='ocrx_word' id='word_1_529' title='bbox 291 4681 407 4736; x_wconf 86' lang='lat' dir='ltr'>fratrem</span> <span class='ocrx_word' id='word_1_530' title='bbox 421 4679 580 4751; x_wconf 87' lang='lat' dir='ltr'>spiritalem</span> <span class='ocrx_word' id='word_1_531' title='bbox 594 4696 707 4751; x_wconf 90' lang='lat' dir='ltr'>semper</span> <span class='ocrx_word' id='word_1_532' title='bbox 716 4679 886 4748; x_wconf 87' lang='lat' dir='ltr'>habuimus,</span> <span class='ocrx_word' id='word_1_533' title='bbox 904 4687 933 4736; x_wconf 93' lang='lat' dir='ltr'>ct</span> <span class='ocrx_word' id='word_1_534' title='bbox 972 4680 1161 4750; x_wconf 83' lang='lat' dir='ltr'>exploratores</span> <span class='ocrx_word' id='word_1_535' title='bbox 1184 4693 1244 4731; x_wconf 88' lang='lat' dir='ltr'>esse</span> <span class='ocrx_word' id='word_1_536' title='bbox 1271 4676 1440 4741; x_wconf 89' lang='lat' dir='ltr'>credentes,</span> <span class='ocrx_word' id='word_1_537' title='bbox 1471 4674 1577 4729; x_wconf 85' lang='lat' dir='ltr'>concito</span> <span class='ocrx_word' id='word_1_538' title='bbox 1602 4674 1695 4743; x_wconf 83' lang='lat' dir='ltr'>gradu</span> <span class='ocrx_word' id='word_1_539' title='bbox 1723 4690 1776 4746; x_wconf 85' lang='lat' dir='ltr'>per</span> 
     </span>
     <span class='ocr_line' id='line_1_45' title="bbox 137 4763 1775 4839; baseline -0.003 -16"><span class='ocrx_word' id='word_1_540' title='bbox 137 4769 270 4839; x_wconf 87' lang='lat' dir='ltr'>priorem,</span> <span class='ocrx_word' id='word_1_541' title='bbox 280 4775 309 4824; x_wconf 87' lang='lat' dir='ltr'>et</span> <span class='ocrx_word' id='word_1_542' title='bbox 318 4770 418 4824; x_wconf 89' lang='lat' dir='ltr'>amodo</span> <span class='ocrx_word' id='word_1_543' title='bbox 428 4768 590 4824; x_wconf 87' lang='lat' dir='ltr'>nullatenus</span> <span class='ocrx_word' id='word_1_544' title='bbox 603 4786 621 4822; x_wconf 91' lang='lat' dir='ltr'>a</span> <span class='ocrx_word' id='word_1_545' title='bbox 633 4773 660 4822; x_wconf 93' lang='lat' dir='ltr'>te</span> <span class='ocrx_word' id='word_1_546' title='bbox 671 4768 874 4839; x_wconf 74' lang='lat' dir='ltr'>separabimur3</span> <span class='ocrx_word' id='word_1_547' title='bbox 885 4786 934 4824; x_wconf 93' lang='lat' dir='ltr'>no-</span> <span class='ocrx_word' id='word_1_548' title='bbox 972 4768 1046 4822; x_wconf 90' lang='lat' dir='ltr'>viam</span> <span class='ocrx_word' id='word_1_549' title='bbox 1059 4783 1115 4837; x_wconf 86' lang='lat' dir='ltr'>qua</span> <span class='ocrx_word' id='word_1_550' title='bbox 1128 4770 1263 4820; x_wconf 89' lang='lat' dir='ltr'>venerant</span> <span class='ocrx_word' id='word_1_551' title='bbox 1278 4764 1433 4831; x_wconf 76' lang='lat' dir='ltr'>redierunt,</span> <span class='ocrx_word' id='word_1_552' title='bbox 1447 4769 1475 4818; x_wconf 91' lang='lat' dir='ltr'>et</span> <span class='ocrx_word' id='word_1_553' title='bbox 1489 4769 1552 4835; x_wconf 90' lang='lat' dir='ltr'>post</span> <span class='ocrx_word' id='word_1_554' title='bbox 1563 4763 1775 4835; x_wconf 87' lang='lat' dir='ltr'>aliquantulum</span> 
     </span>
     <span class='ocr_line' id='line_1_46' title="bbox 136 4852 1776 4929; baseline -0.001 -19"><span class='ocrx_word' id='word_1_555' title='bbox 136 4855 179 4910; x_wconf 92' lang='lat' dir='ltr'>bis</span> <span class='ocrx_word' id='word_1_556' title='bbox 193 4857 269 4911; x_wconf 89' lang='lat' dir='ltr'>enim</span> <span class='ocrx_word' id='word_1_557' title='bbox 280 4858 364 4911; x_wconf 89' lang='lat' dir='ltr'>verba</span> <span class='ocrx_word' id='word_1_558' title='bbox 377 4864 428 4915; x_wconf 88' lang='lat' dir='ltr'>tua</span> <span class='ocrx_word' id='word_1_559' title='bbox 441 4858 568 4929; x_wconf 89' lang='lat' dir='ltr'>placent:</span> <span class='ocrx_word' id='word_1_560' title='bbox 586 4857 698 4923; x_wconf 88' lang='lat' dir='ltr'>idcirce,</span> <span class='ocrx_word' id='word_1_561' title='bbox 710 4856 846 4912; x_wconf 89' lang='lat' dir='ltr'>ubicorde</span> <span class='ocrx_word' id='word_1_562' title='bbox 866 4875 932 4913; x_wconf 89' lang='lat' dir='ltr'>con·</span> <span class='ocrx_word' id='word_1_563' title='bbox 974 4856 1182 4928; x_wconf 68' lang='lat' dir='ltr'>congreganda</span> <span class='ocrx_word' id='word_1_564' title='bbox 1190 4855 1248 4910; x_wconf 91' lang='lat' dir='ltr'>suis</span> <span class='ocrx_word' id='word_1_565' title='bbox 1256 4855 1335 4927; x_wconf 91' lang='lat' dir='ltr'>quasi</span> <span class='ocrx_word' id='word_1_566' title='bbox 1342 4855 1396 4908; x_wconf 90' lang='lat' dir='ltr'>tria</span> <span class='ocrx_word' id='word_1_567' title='bbox 1405 4852 1639 4923; x_wconf 86' lang='lat' dir='ltr'>milliaAEthiopes</span> <span class='ocrx_word' id='word_1_568' title='bbox 1649 4853 1776 4909; x_wconf 85' lang='lat' dir='ltr'>advene-</span> 
     </span>
     <span class='ocr_line' id='line_1_47' title="bbox 138 4943 1775 5017; baseline -0.002 -19"><span class='ocrx_word' id='word_1_569' title='bbox 138 4945 245 5017; x_wconf 83' lang='lat' dir='ltr'>ccpisti,</span> <span class='ocrx_word' id='word_1_570' title='bbox 261 4962 355 5016; x_wconf 78' lang='lat' dir='ltr'>perge3</span> <span class='ocrx_word' id='word_1_571' title='bbox 368 4951 396 5000; x_wconf 91' lang='lat' dir='ltr'>et</span> <span class='ocrx_word' id='word_1_572' title='bbox 406 4964 457 5001; x_wconf 89' lang='lat' dir='ltr'>nos</span> <span class='ocrx_word' id='word_1_573' title='bbox 468 4947 497 5001; x_wconf 95' lang='lat' dir='ltr'>in</span> <span class='ocrx_word' id='word_1_574' title='bbox 507 4946 564 5001; x_wconf 87' lang='lat' dir='ltr'>vita</span> <span class='ocrx_word' id='word_1_575' title='bbox 576 4952 604 5001; x_wconf 89' lang='lat' dir='ltr'>et</span> <span class='ocrx_word' id='word_1_576' title='bbox 613 4952 703 5000; x_wconf 90' lang='lat' dir='ltr'>morte</span> <span class='ocrx_word' id='word_1_577' title='bbox 711 4952 805 5000; x_wconf 88' lang='lat' dir='ltr'>tecum</span> <span class='ocrx_word' id='word_1_578' title='bbox 817 4946 930 5002; x_wconf 73' lang='lat' dir='ltr'>eminus.</span> <span class='ocrx_word' id='word_1_579' title='bbox 973 4947 1110 5015; x_wconf 57' lang='lat' dir='ltr'>runt.,Qui</span> <span class='ocrx_word' id='word_1_580' title='bbox 1118 4946 1284 5000; x_wconf 82' lang='lat' dir='ltr'>festinanter</span> <span class='ocrx_word' id='word_1_581' title='bbox 1291 4943 1448 5009; x_wconf 88' lang='lat' dir='ltr'>domum,in</span> <span class='ocrx_word' id='word_1_582' title='bbox 1458 4959 1514 5014; x_wconf 90' lang='lat' dir='ltr'>qua</span> <span class='ocrx_word' id='word_1_583' title='bbox 1523 4958 1637 4996; x_wconf 90' lang='lat' dir='ltr'>eramus</span> <span class='ocrx_word' id='word_1_584' title='bbox 1647 4947 1775 5009; x_wconf 86' lang='lat' dir='ltr'>orantes,</span> 
     </span>
     <span class='ocr_line' id='line_1_48' title="bbox 138 5030 1777 5104; baseline -0.002 -15"><span class='ocrx_word' id='word_1_585' title='bbox 138 5034 237 5103; x_wconf 83' lang='lat' dir='ltr'>ltaque</span> <span class='ocrx_word' id='word_1_586' title='bbox 246 5040 393 5104; x_wconf 85' lang='lat' dir='ltr'>surgentes</span> <span class='ocrx_word' id='word_1_587' title='bbox 403 5035 515 5103; x_wconf 88' lang='lat' dir='ltr'>deloco,</span> <span class='ocrx_word' id='word_1_588' title='bbox 527 5035 695 5090; x_wconf 87' lang='lat' dir='ltr'>intravimus</span> <span class='ocrx_word' id='word_1_589' title='bbox 708 5035 929 5090; x_wconf 88' lang='lat' dir='ltr'>monasterium:</span> <span class='ocrx_word' id='word_1_590' title='bbox 973 5037 1044 5090; x_wconf 90' lang='lat' dir='ltr'>vallo</span> <span class='ocrx_word' id='word_1_591' title='bbox 1057 5036 1271 5099; x_wconf 84' lang='lat' dir='ltr'>circumdantes,</span> <span class='ocrx_word' id='word_1_592' title='bbox 1287 5050 1394 5104; x_wconf 92' lang='lat' dir='ltr'>nosque</span> <span class='ocrx_word' id='word_1_593' title='bbox 1412 5032 1505 5087; x_wconf 88' lang='lat' dir='ltr'>cuncti</span> <span class='ocrx_word' id='word_1_594' title='bbox 1522 5030 1704 5102; x_wconf 87' lang='lat' dir='ltr'>aspicientes,</span> <span class='ocrx_word' id='word_1_595' title='bbox 1723 5047 1777 5103; x_wconf 86' lang='lat' dir='ltr'>per</span> 
     </span>
     <span class='ocr_line' id='line_1_49' title="bbox 137 5120 1776 5197; baseline -0.001 -21"><span class='ocrx_word' id='word_1_596' title='bbox 137 5120 267 5192; x_wconf 83' lang='lat' dir='ltr'>iactaque</span> <span class='ocrx_word' id='word_1_597' title='bbox 289 5140 412 5195; x_wconf 88' lang='lat' dir='ltr'>vespera,</span> <span class='ocrx_word' id='word_1_598' title='bbox 430 5125 563 5195; x_wconf 90' lang='lat' dir='ltr'>omnique</span> <span class='ocrx_word' id='word_1_599' title='bbox 588 5123 683 5179; x_wconf 90' lang='lat' dir='ltr'>diurni</span> <span class='ocrx_word' id='word_1_600' title='bbox 704 5124 786 5177; x_wconf 84' lang='lat' dir='ltr'>olsvcii</span> <span class='ocrx_word' id='word_1_601' title='bbox 806 5125 932 5179; x_wconf 88' lang='lat' dir='ltr'>oratione</span> <span class='ocrx_word' id='word_1_602' title='bbox 974 5134 1095 5197; x_wconf 87' lang='lat' dir='ltr'>quatuor</span> <span class='ocrx_word' id='word_1_603' title='bbox 1108 5124 1234 5194; x_wconf 88' lang='lat' dir='ltr'>ejusdem</span> <span class='ocrx_word' id='word_1_604' title='bbox 1256 5122 1354 5177; x_wconf 88' lang='lat' dir='ltr'>domus</span> <span class='ocrx_word' id='word_1_605' title='bbox 1370 5122 1488 5192; x_wconf 86' lang='lat' dir='ltr'>angulos</span> <span class='ocrx_word' id='word_1_606' title='bbox 1513 5120 1608 5190; x_wconf 80' lang='lat' dir='ltr'>ignem</span> <span class='ocrx_word' id='word_1_607' title='bbox 1626 5120 1776 5190; x_wconf 86' lang='lat' dir='ltr'>copiosum</span> 
     </span>
     <span class='ocr_line' id='line_1_50' title="bbox 135 5208 1779 5285; baseline -0.002 -19"><span class='ocrx_word' id='word_1_608' title='bbox 135 5210 284 5281; x_wconf 87' lang='lat' dir='ltr'>completa,</span> <span class='ocrx_word' id='word_1_609' title='bbox 308 5213 416 5266; x_wconf 84' lang='lat' dir='ltr'>caetcris</span> <span class='ocrx_word' id='word_1_610' title='bbox 440 5212 646 5283; x_wconf 84' lang='lat' dir='ltr'>quiescentibus</span> <span class='ocrx_word' id='word_1_611' title='bbox 669 5212 741 5266; x_wconf 90' lang='lat' dir='ltr'>clam</span> <span class='ocrx_word' id='word_1_612' title='bbox 762 5213 932 5268; x_wconf 87' lang='lat' dir='ltr'>monasterio</span> <span class='ocrx_word' id='word_1_613' title='bbox 973 5215 1177 5285; x_wconf 88' lang='lat' dir='ltr'>applicuerunt,</span> <span class='ocrx_word' id='word_1_614' title='bbox 1190 5212 1264 5265; x_wconf 90' lang='lat' dir='ltr'>vivos</span> <span class='ocrx_word' id='word_1_615' title='bbox 1279 5227 1464 5265; x_wconf 88' lang='lat' dir='ltr'>noscremare</span> <span class='ocrx_word' id='word_1_616' title='bbox 1476 5209 1609 5264; x_wconf 90' lang='lat' dir='ltr'>nitentes.</span> <span class='ocrx_word' id='word_1_617' title='bbox 1625 5208 1709 5272; x_wconf 85' lang='lat' dir='ltr'>Quod</span> <span class='ocrx_word' id='word_1_618' title='bbox 1723 5224 1779 5263; x_wconf 83' lang='lat' dir='ltr'>nos</span> 
     </span>
     <span class='ocr_line' id='line_1_51' title="bbox 137 5290 1778 5373; baseline -0.003 -19"><span class='ocrx_word' id='word_1_619' title='bbox 137 5299 241 5370; x_wconf 77' lang='lat' dir='ltr'>egressi</span> <span class='ocrx_word' id='word_1_620' title='bbox 252 5315 358 5353; x_wconf 90' lang='lat' dir='ltr'>sumus.</span> <span class='ocrx_word' id='word_1_621' title='bbox 370 5301 439 5354; x_wconf 91' lang='lat' dir='ltr'>Post</span> <span class='ocrx_word' id='word_1_622' title='bbox 452 5300 510 5354; x_wconf 80' lang='lat' dir='ltr'>haec</span> <span class='ocrx_word' id='word_1_623' title='bbox 523 5317 588 5355; x_wconf 88' lang='lat' dir='ltr'>vero</span> <span class='ocrx_word' id='word_1_624' title='bbox 600 5301 696 5356; x_wconf 82' lang='lat' dir='ltr'>decern</span> <span class='ocrx_word' id='word_1_625' title='bbox 709 5307 738 5354; x_wconf 89' lang='lat' dir='ltr'>et</span> <span class='ocrx_word' id='word_1_626' title='bbox 750 5306 858 5372; x_wconf 89' lang='lat' dir='ltr'>septem</span> <span class='ocrx_word' id='word_1_627' title='bbox 874 5301 933 5357; x_wconf 90' lang='lat' dir='ltr'>dies</span> <span class='ocrx_word' id='word_1_628' title='bbox 973 5308 1006 5357; x_wconf 93' lang='lat' dir='ltr'>ut</span> <span class='ocrx_word' id='word_1_629' title='bbox 1024 5290 1192 5373; x_wconf 83' lang='lat' dir='ltr'>aspeximus,</span> <span class='ocrx_word' id='word_1_630' title='bbox 1218 5300 1319 5354; x_wconf 90' lang='lat' dir='ltr'>timore</span> <span class='ocrx_word' id='word_1_631' title='bbox 1346 5299 1436 5354; x_wconf 87' lang='lat' dir='ltr'>valido</span> <span class='ocrx_word' id='word_1_632' title='bbox 1464 5296 1612 5361; x_wconf 84' lang='lat' dir='ltr'>exterriti,</span> <span class='ocrx_word' id='word_1_633' title='bbox 1627 5296 1778 5350; x_wconf 87' lang='lat' dir='ltr'>Christum</span> 
     </span>
     <span class='ocr_line' id='line_1_52' title="bbox 136 5384 1779 5460; baseline -0.002 -17"><span class='ocrx_word' id='word_1_634' title='bbox 136 5387 322 5455; x_wconf 85' lang='lat' dir='ltr'>ambulantes,</span> <span class='ocrx_word' id='word_1_635' title='bbox 335 5389 530 5459; x_wconf 83' lang='lat' dir='ltr'>conjunximus</span> <span class='ocrx_word' id='word_1_636' title='bbox 540 5389 696 5443; x_wconf 90' lang='lat' dir='ltr'>Jerusalem</span> <span class='ocrx_word' id='word_1_637' title='bbox 709 5388 754 5460; x_wconf 78' lang='lat' dir='ltr'>lli),</span> <span class='ocrx_word' id='word_1_638' title='bbox 769 5395 931 5446; x_wconf 86' lang='lat' dir='ltr'>etsanctam</span> <span class='ocrx_word' id='word_1_639' title='bbox 972 5391 1099 5446; x_wconf 89' lang='lat' dir='ltr'>omnium</span> <span class='ocrx_word' id='word_1_640' title='bbox 1122 5390 1295 5446; x_wconf 83' lang='lat' dir='ltr'>salvatorem</span> <span class='ocrx_word' id='word_1_641' title='bbox 1321 5387 1520 5452; x_wconf 88' lang='lat' dir='ltr'>invocavimus,</span> <span class='ocrx_word' id='word_1_642' title='bbox 1545 5391 1575 5439; x_wconf 89' lang='lat' dir='ltr'>et</span> <span class='ocrx_word' id='word_1_643' title='bbox 1591 5385 1621 5438; x_wconf 91' lang='lat' dir='ltr'>in</span> <span class='ocrx_word' id='word_1_644' title='bbox 1647 5384 1779 5440; x_wconf 77' lang='lat' dir='ltr'>inedium</span> 
     </span>
    </p>
   </div>
   <div class='ocr_carea' id='block_1_11' title="bbox 136 5473 1780 5549">
    <p class='ocr_par' dir='ltr' id='par_1_13' title="bbox 136 5473 1780 5549">
     <span class='ocr_line' id='line_1_53' title="bbox 136 5473 1780 5549; baseline -0.001 -17"><span class='ocrx_word' id='word_1_645' title='bbox 136 5476 371 5532; x_wconf 87' lang='lat' dir='ltr'>resurrectionem</span> <span class='ocrx_word' id='word_1_646' title='bbox 382 5478 449 5532; x_wconf 90' lang='lat' dir='ltr'>Jesu</span> <span class='ocrx_word' id='word_1_647' title='bbox 459 5476 563 5531; x_wconf 85' lang='lat' dir='ltr'>Christi</span> <span class='ocrx_word' id='word_1_648' title='bbox 577 5482 606 5531; x_wconf 89' lang='lat' dir='ltr'>et</span> <span class='ocrx_word' id='word_1_649' title='bbox 620 5493 731 5532; x_wconf 89' lang='lat' dir='ltr'>crucem</span> <span class='ocrx_word' id='word_1_650' title='bbox 742 5478 931 5535; x_wconf 88' lang='lat' dir='ltr'>adoravimus.</span> <span class='ocrx_word' id='word_1_651' title='bbox 973 5480 1086 5534; x_wconf 90' lang='lat' dir='ltr'>illorum</span> <span class='ocrx_word' id='word_1_652' title='bbox 1100 5476 1297 5549; x_wconf 82' lang='lat' dir='ltr'>prosilivimus.</span> <span class='ocrx_word' id='word_1_653' title='bbox 1309 5476 1387 5530; x_wconf 86' lang='lat' dir='ltr'>Tunc</span> <span class='ocrx_word' id='word_1_654' title='bbox 1401 5475 1454 5547; x_wconf 90' lang='lat' dir='ltr'>ipsi</span> <span class='ocrx_word' id='word_1_655' title='bbox 1464 5475 1561 5545; x_wconf 85' lang='lat' dir='ltr'>lingua</span> <span class='ocrx_word' id='word_1_656' title='bbox 1576 5488 1629 5527; x_wconf 88' lang='lat' dir='ltr'>sua</span> <span class='ocrx_word' id='word_1_657' title='bbox 1651 5473 1780 5533; x_wconf 82' lang='lat' dir='ltr'>multum</span> 
     </span>
    </p>
   </div>
   <div class='ocr_carea' id='block_1_12' title="bbox 174 5617 1428 5695">
    <p class='ocr_par' dir='ltr' id='par_1_14' title="bbox 174 5617 1428 5695">
     <span class='ocr_line' id='line_1_54' title="bbox 174 5617 1428 5695; baseline -0.005 -19"><span class='ocrx_word' id='word_1_658' title='bbox 174 5618 348 5695; x_wconf 76' lang='lat' dir='ltr'>&#39;Sequentia</span> <span class='ocrx_word' id='word_1_659' title='bbox 358 5619 462 5678; x_wconf 87' lang='lat' dir='ltr'>desunt</span> <span class='ocrx_word' id='word_1_660' title='bbox 472 5619 503 5675; x_wconf 90' lang='lat' dir='ltr'>in</span> <span class='ocrx_word' id='word_1_661' title='bbox 518 5618 641 5689; x_wconf 79' lang='lat' dir='ltr'>Mennis,</span> <span class='ocrx_word' id='word_1_662' title='bbox 656 5625 685 5675; x_wconf 88' lang='lat' dir='ltr'>et</span> <span class='ocrx_word' id='word_1_663' title='bbox 697 5637 715 5676; x_wconf 87' lang='lat' dir='ltr'>a</span> <span class='ocrx_word' id='word_1_664' title='bbox 728 5621 795 5677; x_wconf 88' lang='lat' dir='ltr'>viris</span> <span class='ocrx_word' id='word_1_665' title='bbox 810 5622 978 5694; x_wconf 85' lang='lat' dir='ltr'>quibusdam</span> <span class='ocrx_word' id='word_1_666' title='bbox 995 5621 1085 5680; x_wconf 90' lang='lat' dir='ltr'>doctis</span> <span class='ocrx_word' id='word_1_667' title='bbox 1098 5624 1248 5677; x_wconf 89' lang='lat' dir='ltr'>censentur</span> <span class='ocrx_word' id='word_1_668' title='bbox 1259 5617 1428 5690; x_wconf 86' lang='lat' dir='ltr'>apocrypha.</span> 
     </span>
    </p>
   </div>
   <div class='ocr_carea' id='block_1_13' title="bbox 0 0 1925 6116">
    <p class='ocr_par' dir='ltr' id='par_1_15' title="bbox 0 0 1925 6116">
     <span class='ocr_line' id='line_1_55' title="bbox 0 0 1925 6116; baseline 0 0"><span class='ocrx_word' id='word_1_669' title='bbox 0 0 1925 6116; x_wconf 95' lang='lat' dir='ltr'> </span> 
     </span>
    </p>
   </div>
  </div>
 </body>
</html>
