3818 6120
128 277 199 341 nsi
328 255 331 259 ’
632 284 648 295 ·
757 278 932 337 ineman
949 276 1139 336 mussans.
1696 274 1764 341 isse

126 409 304 482 propulsare.
320 407 450 464 contrito
465 406 541 463 enim
554 408 647 480 capite
661 410 810 481 serpentis,
834 413 927 465 totum
935 406 1029 470 Aliae
1035 410 1198 463 narrantem
1206 404 1688 470 audirimusetreddentemcausam
1694 409 1767 480 prio·

127 514 229 571 corpus
246 503 290 554 est
300 503 454 555 mortuum.
464 497 630 553 Jubetenim
645 499 781 555 Dominus
789 504 823 554 ut
832 498 930 554 obser·
969 498 1009 553 ris
1022 496 1216 569 ignorationis.
1228 497 1301 550 Nam
1311 495 1409 550 berem
1418 495 1542 566 quidem,
1552 496 1655 561 aiebat,
1664 498 1766 554 indeos

126 605 225 644 remus
240 594 325 660 rapat
335 588 473 659 serpentis
483 601 489 636 τ
500 588 529 642 id
542 594 694 651 autemest,
706 605 742 644 ne
752 588 781 644 in
791 589 928 660 principio
970 587 1129 642 referebant
1140 587 1261 657 gentiles
1271 585 1318 656 qui
1335 585 1413 656 prius
1428 585 1502 657 apud
1517 602 1568 642 nos
1589 585 1764 656 babitabant,

126 678 313 733 admittamus
325 678 413 732 malas
423 683 452 732 et
464 683 561 749 turpes
570 678 765 748 cogitationes.
776 679 928 733 nansolum
970 676 1103 748 quoniam
1114 676 1264 747 peripsum
1274 680 1436 730 exercentes
1446 674 1767 745 agriculturamrictum

127 772 159 821 ut
175 766 320 822 obscaenas
336 767 423 821 animi
439 768 528 821 nostri
540 768 702 838 phantasias
712 768 856 822 deleamus
868 786 874 821 :
886 783 930 822 co-
970 765 1022 821 sibi
1038 765 1193 837 parabant:
1209 780 1312 836 aquam
1327 771 1421 820 autem
1437 765 1503 827 Nili,
1520 765 1653 836 quoniam
1667 768 1768 839 irrigat

127 857 191 910 nari
205 861 302 911 autem
316 873 367 910 nos
382 856 499 910 invicem
510 872 644 927 supemre
663 856 823 920 virtutibus,
847 863 877 911 et
894 873 930 911 ne
970 872 1068 910 omnes
1078 870 1161 926 agros
1173 874 1180 922 3
1191 861 1414 925 terramquoque
1425 853 1561 918 colebant,
1574 860 1606 910 ut
1621 872 1682 927 quae
1693 865 1767 914 asset

127 947 191 1017 quis
201 946 231 1000 in
247 946 291 1001 his
306 944 435 999 laudibus
443 946 532 999 altero
544 945 672 1000 rideatur
682 946 806 1000 interior.
817 946 875 1000 lloc
882 962 930 1000 au·
970 944 1032 998 aliie
1047 945 1177 999 omnibus
1192 942 1354 1013 regionibus
1367 941 1495 997 fertilior.
1519 941 1654 1014 Reliquas
1671 951 1767 1003 autem

126 1042 195 1101 tem,
208 1035 311 1106 inquit,
328 1034 365 1087 sit
377 1033 454 1088 robis
467 1040 666 1105 argumentum
684 1035 825 1105 prolectas
840 1035 930 1089 rirtu-
971 1033 1204 1099 abominationes,
1217 1050 1300 1087 canes
1311 1039 1339 1087 et
1348 1032 1454 1096 simius,
1467 1038 1496 1088 et
1505 1034 1643 1105 reliquam
1653 1053 1767 1095 omnem

127 1132 200 1187 tum,
216 1124 329 1194 quando
343 1123 454 1178 tuentis
468 1124 548 1178 vacui
563 1123 757 1178 allectionibus
773 1129 802 1178 et
821 1124 930 1195 appeti·
972 1125 1159 1180 aninrantium
1173 1131 1201 1179 et
1214 1126 1321 1180 olerum
1336 1123 1466 1179 colebant
1478 1125 1690 1196 turpitudinem,
1700 1144 1771 1200 qua3

127 1212 263 1277 tionibus,
279 1213 338 1267 hac
353 1211 431 1267 enirn
449 1218 516 1267 sunt
539 1212 642 1267 Christi
661 1212 800 1267 donorum
825 1213 932 1284 princi·
972 1220 1055 1270 tenue
1065 1230 1162 1268 aarum
1171 1213 1299 1269 ususfuit
1306 1213 1458 1268 abscessio
1469 1214 1577 1282 salutis,
1586 1216 1767 1288 quitempore

128 1301 217 1373 pium.
236 1301 355 1366 Quando
369 1305 466 1355 autern
478 1318 496 1355 a
510 1303 568 1356 Deo
579 1301 710 1357 habuerit
723 1302 826 1374 aliquis
839 1308 931 1357 osten·
971 1304 1127 1358 Pharaonis
1144 1304 1273 1358 homines
1288 1307 1437 1374 occupatos
1459 1303 1560 1369 tenuit,
1585 1305 1696 1375 quando
1719 1305 1768 1359 ille

128 1391 237 1446 monem
253 1390 464 1456 miraculorum,
481 1407 517 1445 ne
531 1391 649 1445 nimium
662 1392 930 1464 intumescat,quasi
971 1392 1105 1447 lsraelem
1119 1409 1299 1464 persequens,
1322 1392 1484 1447 submersus
1501 1397 1553 1448 est.
1570 1393 1769 1466 Unusquisque

127 1480 302 1535 sufficienter
311 1479 460 1551 profecerit
470 1496 520 1534 nee
533 1481 666 1535 efferatur
676 1481 857 1552 cogitatione,
869 1487 930 1535 tan-
971 1482 1046 1535 enirn
1059 1482 1127 1536 idin
1144 1483 1433 1553 quoluitoccupatus,
1447 1499 1510 1536 cum
1521 1482 1698 1538 Pharaonem
1712 1499 1769 1540 non
1824 1516 1826 1520 -

128 1585 214 1640 quam
225 1569 263 1623 sit
270 1570 330 1639 jum
344 1569 433 1639 magis
447 1569 765 1641 honoratusquamalii,
784 1586 875 1641 neque
899 1575 932 1624 ut
971 1576 1046 1625 esset
1059 1575 1181 1635 secutus,
1197 1571 1249 1625 hoc
1272 1576 1365 1637 uo
1378 1571 1408 1625 in
1428 1572 1495 1626 deos
1519 1572 1625 1639 retulit,
1655 1572 1768 1629 diceus:

128 1663 278 1713 ostentans
287 1658 362 1728 quod
373 1658 459 1713 talem
468 1658 589 1729 gratiam
598 1659 738 1730 acceperit
746 1678 754 1730 ;
770 1660 815 1715 sin
825 1660 928 1725 minus,
972 1659 1164 1715 llooluitmihi
1171 1660 1331 1715 deusbodia
1341 1677 1392 1732 per
1399 1661 1474 1732 quod
1484 1660 1612 1717 ellectum
1623 1666 1668 1717 eat
1676 1667 1769 1718 utnon

127 1747 253 1818 seipsum
268 1747 373 1818 decipit
383 1754 477 1802 niente
492 1753 591 1818 captus
605 1753 635 1802 et
647 1746 738 1819 gratia
750 1747 927 1803 multabitur.
937 1766 961 1826 B
972 1749 1095 1820 perirem
1109 1766 1167 1804 una
1181 1766 1245 1804 eum
1259 1751 1416 1805 Pharaone.
1431 1749 1613 1822 llaecquidem
1624 1751 1770 1809 inserme-

71 1866 80 1883 =
129 1834 237 1891 Habuit
246 1853 313 1907 ergo
322 1837 534 1907 liancmagnam
542 1838 698 1892 doctrinam
706 1837 928 1906 insermonibus,
972 1838 1286 1894 nibushabuitsanetus
1301 1839 1410 1911 Apollo.

129 1942 216 1996 quam
225 1942 276 1980 nos
285 1942 397 1997 quoque
406 1943 480 1997 saepe
490 1931 588 1998 postea
597 1927 632 1980 ab
646 1927 707 1998 ipso
718 1927 889 1981 audirimus:
902 1927 932 1983 in

129 2014 262 2086 operibus
276 2020 372 2070 autern
384 2015 524 2070 alliciebat
533 2017 651 2086 majora,
664 2015 756 2071 omnis
768 2016 843 2070 enim
858 2016 931 2088 peti·
1007 2016 1080 2073 dnte
1093 2032 1238 2073 sermones
1251 2022 1345 2074 autem
1359 2019 1537 2076 scribendum
1546 2026 1589 2076 est
1600 2038 1664 2094 quse
1678 2038 1771 2094 posse·

128 2104 169 2160 tio
184 2104 210 2159 ei
225 2104 322 2159 statim
339 2104 461 2160 dabatur
475 2121 492 2159 a
506 2106 575 2160 Deo.
971 2105 1056 2161 ditia
1070 2107 1210 2178 operibus.
1231 2107 1356 2164 Fuerunt
1378 2109 1452 2163 anim
1477 2109 1629 2181 aliquando
1650 2112 1771 2182 gentiles

165 2194 240 2258 Quin
258 2194 344 2249 etiam
359 2194 472 2249 ridebat
483 2194 621 2265 quasdam
635 2195 840 2250 revelationes:
863 2192 932 2250 ridit
972 2211 1058 2267 prope
1069 2197 1225 2251 accolentes
1240 2197 1269 2251 in
1292 2197 1360 2252 locis
1381 2198 1521 2262 omnibus,
1544 2205 1573 2254 et
1593 2200 1690 2256 decem
1707 2201 1772 2272 pegi

130 2283 208 2339 enim
223 2299 306 2338 sunm
316 2284 433 2339 fratrem
442 2285 681 2351 natuinaxinrurn,
695 2285 810 2357 quiipse
819 2300 931 2356 quoque
971 2285 1019 2355 qui
1032 2286 1146 2340 orantei
1155 2282 1372 2357 propinquiores
1380 2289 1471 2358 magis
1481 2288 1609 2344 colebant
1618 2290 1769 2345 damonae.

128 2373 443 2428 lueretconsummatus
455 2374 484 2428 in
502 2373 664 2439 solitudine,
679 2380 709 2428 et
728 2373 789 2445 ipso
812 2374 930 2445 pulchro
972 2374 1040 2428 Erat
1052 2381 1146 2431 autem
1161 2375 1297 2445 ternplum
1313 2376 1468 2431 maximum
1481 2376 1512 2432 in
1526 2393 1583 2433 uno
1595 2378 1664 2441 rico,
1689 2383 1719 2434 et
1731 2379 1771 2433 si-

129 2462 608 2534 riteeinstitutoeumsuperaverat,
618 2479 682 2518 cum
692 2464 930 2535 quoipsequoque
972 2462 1129 2518 mulacrum
1144 2464 1265 2518 maxime
1278 2463 1398 2533 insigne,
1415 2464 1509 2535 lignea
1522 2470 1619 2521 autem
1635 2471 1698 2523 erat
1710 2468 1771 2523 baec

130 2551 215 2623 longo
231 2557 358 2623 ternpore
371 2552 439 2606 vixit
452 2553 481 2607 in
497 2552 657 2607 solitudine.
683 2550 836 2607 Videbatur
863 2568 930 2623 ergo
971 2557 1074 2607 statua.
1087 2553 1223 2623 Pompam
1236 2558 1330 2607 autem
1339 2552 1489 2618 ducebant,
1500 2570 1562 2610 eam
1573 2571 1623 2626 per
1636 2556 1771 2611 ricoseir·

131 2641 451 2697 eumrideresedentem
462 2642 774 2697 incedemthronocum
785 2641 928 2712 apostolis,
971 2642 1157 2696 eumlerentas
1172 2641 1271 2696 nelarii
1297 2642 1465 2707 sacerdotes,
1496 2644 1544 2714 qui
1563 2642 1772 2701 bacchabantur

134 2746 200 2784 eum
209 2730 236 2783 ei
247 2731 408 2801 reliquisset
414 2746 528 2785 suarum
541 2730 889 2799 virtutumhaereditatem3
902 2737 931 2785 et
972 2730 1771 2803 cummultitudine,velutiproaqualluviatilieelebrautes

132 2819 173 2873 sic
186 2836 237 2890 pro
248 2834 278 2874 se
287 2820 348 2891 ipso
362 2819 564 2885 intercedebat,
584 2820 672 2875 Deum
688 2836 801 2891 rogans,
812 2826 844 2874 ut
858 2825 932 2874 esset
972 2818 1117 2890 mysteria.
1133 2819 1242 2876 Accidit
1251 2825 1345 2872 autem
1356 2825 1389 2873 ut
1401 2820 1449 2873 illo
1459 2825 1585 2891 tempore
1594 2821 1651 2876 illic
1661 2823 1772 2878 adesset

131 2909 211 2962 solox
223 2911 285 2979 ejus
297 2909 455 2971 translatio,
471 2913 501 2964 et
514 2909 648 2979 cumipse
663 2908 716 2963 sibi
725 2909 852 2980 requiem
863 2926 931 2981 prse-
972 2906 1071 2978 llpnllo
1080 2920 1144 2961 eum
1157 2907 1253 2978 paucis
1268 2907 1434 2977 quibusdam
1448 2908 1582 2964 tratribus
1597 2927 1605 2965 ε
1621 2915 1771 2982 postquam

131 3002 222 3051 staret
233 2997 261 3052 in
276 2997 362 3052 eoelis.
379 2998 462 3053 Visus
476 3005 519 3053 est
532 3005 628 3054 autern
641 2998 667 3052 ei
677 2999 779 3053 dixisse
789 2999 929 3061 Sumatur,
972 2995 1146 3051 autemridit
1155 2995 1366 3050 multitudinem
1378 3003 1494 3068 repente
1503 2997 1771 3055 damoniacesuren·

131 3091 263 3158 oportere
272 3103 336 3142 eum
346 3087 439 3142 adhuc
453 3103 538 3159 parre
550 3092 677 3159 tempore
687 3103 747 3143 esse
756 3088 785 3142 in
807 3093 885 3143 terra
897 3088 932 3141 ad
940 3085 964 3146 G
973 3091 1032 3141 tem
1046 3102 1096 3157 per
1105 3087 1258 3156 regionam,
1270 3085 1497 3141 llexieSerratori
1506 3086 1634 3156 genibus,
1643 3087 1770 3143 lecitom·

132 3175 287 3230 multorum
302 3176 510 3248 perlectionem,
525 3177 614 3232 donee
629 3177 709 3232 multi
721 3178 791 3232 liant
805 3177 933 3248 ejusrir-
973 3192 1024 3231 nes
1037 3176 1155 3247 gentiles
1169 3181 1285 3247 repente
1307 3174 1475 3230 immobiles.
1500 3177 1571 3231 Cum
1592 3181 1688 3232 eutem
1713 3193 1770 3234 non

132 3265 932 3337 tutissemulatores.llagnusenimmonachorumpopulus
961 3271 1088 3337 -posscnt
1102 3282 1135 3319 ax
1149 3265 1196 3319 illo
1206 3266 1266 3319 loco
1276 3264 1417 3337 progredi,
1429 3264 1502 3333 alius
1511 3264 1598 3320 ahiam
1612 3266 1768 3334 trudentes,
1801 3270 1811 3285 ⁰

131 3354 265 3409 credetur
274 3356 336 3426 ejus
346 3355 421 3418 lldei,
437 3361 466 3409 et
476 3355 539 3427 pius
551 3355 699 3417 exereitus,
715 3361 748 3409 ut
760 3355 879 3426 glorians
888 3354 932 3409 di·
974 3360 1002 3409 et
1016 3360 1086 3409 aestu
1100 3359 1159 3409 toto
1170 3354 1216 3408 die
1225 3353 1719 3423 torrerentur,gnorentesundeboc
1728 3354 1769 3410 eie

131 3458 219 3514 gnam
229 3443 371 3498 laboribus
382 3444 759 3516 consequaturapudlleum.
769 3445 835 3499 Ilaec
850 3444 929 3509 sidit,
972 3444 1120 3508 euenisset,
1134 3444 1293 3498 sacerdotes
1304 3442 1538 3497 eorumdiaerunt
1547 3459 1608 3497 esse
1618 3444 1770 3514 quemdam

133 3550 196 3604 quae
210 3533 294 3586 etiam
310 3538 472 3588 evenerunt.
489 3535 561 3588 Nam
574 3549 638 3588 cum
658 3533 741 3588 multi
755 3533 880 3604 undique
898 3549 933 3587 ex
973 3532 1346 3587 Christianumhabitantem
1356 3532 1386 3586 in
1397 3531 1606 3587 eorumlmibus
1616 3531 1770 3589 subselitu·

132 3621 320 3676 auditiouead
330 3637 396 3677 eum
405 3623 602 3678 convenissent
614 3623 753 3689 monachi,
770 3628 857 3694 etper
869 3623 932 3692 ejus
973 3623 1048 3684 dine,
1065 3623 1112 3692 qui
1128 3622 1186 3677 brec
1198 3621 1313 3686 laceret,
1326 3621 1449 3675 dicentes
1460 3621 1496 3675 de
1507 3621 1607 3693 Apollo
1621 3640 1627 3689 ;
1644 3627 1673 3676 et
1686 3638 1769 3693 opor·

131 3711 291 3765 doctrinam
297 3712 571 3767 eteonuersationem
578 3710 693 3783 plurimi
704 3711 818 3766 omnino
827 3710 932 3766 munde
974 3716 1033 3765 tere
1043 3711 1068 3765 ei
1077 3711 1245 3782 supplicare,
1258 3709 1402 3765 sinminus
1416 3709 1475 3765 lore
1483 3715 1516 3764 ut
1528 3709 1643 3766 ueniant
1655 3710 1685 3766 in
1698 3711 1770 3782 perl-

131 3800 352 3863 renuntiassent,
361 3800 434 3855 laeta
445 3807 488 3856 est
505 3801 624 3856 tratrum
642 3800 793 3867 cohabitio,
808 3816 873 3855 cum
896 3800 933 3854 ad
973 3800 1079 3856 culum.
1103 3799 1256 3870 Postquam
1283 3805 1377 3854 autem
1402 3800 1451 3871 qui
1475 3799 1571 3870 procul
1593 3797 1767 3867 habitabant,

132 3888 303 3960 quingentos
312 3889 415 3945 fratres
429 3889 595 3961 simulnpud
605 3889 698 3959 ipsum
707 3904 884 3944 communem
895 3887 933 3941 vi-
974 3890 1077 3945 auditie
1091 3889 1260 3944 clamoribus
1270 3893 1299 3943 et
1312 3888 1568 3955 lamentationibus,
1580 3896 1768 3956 accesserunt,

130 3977 468 4044 tamhaberent,etunam
474 3983 682 4044 mensam,tota
692 3983 768 4032 reste
779 3976 931 4045 candidati;
974 3985 1003 4034 et
1016 3995 1064 4034 eos
1078 3985 1231 4048 rogarunt:
1247 3978 1385 4042 Quidnam
1397 3983 1449 4045 est,
1462 3978 1596 4045 dicentes,
1608 3979 1683 4051 qued
1694 3979 1771 4035 robis

134 4067 204 4121 etin
219 4067 260 4121 eie
274 4067 391 4139 impleta
409 4073 453 4122 est
466 4066 621 4138 Scriptura,
636 4084 699 4138 qua
714 4066 798 4122 dicit:
825 4067 933 4122 Laetare
973 4074 1089 4139 repente
1103 4066 1225 4121 accidit?
1241 4071 1384 4137 quopacto
1397 4067 1450 4121 hoc
1461 4067 1566 4122 laetum
1581 4073 1625 4121 est
1634 4066 1647 4121 i
1656 4068 1701 4123 Illi
1717 4084 1769 4123 au·

123 4156 277 4210 desertum
286 4156 393 4223 sitiens,
405 4172 523 4228 erumpe
529 4157 654 4212 atelama
661 4172 723 4229 qua
734 4155 930 4227 nonparturis3
972 4159 1029 4209 tem
1045 4155 1176 4209 dixerunt
1185 4169 1216 4207 se
1229 4153 1347 4218 nescire,
1359 4152 1413 4207 nisi
1428 4154 1502 4224 qued
1516 4153 1604 4209 virum
1629 4153 1771 4211 habebant

133 4245 270 4315 qnoniam
279 4245 360 4300 multi
370 4250 437 4300 sunt
447 4246 497 4300 litii
506 4245 634 4311 desertae,
643 4246 734 4316 magis
744 4261 829 4317 quam
840 4245 932 4299 virum
973 4249 1144 4314 suspectum,
1154 4242 1499 4313 dieentesoportereillum
1507 4242 1627 4313 placare.
1636 4243 1692 4297 Alii
1704 4260 1770 4298 vero

132 4332 264 4388 habentis
275 4336 362 4389 strata
376 4335 439 4404 aral.
455 4334 528 4389 Nam
540 4335 688 4406 impletum
703 4334 816 4405 quidem
825 4339 870 4388 est
879 4334 931 4388 boc
971 4332 1149 4388 testabantur
1160 4347 1190 4385 se
1199 4346 1264 4386 eum
1274 4330 1376 4385 cidisse
1387 4336 1603 4402 praetereuntem
1616 4350 1623 4399 ς
1635 4331 1713 4386 etsie
1723 4347 1769 4386 ro-

133 4422 278 4494 eloquium
289 4423 482 4495 propheticam
501 4440 534 4479 ax
549 4424 672 4478 Ecclesia
686 4440 747 4495 quea
761 4429 931 4495 congregata
943 4426 1079 4507 Dgarunt
1089 4425 1174 4476 eosut
1183 4420 1224 4474 cis
1233 4419 1288 4474 cito
1302 4419 1419 4474 daretur
1429 4407 1564 4475 auxilium
1574 4438 1579 4472 :
1589 4419 1716 4475 adductis
1724 4419 1770 4475 bo-

134 4516 179 4566 est
189 4528 221 4565 ex
230 4512 379 4582 gentibus:
397 4513 551 4584 perlectum
566 4519 610 4568 est
623 4517 718 4568 autern
736 4513 765 4567 in
780 4513 833 4569 hac
847 4513 934 4568 etiam
974 4510 1027 4566 bue
1038 4509 1131 4566 eonati
1140 4515 1207 4566 sunt
1219 4525 1330 4564 mouere
1345 4508 1544 4577 simulacrum,
1567 4508 1596 4565 id
1611 4513 1706 4565 autem
1712 4525 1770 4565 rue·

134 4600 301 4672 Egyptiaca
314 4602 475 4667 solitudine,
489 4586 731 4674 quieplureslrlios
741 4603 799 4658 Deo
811 4602 932 4669 exliibet,
975 4600 1061 4656 nebat
1074 4606 1209 4671 tanquam
1232 4598 1376 4654 immobile
1397 4616 1461 4654 eum
1474 4598 1543 4671 ipsis
1568 4598 1769 4654 sacerdotibus.

136 4690 935 4762 quemterraqueesthabitata.Ubienimsuntinurbibus
974 4692 1046 4747 Cum
1061 4691 1168 4745 nullum
1183 4705 1249 4760 ergo
1269 4688 1404 4744 evadendi
1423 4688 1560 4743 rationem
1587 4687 1768 4753 invenissent,

133 4781 450 4852 totgregeseorumqui
459 4781 529 4836 salvi
543 4782 624 4847 siunt,
640 4787 708 4852 quot
721 4782 780 4836 Deo
804 4781 936 4836 exhibent
976 4780 1114 4835 miserunt
1138 4778 1306 4851 peraceelas
1319 4776 1771 4849 legationemadhpollo,utilliuc

136 4875 276 4939 quaesunt
287 4869 935 4941 inAEgyptosolitudineleuotsuntenimhic
975 4869 1086 4924 liberati
1096 4867 1410 4923 aberrorereeederent.
1420 4866 1472 4921 llis
1482 4866 1773 4938 autemllpollosigui·

135 4957 242 5028 populi,
252 4963 296 5013 tot
309 4964 376 5013 sunt
390 4959 447 5013 illic
460 4959 490 5014 in
508 4960 629 5015 desertis
642 4960 780 5015 monachi.
806 4962 846 5015 hc
866 4960 935 5016 mihi
977 4959 1075 5023 ficetis,
1087 4957 1231 5012 celerrime
1240 4954 1386 5011 deseendit
1395 4955 1479 5009 bomo
1488 4955 1539 5010 Dei
1551 4973 1558 5021 ς
1572 4960 1601 5010 et
1613 4970 1677 5013 cum
1692 4973 1772 5015 eras·

135 5045 247 5101 ridetur
260 5047 367 5102 diruam
382 5048 518 5120 Apostoli,
535 5050 621 5104 esiam
632 5050 663 5105 in
681 5049 750 5121 ipsis
764 5065 826 5104 esse
835 5050 935 5121 imple·
976 5053 1029 5113 set,
1045 5063 1143 5102 omnes
1156 5046 1239 5101 solvit
1252 5062 1269 5099 a
1282 5044 1401 5099 uinculo.
1421 5043 1457 5099 lli
1474 5047 1569 5099 autem
1594 5061 1691 5102 omnes
1715 5062 1772 5103 uno

135 5138 212 5188 tum:
223 5134 276 5190 Ubi
286 5136 363 5191 enim
373 5136 526 5192 abundarit
535 5143 690 5209 peceatum,
699 5138 936 5210 superabundavit
976 5136 1072 5190 animo
1080 5134 1116 5189 ad
1124 5135 1216 5206 ipsum
1227 5132 1637 5205 processeruntanivereorum
1646 5135 1773 5191 Serrete-

135 5224 269 5294 etgratia
284 5227 372 5292 (aava.
395 5226 434 5296 a).
465 5226 627 5282 abundarit
647 5228 721 5283 enim
744 5228 887 5298 quondam
906 5227 936 5282 in
977 5225 1001 5280 ri
1012 5224 1166 5291 eredentes,
1182 5229 1211 5278 et
1220 5222 1332 5294 Deoqui
1344 5222 1410 5277 lacit
1420 5222 1608 5291 admirabilia,
1623 5223 1697 5280 idolo
1705 5239 1772 5296 pre-
1865 5222 1871 5233 '

137 5311 258 5384 AEgypta
273 5315 380 5369 multus
393 5321 422 5370 et
435 5314 539 5387 impius
553 5316 692 5371 idolorum
705 5316 806 5380 cultus,
821 5315 891 5372 adeo
903 5321 938 5370 ut
976 5314 1053 5369 tinus
1064 5312 1123 5384 igni
1134 5312 1276 5367 mandato.
1288 5311 1369 5377 Quod
1380 5328 1477 5367 omnes
1486 5311 1772 5369 catechesiinstitutoe

137 5400 168 5456 in
181 5402 260 5457 nulla
272 5408 357 5473 gente
371 5402 656 5475 magts30ancsenim
669 5410 697 5460 et
711 5406 808 5461 simias
821 5405 936 5477 quidam
977 5402 1082 5474 adjacit
1095 5401 1228 5457 ecclesiis.
1243 5401 1324 5457 Multi
1336 5405 1433 5456 autem
1450 5418 1484 5457 ex
1497 5401 1542 5457 bis
1556 5401 1586 5456 in
1604 5399 1772 5455 hodiernum

137 5490 285 5559 colebant;
302 5491 352 5546 alii
360 5493 428 5548 allia
437 5498 467 5549 et
481 5510 573 5567 caepe;
590 5499 619 5549 et
632 5510 666 5548 ex
690 5493 792 5550 ritibus
814 5494 937 5550 oleribus
977 5508 1067 5564 usque
1076 5491 1151 5546 diem
1160 5490 1269 5562 degunt
1281 5490 1507 5547 inmodesteriia.
1522 5489 1614 5560 llrdus
1627 5494 1722 5545 autern
1731 5488 1774 5547 rei

59 5590 61 5595 '
138 5579 521 5650 multsdeeaexistimabant,
535 5589 568 5639 ut
578 5581 672 5655 ipsum
685 5588 816 5643 sanctum
824 5584 938 5641 Patrem
977 5583 1055 5638 hina
1064 5579 1451 5654 parturitiuomaespartes,
1463 5584 1493 5639 et
1504 5576 1775 5639 milassensium
