3818 6120
128 283 183 346 ⁸73
346 292 351 303 '
782 310 900 367 vaani
919 307 1115 367 saumana.
1713 309 1766 373 sn

128 415 264 474 firmitate
278 436 340 478 esse
354 424 424 480 alios
439 426 557 496 triginta
577 444 674 483 annos.
699 431 733 485 Et
749 434 825 488 nullo
842 435 924 490 modo
933 434 1078 506 Aqnidam
1094 440 1187 488 motus
1200 434 1372 490 certantibus
1388 435 1415 489 in
1432 436 1641 492 conversatione
1652 455 1684 493 cx
1695 438 1767 494 insi·

129 507 269 577 acquievit
278 527 363 565 senex
375 513 405 567 in
419 515 470 569 tali
484 517 650 586 aegritudine
666 521 707 574 rel
722 523 863 578 modicum
878 541 926 579 su·
967 523 1021 578 diis
1036 528 1064 578 et
1079 523 1183 577 invidia
1195 523 1354 578 daemonum
1364 526 1486 580 veniens.
1503 527 1603 597 Itaque
1619 528 1691 583 scire
1703 544 1767 584 con-

131 611 208 650 mere
223 598 325 666 cibum,
346 601 387 657 ita
400 609 432 657 ut
444 604 557 660 tolleret
569 606 656 662 frater
677 610 751 680 qnod
766 619 928 684 apportare·
967 612 1044 667 venit
1056 613 1123 683 quia
1129 618 1187 667 tres
1200 619 1267 669 sunt
1280 615 1438 685 corporales
1450 621 1553 670 motus.
1565 616 1641 672 Unus
1654 619 1768 689 quidem

128 689 184 750 rat,
201 692 230 741 et
243 689 349 745 rediret
360 691 396 746 ad
410 693 509 747 cellam
524 711 614 750 suam.
969 701 1120 769 naturalis3
1132 701 1204 756 alius
1218 707 1312 756 autem
1322 719 1354 755 ex
1369 688 1541 773 plenitudine
1558 705 1684 761 ciborum
1697 714 1768 777 3ter·
1840 740 1845 759 i

166 770 211 829 66.
227 777 307 831 Alter
315 795 401 834 senex
415 781 531 837 sedebat
546 785 627 855 longe
642 787 671 841 in
683 805 788 856 eremo,
800 796 828 845 ct
843 793 929 848 conti·
969 791 1026 845 tius
1041 808 1104 845 vero
1120 808 1152 845 ex
1167 790 1349 846 daemonibus.

130 863 174 933 git
187 863 303 921 tratrem
322 868 418 923 venire
433 871 468 924 ad
484 889 559 939 eum,
576 880 605 928 et
618 875 743 932 invenire
761 895 825 934 enm
849 881 928 935 intlr-
1005 880 1032 936 ⁸2.
1047 880 1121 934 Dixit
1134 880 1220 934 abbas
1240 880 1390 935 Gerontius
1405 881 1566 936 petrensis:
1591 885 1663 949 Quia
1687 887 1767 942 inulti

132 958 268 1008 mantem.
280 956 334 1019 Qui
345 958 440 1012 lavans
450 961 511 1029 ejus
522 962 631 1025 faciem.
640 965 705 1020 lecit
714 967 739 1020 ei
750 968 928 1025 refectionem
971 969 1072 1023 tentati
1086 986 1103 1022 a
1117 969 1308 1041 corporalibus
1321 969 1553 1027 delectationibus
1568 989 1631 1027 cum
1647 991 1704 1029 non
1717 992 1768 1047 ap·

132 1057 167 1095 ex
180 1042 298 1113 hisquae
312 1047 454 1101 attulerat.
471 1049 551 1112 Quod
570 1069 633 1106 cum
648 1054 763 1109 vidisset
777 1074 871 1125 senex,
889 1059 930 1113 di·
970 1058 1161 1127 proximarent
1189 1058 1361 1129 corporibus
1387 1064 1480 1113 mente
1501 1060 1628 1117 fornicati
1653 1069 1728 1130 sunt,
1741 1070 1770 1119 et

132 1130 174 1184 xit
186 1148 193 1182 t
204 1131 286 1196 Vere,
295 1132 390 1199 frater,
402 1135 505 1192 oblitus
520 1139 637 1208 luerem,
653 1144 720 1213 quia
733 1145 869 1202 haberent
884 1148 932 1202 ho·
971 1148 1144 1217 corporalem
1160 1147 1348 1216 virginitatem
1369 1153 1521 1212 servantes,
1542 1151 1695 1206 secundum
1710 1153 1770 1208 ani·

133 1218 225 1273 mines
244 1221 278 1275 de
298 1221 359 1277 cibo
381 1225 521 1281 solatium.
547 1228 655 1284 Obtulit
668 1232 753 1287 etiam
773 1234 798 1288 ei
816 1236 929 1291 calicem
971 1250 1049 1288 mum
1061 1236 1245 1290 tornicantur.
1263 1236 1370 1290 Bonum
1384 1242 1428 1290 est
1440 1253 1515 1308 crgo,
1528 1237 1711 1308 dilectissimi,
1727 1242 1770 1298 la-

132 1308 291 1373 rini..Quod
305 1328 369 1366 cum
383 1313 505 1378 vidisset.
519 1317 646 1388 ploravit,
661 1321 774 1376 dicens:
788 1325 850 1379 Non
865 1341 929 1397 spe·
970 1338 1033 1376 cere
1048 1324 1120 1393 quod
1135 1325 1269 1395 scriptum
1281 1331 1323 1378 cst
1337 1343 1342 1377 ι
1355 1324 1439 1379 Omni
1450 1326 1576 1381 custodia
1587 1344 1772 1400 unumquem-

134 1397 232 1452 rabam
248 1415 292 1454 me
305 1416 393 1472 usque
407 1403 440 1456 ad
457 1411 576 1460 mortem
589 1407 742 1465 bibiturum
757 1412 862 1468 vinnm.
973 1427 1026 1482 que
1042 1429 1089 1467 cor
1107 1431 1189 1468 suum
1204 1430 1315 1468 serrare
1326 1415 1417 1482 (Pron.
1432 1422 1468 1483 r).

170 1483 217 1542 bi.
231 1487 337 1543 Statuit
354 1492 468 1561 quidam
488 1511 573 1550 senex
588 1504 619 1551 ut
633 1500 821 1572 quadraginta
833 1504 932 1561 diebus
1003 1506 1031 1571 3.
1063 1503 1139 1557 Dixit
1166 1502 1251 1556 abbas
1280 1503 1432 1557 Cassianus
1462 1505 1607 1572 weseram,
1628 1509 1719 1564 collat.
1743 1520 1769 1562 rr.

134 1592 192 1630 non
207 1576 322 1633 biberet.
340 1580 375 1634 Et
388 1580 411 1634 si
422 1584 533 1652 quando
547 1586 633 1641 siebat
643 1605 751 1655 cauma,
764 1592 932 1650 larabntsu·
974 1611 1032 1664 cap.
1048 1592 1105 1663 tt),
1118 1590 1183 1666 quia
1201 1590 1302 1645 dixerit
1323 1591 1402 1645 nobis
1417 1591 1502 1646 abbas
1517 1593 1645 1664 Moyses:
1663 1595 1773 1650 Bonum

134 1664 266 1721 risculam
280 1665 344 1738 (Ἡ),
359 1675 388 1723 et
396 1669 531 1741 implebat
545 1690 606 1728 earn
618 1692 700 1747 aqna,
716 1685 745 1733 ct
756 1682 934 1752 appendebat
974 1689 1017 1738 est
1030 1699 1084 1736 raon
1105 1678 1274 1734 abscondere
1286 1679 1480 1750 cogitationes,
1494 1680 1542 1734 sed
1559 1681 1673 1736 senibus
1689 1683 1773 1755 spiri·
1849 1684 1854 1693 “

134 1770 197 1808 eam
212 1760 277 1811 ante
288 1758 383 1812 oculos
392 1775 467 1814 suos.
479 1760 604 1824 Quicum
616 1765 838 1838 interrogaretur
849 1789 866 1826 a
881 1772 934 1826 lra-
947 1757 1100 1827 Btualibus
1108 1769 1338 1823 etdiscretionem
1350 1767 1516 1824 habentibus
1528 1770 1771 1838 manifestarem,

133 1842 225 1897 tribus
239 1862 326 1915 quare
336 1847 388 1900 hoc
399 1847 512 1913 taceret,
529 1854 681 1923 respondit.
690 1856 801 1911 dicens:
820 1860 857 1914 Ut
870 1878 933 1916 cum
976 1877 1032 1914 non
1046 1859 1089 1913 his
1103 1858 1152 1929 qui
1166 1863 1277 1912 tantum
1291 1863 1417 1927 tempore
1436 1874 1519 1911 senes
1543 1865 1619 1925 sunt,
1640 1860 1773 1930 quoniam

135 1932 232 1987 ridens
244 1935 317 2004 quod
336 1936 542 2005 desiderabam,
560 1958 616 1996 non
626 1950 784 2013 gustavero,
797 1951 934 2019 majorem
976 1949 1056 2003 multi
1069 1948 1104 2001 ad
1124 1953 1235 2002 aetatem
1258 1945 1446 2016 respicientes¹
1468 1951 1497 2000 ct
1510 1947 1692 2017 cogitationes
1708 1967 1774 2004 suas

135 2023 266 2079 ardorem
280 2027 443 2093 sustineam,
460 2036 489 2083 et
505 2037 619 2101 propter
637 2034 688 2088 hoc
709 2026 844 2105 majorem
859 2057 933 2094 nnn-
976 2039 1100 2093 dicentes
1114 2036 1155 2090 eis
1179 2035 1227 2106 qui
1239 2035 1461 2105 experimentum
1477 2052 1533 2091 non
1555 2034 1705 2102 habebant,
1723 2054 1774 2110 pro

135 2113 231 2168 cedem
247 2131 264 2167 a
277 2115 396 2170 Domino
411 2119 543 2189 consequi
562 2136 680 2175 merear.
974 2125 1203 2182 consolationead
1210 2122 1434 2195 desperationem
1443 2123 1771 2196 ultimampervenerunt,

173 2199 218 2258 68.
229 2202 328 2257 Frater
341 2205 455 2274 quidam
465 2205 517 2260 iter
527 2224 622 2278 agens,
635 2209 754 2266 habebat
768 2231 861 2269 secum
876 2233 934 2271 ma·
1009 2215 1037 2268 4.
1054 2215 1120 2268 Erat
1142 2212 1255 2283 quidam
1279 2211 1366 2266 irater
1382 2211 1497 2266 omnino
1520 2212 1549 2267 in
1564 2214 1775 2270 conversatione

137 2295 210 2344 trem
222 2293 491 2363 suamjamsenem.
501 2296 555 2360 Qui
565 2314 629 2351 cnm
645 2301 785 2356 venissent
794 2304 829 2358 ad
839 2322 935 2376 quem-
976 2304 1112 2358 sollicitus
1122 2303 1268 2366 (Cassiam,
1284 2304 1375 2354 collat.
1388 2314 1418 2366 11,
1435 2317 1494 2369 cup.
1513 2299 1564 2367 13).
1579 2303 1686 2357 Etcum
1701 2304 1774 2359 male

137 2380 342 2446 dambertum,
354 2399 410 2437 non
424 2387 694 2455 poteratvetulailla
708 2391 838 2446 transire.
852 2394 935 2449 Ettn·
976 2410 994 2447 a
1009 2390 1200 2447 fornicationis
1215 2389 1340 2443 daemone
1355 2389 1527 2452 turbaretur,
1545 2391 1619 2445 venit
1628 2391 1663 2444 ad
1679 2409 1776 2464 quem·

136 2469 170 2523 lit
184 2468 259 2525 filins
274 2472 335 2541 ejus
346 2473 461 2542 pallium
471 2478 717 2541 sunm,etinrolrit
727 2481 826 2536 exinde
837 2500 934 2538 ananus
976 2482 1153 2545 damsencm,
1167 2484 1194 2533 et
1205 2477 1302 2532 retulit
1311 2477 1336 2531 ei
1346 2477 1610 2548 cogitationessuas.
1620 2480 1669 2534 Ille
1679 2487 1774 2536 autem

137 2573 258 2625 suas,ne
267 2558 360 2630 aliquo
372 2563 454 2616 modo
465 2565 638 2636 contingeret
647 2584 748 2640 corpus
757 2572 856 2624 matris
866 2588 932 2634 suae,
974 2571 1092 2629 audiens
1107 2569 1173 2640 quia
1186 2584 1285 2639 expers
1299 2571 1369 2631 erat,
1381 2566 1543 2637 indignatus
1558 2571 1610 2634 est,
1622 2574 1651 2623 et
1661 2569 1775 2625 misera·

136 2648 215 2703 etita
226 2655 341 2720 portans
356 2667 417 2705 earn
428 2656 603 2726 transposuit
613 2657 740 2712 tlurium.
755 2659 829 2714 Dixit
839 2668 933 2717 autem
974 2659 1057 2714 bilem
1074 2658 1184 2713 dicebat
1197 2673 1257 2711 esse
1272 2656 1387 2710 fratrom
1403 2655 1491 2719 illurn,
1508 2660 1537 2709 et
1551 2656 1700 2728 indignum
1711 2675 1773 2713 mo·

137 2738 163 2792 ei
175 2744 265 2793 mater
275 2741 392 2795 sue:Ut
402 2742 468 2811 quid
482 2743 665 2816 sicoperuisti
677 2764 776 2803 manus
790 2754 864 2813 tuae,
877 2750 935 2804 alit
976 2748 1056 2802 nachi
1085 2747 1199 2812 babitu,
1225 2745 1327 2817 quippe
1349 2744 1399 2815 qui
1424 2745 1562 2815 ejusmodi
1591 2746 1774 2817 cogitationes

136 2827 187 2882 ille
202 2833 296 2882 autem
309 2829 380 2882 dixit
395 2848 401 2882 :
415 2829 488 2894 Quia
499 2849 599 2904 corpus
613 2835 740 2890 mulieris
750 2837 823 2908 ignis
838 2844 889 2893 cst.
901 2839 935 2893 Et
976 2837 1122 2906 reciperet.
1135 2829 1203 2889 'Haec
1217 2834 1334 2888 audiens
1349 2833 1444 2899 frater,
1461 2832 1614 2904 desperans
1639 2835 1773 2907 seipsum,

136 2932 216 2971 exeo
230 2917 290 2989 ipso
305 2934 360 2988 qno
374 2922 403 2973 te
417 2921 622 2991 contingebam,
634 2925 765 2980 veniebat
779 2927 847 2981 mihi
857 2945 934 2981 com-
975 2925 1089 2995 reliquit
1108 2923 1251 2995 propriam
1267 2922 1376 2987 cellam,
1399 2927 1427 2976 et
1446 2922 1481 2976 ad
1505 2923 1638 2977 saeculum
1653 2923 1772 2979 redibat.

135 3007 302 3061 memoratio
317 3007 437 3063 aliarum
452 3009 620 3067 feminarum
634 3013 662 3067 in
679 3015 783 3070 animo.
975 3010 1261 3069 SecundumreroDei
1273 3009 1508 3080 dispensationem
1521 3004 1642 3066 occurrit
1651 3011 1677 3066 ei
1687 3011 1773 3068 abbas

171 3094 217 3151 60.
230 3095 347 3151 Dicebat
358 3098 472 3169 quidam
488 3100 622 3154 Patrum:
641 3102 806 3165 Quiasciret
819 3072 1090 3173 fratrornCAp01103
1116 3107 1146 3154 et
1168 3100 1265 3154 l'ldsslls
1288 3115 1352 3153 eum
1375 3098 1580 3171 Pestulbsstuma
1602 3104 1631 3154 ⁰t
1653 3101 1771 3156 nimium

136 3184 165 3239 in
175 3186 244 3240 cella
251 3187 425 3257 jejunantem
437 3195 496 3242 tota
506 3189 680 3245 hebdomada
693 3194 812 3247 Paschae.
827 3194 859 3248 Et
869 3211 931 3248 cum
974 3191 1093 3254 tristem.
1120 3187 1302 3258 ῙΠῖθΓΓθὲῑΝῑῑ
1328 3203 1403 3253 ‘²⁰¹⁰’
1428 3187 1543 3242 dioenS*
1567 3188 1629 3253 Fili*
1646 3205 1708 3260 quae
1730 3195 1773 3245 est

134 3273 257 3329 Sabbata
266 3292 330 3330 sero
345 3277 466 3331 venisset
482 3278 517 3331 ad
530 3280 638 3347 missas,
648 3283 858 3336 communicans
869 3299 933 3336 mox
973 3296 1058 3332 causa
1072 3283 1156 3332 tantm
1167 3276 1289 3331 tristitiae
1300 3275 1374 3329 turcl
1385 3276 1434 3330 Ille
1446 3281 1540 3330 autem
1552 3276 1631 3348 prius
1642 3279 1773 3333 exmulta

132 3362 266 3433 fugiebat.
275 3381 310 3418 ne
321 3371 494 3434 cogeretura
504 3367 636 3424 fratribus
648 3371 676 3424 in
690 3371 804 3425 ecclesia
817 3372 932 3426 mandu—
973 3367 1133 3421 contusione
1147 3365 1235 3419 animi
1253 3365 1296 3419 sui
1317 3380 1373 3418 raon
1392 3365 1537 3436 respondit
1551 3365 1577 3420 ei
1592 3365 1746 3437 quidquam
1762 3385 1769 3437 3

132 3467 208 3506 care.
224 3453 305 3523 Apud
319 3470 349 3507 se
368 3459 463 3508 autern
478 3462 589 3511 tantum
611 3459 735 3513 modicas
753 3459 831 3514 betas
847 3461 931 3515 elixas
973 3463 1069 3528 postca
1084 3461 1178 3509 antem
1193 3471 1256 3508 cum
1278 3454 1397 3508 multum
1416 3459 1565 3524 rogaretur
1580 3471 1597 3508 a
1615 3471 1692 3522 sene,
1709 3472 1771 3527 quae

132 3557 199 3596 cnm
217 3541 276 3596 sale
287 3542 476 3598 manducabat
489 3545 549 3600 sine
562 3562 644 3617 pane.
972 3547 1045 3600 circa
1061 3563 1091 3599 se
1105 3548 1266 3614 agerentur,
1282 3542 1425 3597 confessus
1437 3548 1487 3606 est,
1507 3543 1623 3598 dicens:
1639 3542 1712 3609 Quia
1727 3561 1771 3600 co-

169 3628 211 3685 70.
226 3631 338 3685 Fratres
355 3634 497 3688 convocati
511 3642 577 3690 sunt
597 3636 627 3690 in
642 3638 747 3709 Septici,
764 3644 797 3693 nt
812 3639 930 3694 mandu·
971 3634 1121 3706 ginntiones
1136 3632 1350 3686 fornicationum
1365 3631 1524 3707 inquietant
1538 3648 1602 3700 me;
1619 3632 1693 3704 quod
1706 3649 1770 3688 con·

130 3725 229 3775 nerent
242 3720 359 3791 palmas,
376 3727 405 3775 et
414 3729 476 3777 erat
488 3725 589 3794 aliquis
598 3725 729 3782 infirmus
737 3728 771 3781 de
781 3728 871 3782 nimia
884 3727 931 3782 ab·
973 3726 1061 3778 sessus
1073 3718 1135 3776 sum
1150 3721 1190 3775 illi
1205 3721 1274 3785 soni,
1292 3726 1329 3786 et,
1350 3719 1505 3774 secundnm
1527 3719 1611 3775 rerba
1625 3723 1696 3793 ejus,
1708 3724 1769 3794 jam

131 3809 276 3874 stinentia,
288 3810 334 3880 qui
342 3810 632 3869 tussiensexscreabat
643 3816 785 3886 phlegma,
796 3818 870 3889 quod
881 3834 931 3872 no·
973 3828 1028 3866 non
1041 3817 1084 3864 cst
1093 3810 1162 3864 milri
1177 3825 1240 3880 spes
1249 3808 1362 3876 salutis3
1374 3807 1526 3880 desperans
1537 3825 1603 3881 ergo
1618 3810 1766 3883 meipsum,

131 3898 209 3954 lente
221 3899 340 3953 cnvenit
353 3916 439 3971 super
451 3900 537 3956 alium
551 3902 676 3959 fratrem.
688 3905 742 3969 Qui
754 3909 931 3978 cumacogi·
972 3901 1008 3955 ad
1027 3900 1160 3955 saeelum
1181 3898 1274 3952 redeo.
1292 3897 1356 3952 ΗΜ
1378 3902 1474 3952 autem
1501 3897 1587 3953 Pater
1601 3899 1700 3971 AP⁰¹l⁰
1717 3917 1769 3957 ³¹1·

131 3988 240 4043 tatiom
258 4004 311 4043 sua
322 3989 536 4061 compelleretur
550 3992 642 4048 dicere
663 3994 688 4048 ei
706 4012 712 4046 ε
730 3995 847 4058 Quiesce
859 3995 929 4066 jam,
972 3990 1061 4053 diens,
1078 3990 1155 4044 velut
1176 3987 1287 4060 sapiens
1312 3986 1437 4041 medicus
1457 3986 1578 4042 mullum
1598 3988 1723 4060 1'088bab
1740 3994 1769 4045 Ol

133 4082 164 4130 et
178 4092 233 4131 non
242 4094 368 4132 exscrees
377 4095 463 4150 super
473 4096 527 4146 me,
543 4087 576 4136 nt
589 4088 736 4154 superaret
747 4083 930 4153 cogitationes
972 4078 1187 4142 nronenateum.
1200 4075 1380 4132 dicessfflNOli
1390 4076 1498 4144 miraris
1507 4077 1556 4144 filis
1567 4094 1658 4149 neque
1672 4079 1770 4152 despe-

132 4181 209 4233 suas,
224 4166 291 4220 tulit
309 4167 383 4238 qnod
395 4176 595 4236 exscreaverat,
605 4177 634 4225 et
647 4171 761 4226 mittens
771 4172 799 4225 in
809 4189 927 4239 oresuo,
971 4183 1016 4222 res
1031 4168 1065 4220 de
1075 4167 1174 4237 telPSO·
1189 4167 1246 4234 ΒΗΘ
1261 4164 1336 4219 essim
1351 4165 1380 4218 in
1395 4164 1448 4218 ¹¹³⁰
1460 4171 1541 4219 {etate
1558 4171 1643 4237 atque
1656 4183 1765 4222 ⁰⁰¹¹V0l·

130 4254 228 4309 statim
237 4256 359 4311 comedit
367 4255 445 4311 illud.
458 4259 796 4332 Etmatnncooepitad
807 4261 928 4332 seipsum
971 4254 1166 4316 sationeralrlo
1176 4253 1211 4306 ab
1222 4251 1383 4323 hujusmodi
1389 4252 1606 4322 cogitationibus
1614 4254 1764 4325 inquietor.

131 4343 225 4398 dicere
241 4344 318 4398 :nut
331 4360 387 4399 non
400 4346 478 4400 dicas
491 4346 572 4401 tratri
589 4354 639 4403 tuo
660 4351 733 4420 quod
745 4367 809 4404 curn
825 4351 929 4405 contri·
971 4346 1012 4400 Ne
1027 4361 1093 4414 ergo
1108 4342 1221 4397 delicias
1235 4341 1264 4395 in
1286 4341 1446 4411 hujusmodi
1468 4342 1621 4408 occasione,
1638 4361 1698 4415 quae
1711 4361 1767 4398 non

131 4436 199 4499 stet,
214 4437 263 4487 aut
277 4433 416 4488 manduca
430 4436 504 4505 quod
520 4436 628 4491 horres.
942 4431 1079 4490 Dtantum
1092 4434 1217 4485 lrunmna
1227 4428 1424 4495 sollicitudine,
1436 4435 1573 4500 quantum
1588 4430 1637 4485 Dei
1652 4432 1767 4486 misera-

353 4523 525 4580 LIBELLUS
540 4526 707 4590 QUINTUS,
970 4523 1047 4578 tione
1061 4527 1185 4576 curatur.
1196 4520 1317 4574 Tantum
1335 4517 1417 4572 hodie
1432 4518 1506 4572 dona
1520 4518 1590 4572 mihi
1603 4519 1676 4589 quod
1690 4525 1765 4591 peto,

408 4614 444 4666 Dp
462 4615 657 4681 fornicatione,
971 4617 1001 4666 et
1011 4617 1150 4665 revertere
1163 4609 1198 4664 ad
1209 4608 1306 4662 cellam
1318 4612 1405 4661 tuam.
1418 4606 1496 4660 Fecit
1510 4612 1604 4661 autem
1618 4606 1704 4662 frater
1716 4608 1763 4663 sic.

167 4696 242 4754 Dixit
256 4699 341 4755 abbas
352 4701 491 4756 Antonius
509 4722 514 4756 :
529 4702 647 4760 AEstimo
662 4706 737 4775 quod
751 4705 852 4760 lralrcat
866 4722 928 4760 cor·
970 4698 1063 4754 abbas
1088 4704 1182 4753 antem
1206 4695 1305 4769 Apollo
1325 4695 1472 4749 discedens
1485 4693 1520 4748 ab
1539 4711 1572 4749 eo
1596 4696 1718 4767 perrexit
1731 4696 1767 4751 ad

130 4801 185 4857 pus
193 4792 300 4843 motum
308 4789 465 4844 naturalem
476 4808 656 4863 conspersum
669 4794 697 4848 in
708 4811 747 4858 se,
760 4795 807 4865 qui
817 4795 930 4850 nolente
970 4790 1068 4844 cellam
1083 4787 1158 4842 illius
1173 4786 1256 4850 senis,
1275 4784 1321 4855 qui
1337 4784 1362 4838 ei
1377 4783 1601 4856 desperationem
1614 4783 1729 4853 iecerat3
1740 4790 1769 4840 et

129 4874 225 4930 animo
232 4893 288 4932 non
298 4883 439 4949 operatur,
451 4880 500 4934 sed
511 4884 705 4937 &antummodo
719 4884 893 4954 significatur
902 4884 929 4938 in
971 4883 1048 4933 stans
1063 4876 1137 4931 foras
1151 4876 1316 4946 deprecatus
1326 4878 1368 4925 esi
1382 4872 1533 4926 Dominum
1543 4888 1606 4926 cum
1622 4873 1765 4946 lacrymis,

129 4978 257 5036 corpore,
280 4966 359 5036 qnasi
384 4967 564 5040 impassibilis
589 4977 691 5026 motus.
716 4973 764 5027 Est
786 4979 881 5028 autom
900 4977 930 5027 et
970 4968 1080 5022 dicens:
1097 4966 1225 5030 Domino,
1239 4963 1286 5034 qui
1297 4960 1468 5016 tentationes
1480 4960 1588 5015 utiliter
1597 4962 1691 5028 infers,
1705 4981 1769 5019 con·

128 5053 202 5109 abus
222 5059 315 5108 motus
329 5072 362 5110 ex
377 5072 419 5123 eo,
434 5059 508 5128 quod
522 5062 647 5116 nutritur
661 5066 689 5115 et
707 5060 816 5116 fovetur
829 5077 929 5132 corpus
971 5063 1047 5112 verte
1061 5055 1164 5111 bellum
1180 5054 1253 5125 quod
1264 5052 1371 5123 patitur
1384 5049 1472 5104 frater
1483 5050 1529 5104 ille
1544 5051 1573 5104 in
1587 5051 1639 5108 hoc
1650 5070 1727 5122 sene,
1736 5061 1768 5110 nt

128 5139 200 5198 cibis
209 5146 238 5196 et
253 5143 376 5214 potibus,
389 5150 417 5200 et
431 5162 464 5202 ex
478 5146 579 5217 quibus
588 5150 664 5203 calor
674 5149 819 5219 sanguinis
829 5149 931 5204 excitat
971 5164 1021 5219 per
1030 5145 1252 5216 experimentum
1261 5141 1290 5194 in
1303 5144 1446 5194 senectute
1455 5156 1507 5194 sua
1518 5140 1607 5195 discat
1617 5143 1690 5213 quod
1699 5149 1769 5199 tern-

128 5246 231 5303 corpus
241 5232 277 5286 ad
287 5234 471 5303 operandum.
481 5236 754 5309 Propterquoddicit
763 5238 928 5309 Apostolus:
954 5259 957 5263 ⁷
971 5252 1038 5308 pore
1050 5236 1131 5304 longo
1142 5248 1197 5285 non
1210 5229 1317 5293 didicit,
1326 5230 1659 5301 quatenuscornpatiatur
1669 5232 1712 5287 his
1721 5233 1769 5305 qui

127 5319 222 5375 Nolite
235 5319 370 5376 inebriari
386 5324 458 5390 rino,
476 5324 505 5379 in
520 5343 574 5396 quo
590 5334 633 5382 est
649 5327 760 5382 luxuria
775 5327 879 5396 (Epiros.
892 5328 929 5396 r).
972 5322 1133 5394 hujusmodi
1141 5318 1343 5374 tentationibus
1354 5317 1562 5388 perturbantur.
1572 5319 1624 5383 Qui
1635 5337 1698 5375 cnm
1710 5339 1771 5377 ora-

104 5432 111 5443 ·
128 5409 164 5465 m
173 5425 286 5465 rursum
296 5411 622 5486 DominusinErangelio
629 5416 773 5488 discipulis
782 5416 929 5481 mandans,
973 5413 1077 5467 tionem
1091 5409 1268 5480 complesset,
1284 5406 1355 5460 vidit
1370 5406 1530 5479 AEthiopem
1551 5413 1672 5463 stantem
1692 5411 1773 5480 juxta

129 5498 201 5554 dixit
217 5517 224 5552 τ
240 5500 348 5563 Videte,
366 5519 401 5556 ne
417 5505 528 5574 quando
539 5510 695 5577 graventur
706 5506 790 5562 corda
800 5511 892 5561 restra
902 5505 930 5559 in
973 5502 1081 5567 cellam,
1098 5503 1126 5553 et
1139 5497 1257 5569 sagittas
1271 5496 1432 5550 mittentem
1447 5501 1546 5551 contra
1560 5496 1642 5552 illum
1663 5514 1772 5567 senem,

129 5589 287 5662 crapulaet
302 5589 439 5647 ebrietate
453 5595 540 5661 (Loca
555 5600 622 5664 xxi).
640 5596 687 5652 Fst
702 5601 797 5652 autern
816 5601 846 5653 et
859 5595 932 5651 alins
973 5590 1075 5665 quibus
1094 5587 1174 5661 quasi
1193 5585 1360 5660 perforatus,
1377 5584 1474 5642 “alim
1488 5588 1624 5658 tanquam
1648 5583 1777 5659 onnus,
1848 5642 1853 5653 .

286 5682 289 5688 ’
324 5691 610 5762 exmonnxxnr.
1579 5681 1619 5746 2⁸
