3832 6120
134 315 186 374 439
645 313 692 368 DE
709 312 804 368 viris
822 312 970 368 PATRUM
988 311 1096 368 LIBER
1113 307 1273 365 PRIMUS.n
1713 295 1767 353 ffb

136 443 267 515 operibus
276 440 438 495 renuntiare
453 439 528 493 omni
544 438 626 492 modo
640 437 782 501 condecet,
796 440 829 489 ut
843 434 925 487 coele-
936 439 1056 505 Aquere
1071 432 1182 503 poterit,
1208 430 1299 501 ipsum
1317 426 1424 497 jugiter
1446 423 1475 476 in
1494 426 1589 476 mente
1616 417 1763 481 habentes,

136 537 208 586 stem
232 545 438 599 consequamur
447 527 554 581 vitam?
578 526 755 596 Quapropter
781 538 932 594 pergamus
971 539 1092 593 eumque
1105 520 1217 575 assidue
1227 516 1449 572 oranteleerte
1459 513 1482 566 si
1497 511 1569 565 fame
1583 507 1769 564 defecerimus

136 620 170 672 ad
186 634 323 681 eremum,
339 617 410 671 nihil
434 614 578 671 nobiscum
594 615 725 679 ferentes,
738 613 773 666 ad
786 611 930 682 acquiren-
971 613 1000 666 in
1016 628 1119 676 eremo,
1142 626 1192 663 nos
1202 607 1354 663 Dominum
1368 616 1541 666 accusemus,
1557 599 1768 669 etimproperc-

135 708 200 762 dam
213 707 354 760 eoelestem
362 705 530 775 gloriam,et
544 703 716 774 superiorem
731 691 931 770 investigemus
972 718 1034 756 mus
1042 702 1077 765 ei,
1090 716 1153 754 cum
1168 698 1309 768 adipsum
1328 693 1487 748 venerimus
1513 689 1654 743 dicentes:
1673 686 1769 741 Credi·

134 813 168 850 ex
180 795 329 850 virtutibus
338 793 524 865 disciplinam.
533 792 672 846 llisdictis
686 790 808 863 universi
816 804 931 843 consen-
971 791 1065 845 dimus
1075 787 1225 858 Evangelio
1244 792 1303 851 tuo,
1321 782 1369 839 ubi
1383 780 1477 836 dixisti
1492 778 1567 850 quod
1578 777 1725 832 universos
1739 776 1770 830 in

134 901 212 951 sere,
223 883 477 953 deferentesquead
487 898 612 936 eremum
621 897 715 935 secum
725 896 811 952 parva
822 879 930 932 olerum
971 885 999 934 te
1010 879 1155 933 credentes
1165 876 1226 931 coeli
1239 873 1445 946 pabulopasces
1456 888 1462 923 ε
1474 867 1590 923 fecimus
1598 870 1769 936 cunctaquae

134 974 284 1040 seminaret
291 972 335 1026 bis
350 977 456 1038 acutos,
473 987 629 1042 parvosque
654 969 778 1023 sarculos
788 966 837 1036 (2),
853 965 929 1020 unde
971 967 1137 1041 praecepisti,
1156 964 1331 1037 speravimus
1344 962 1418 1026 inte,
1435 964 1463 1013 et
1480 963 1512 1012 tu
1533 973 1585 1011 nos
1604 955 1767 1026 despexisti.

135 1063 251 1118 humum
272 1061 444 1125 defoderent,
465 1059 582 1130 profecti
593 1063 699 1117 suntet
707 1062 845 1111 venerunt
853 1056 894 1109 ita
900 1055 931 1108 in
972 1058 1027 1113 Sed
1038 1057 1104 1128 quia
1116 1056 1154 1110 ibi
1168 1071 1220 1109 nos
1231 1051 1365 1125 probasti,
1375 1048 1527 1118 hicmagis,
1542 1052 1574 1100 ut
1583 1044 1685 1116 probes
1697 1044 1768 1099 veri·

133 1167 259 1206 eremum
276 1169 282 1204 :
306 1166 462 1221 rursusque
477 1148 646 1203 Frontonius
658 1147 713 1201 ait:
743 1145 879 1200 Dominus
901 1143 930 1197 in
971 1153 1069 1211 tatem,
1085 1145 1171 1200 redde
1182 1144 1254 1214 quod
1266 1139 1429 1213 promisisti.
1444 1137 1538 1192 Nolite
1553 1152 1619 1206 ergo
1637 1149 1768 1190 murmu-

132 1239 283 1309 Evangelio
298 1239 339 1293 ait
351 1258 356 1292 :
370 1238 462 1293 Nolite
479 1238 601 1308 cogitare
616 1234 930 1307 quidmanducetisaut
972 1253 1035 1291 rare
1050 1235 1184 1289 adversus
1194 1234 1294 1296 Deum,
1308 1230 1569 1290 nemurmurantes,
1584 1224 1657 1278 sicut
1671 1227 1769 1293 patres

133 1327 200 1399 quid
211 1327 322 1393 bibatis,
338 1333 386 1381 aut
399 1344 454 1398 quo
476 1325 660 1397 operiamini;
677 1325 736 1378 haec
746 1325 821 1377 enim
835 1320 930 1377 omnia
970 1324 1058 1380 nostri
1073 1325 1102 1377 in
1118 1323 1170 1375 hoc
1183 1322 1303 1383 deserto,
1319 1313 1521 1388 aserpentibus
1539 1311 1671 1385 pereatis.
1687 1310 1770 1375 Quod

131 1423 229 1486 gentes
254 1416 351 1470 mundi
367 1421 505 1487 quaerunt.
526 1414 648 1477 errerite
670 1413 792 1484 primum
809 1427 927 1481 regnum
970 1414 994 1468 si
1005 1411 1218 1483 expectaveritis
1231 1408 1393 1471 Dominum,
1407 1403 1519 1474 quando
1533 1400 1661 1465 voluerit,
1688 1398 1769 1454 dabit

136 1505 197 1569 Dei,
211 1504 384 1574 etjustitiam
400 1506 471 1573 ejus,
495 1501 931 1571 ethaecornniaadJirienturvo-
971 1503 1045 1557 bona
1057 1499 1223 1556 timentibus
1246 1515 1286 1551 se.
1315 1491 1380 1559 Quo'
1397 1495 1481 1558 dicto,
1511 1491 1651 1545 siluerunt
1670 1504 1770 1543 omnes

132 1592 175 1646 bis
190 1594 296 1663 (attauh.
312 1600 360 1658 vl).
377 1593 535 1646 Teneamus
551 1590 731 1662 promissum,
754 1596 783 1644 et
808 1588 930 1643 invenie·
970 1592 1116 1664 paululum
1139 1585 1394 1643 remurmuratione
1414 1599 1487 1637 sua:
1516 1584 1598 1634 erant
1622 1584 1719 1632 tamen
1741 1578 1771 1630 in

132 1699 195 1735 mus
206 1683 235 1735 in
246 1681 326 1735 nobis
335 1698 404 1752 epus
411 1681 524 1735 Domini
534 1689 740 1735 conservatum.
749 1679 853 1734 Omnes
863 1694 929 1747 ergo
970 1697 1089 1735 moerore
1104 1678 1199 1750 positi.
1483 1686 1486 1691 '

132 1769 298 1824 habitabant
310 1770 339 1822 in
356 1785 459 1835 eremo,
472 1768 595 1840 inopere
611 1766 723 1822 Domini
736 1758 963 1837 jugiterlabo-B
1009 1770 1077 1823 Cir.
1095 1767 1141 1822 IV.
1153 1796 1188 1807 -
1203 1766 1260 1834 Ego
1274 1779 1339 1816 vero
1355 1759 1488 1832 proposui
1504 1758 1633 1812 universa
1649 1755 1774 1810 breviter

133 1865 238 1927 rarites,
253 1864 282 1912 et
295 1859 324 1912 in
336 1857 572 1928 aganespirituali
584 1857 770 1927 proficientes
781 1854 931 1925 adjuvabat
971 1857 1094 1928 exsequi,
1111 1862 1140 1911 ot
1154 1859 1253 1909 cuneta
1266 1867 1395 1906 sermone
1415 1847 1518 1903 rustico
1533 1844 1773 1916 corrrprehendere

132 1948 207 2002 enim
235 1947 373 2001 Dominus
396 1963 490 2000 servos
505 1963 579 1999 suos.
606 1947 668 2015 lpse
683 1945 931 1999 veroFrontonius
971 1965 1032 2019 quae
1047 1963 1111 2000 cum
1123 1961 1173 1999 suo
1188 1941 1320 2015 prosequi
1333 1939 1416 1993 titulo
1430 1937 1471 1990 sas
1486 1942 1542 2004 est3
1564 1940 1593 1989 et
1608 1934 1773 2005 perhujus·

130 2052 187 2089 non
201 2052 251 2106 pro
265 2052 296 2089 se
310 2041 432 2101 tantum,
458 2035 506 2088 sed
527 2051 577 2105 pro
592 2034 699 2088 cunetis
711 2033 820 2098 orabat,
840 2033 931 2087 sciens
971 2036 1046 2090 modi
1062 2034 1147 2088 libelli
1159 2032 1314 2088 sententias
1335 2044 1367 2082 ac
1383 2027 1560 2099 syllogismos
1571 2023 1646 2078 dulci
1659 2022 1771 2092 eloquio

131 2125 267 2195 scriptum
281 2125 431 2178 esse:Non
441 2140 568 2194 quaerens
581 2123 654 2193 quod
663 2122 810 2177 mihiutile
820 2123 867 2190 sit,
882 2122 931 2177 sed
972 2141 1095 2190 currere,
1123 2128 1206 2194 prout
1226 2126 1319 2193 potest
1343 2117 1536 2188 unusquisque
1556 2114 1644 2167 lector
1661 2112 1773 2167 audire.

132 2214 206 2284 quod
217 2214 323 2280 multis
335 2218 368 2268 ut
381 2213 449 2266 salvi
464 2213 533 2266 fiant
545 2215 570 2274 (l
580 2212 646 2267 'Corn
656 2218 694 2289 rx).
972 2215 1131 2269 Redeamus
1140 2212 1176 2267 ad
1192 2211 1319 2265 ordinem
1341 2208 1424 2279 coepti
1447 2204 1582 2277 opusculi,
1600 2206 1632 2257 ut
1647 2218 1705 2257 non
1720 2217 1773 2257 no·

169 2304 234 2357 Car.
245 2302 323 2357 ll.—
339 2303 466 2372 Cumque
479 2301 509 2354 in
524 2301 621 2355 eadem
638 2317 732 2354 eremo
759 2300 843 2370 longo
863 2306 933 2354 tem·
972 2310 1032 2358 stra
1046 2303 1192 2357 videamur
1207 2317 1341 2356 asserere.

134 2408 202 2464 pore
214 2397 402 2453 morarentur,
418 2395 529 2445 tentare
541 2407 588 2443 eos
602 2388 781 2443 adversarius
794 2389 932 2443 Christia—
1009 2394 1074 2448 Cir.
1086 2393 1120 2446 V.
1137 2390 1278 2461 -Pergit
1293 2391 1387 2460 itaque
1398 2388 1523 2460 angelus,
1538 2387 1642 2441 missus
1654 2384 1777 2440 aDomi-

132 2498 234 2536 norum
249 2481 341 2551 coepit,
358 2486 390 2534 ut
404 2480 560 2548 cogitarent
575 2477 604 2531 in
626 2479 709 2531 corde
725 2494 775 2531 sue
799 2477 873 2548 quod
885 2477 931 2532 de·
973 2499 1009 2537 no
1019 2481 1054 2536 ad
1075 2481 1226 2552 quemdam
1239 2479 1354 2533 divitem
1368 2482 1459 2544 nocte,
1471 2476 1637 2531 etdieititli:
1654 2475 1698 2530 Tu
1708 2490 1776 2546 epu·

137 2569 264 2624 buissent
277 2569 306 2621 in
322 2568 422 2646 saeculo
434 2567 584 2633 demorari,
604 2566 671 2637 quia
691 2566 932 2621 Anaehorctarum
973 2571 1041 2625 laris
1050 2571 1079 2624 in
1091 2569 1195 2624 divitiis
1208 2567 1362 2641 splendide,
1383 2573 1412 2621 et
1426 2566 1498 2620 servi
1511 2566 1566 2620 mei
1576 2566 1606 2619 in
1623 2581 1719 2619 eremo
1733 2564 1777 2618 in·

132 2658 191 2711 vita
217 2656 367 2710 durissima
388 2661 441 2721 est,
457 2660 582 2709 etnemo
605 2672 667 2708 earn
688 2661 781 2725 potest
805 2656 931 2709 suficere.
974 2659 1071 2729 digent
1087 2675 1173 2730 panc3
1200 2674 1284 2728 surge
1299 2673 1366 2727 ergo
1380 2655 1511 2720 diluculo,
1530 2660 1559 2710 et
1582 2654 1664 2708 mitte
1687 2653 1776 2707 servis

138 2747 350 2800 Murmuravere
360 2761 426 2815 ergo
440 2744 470 2797 in
481 2743 612 2797 cordibus
622 2743 689 2809 suis,
707 2743 845 2798 dicentes:
861 2744 934 2808 Quid
975 2748 1046 2802 meis
1061 2764 1137 2801 escas
1152 2763 1184 2800 ex
1203 2745 1333 2801 omnibus
1348 2763 1410 2816 quae
1424 2745 1475 2799 tibi
1490 2744 1565 2812 dedi,
1591 2744 1658 2814 quia
1672 2759 1776 2814 procu·

139 2839 191 2900 est,
209 2833 283 2904 quod
297 2833 385 2887 voluit
402 2833 488 2887 Pater
502 2837 599 2886 noster
612 2831 791 2896 FrontoniuS,
807 2838 841 2886 ut
853 2832 935 2886 habi·
976 2843 1099 2890 retorem
1123 2841 1150 2890 te
1165 2836 1245 2907 posui
1263 2835 1357 2905 gregis
1371 2835 1437 2900 mei,
1453 2834 1500 2905 qui
1513 2839 1541 2887 te
1555 2834 1625 2888 coelo
1653 2832 1778 2887 laetante

135 2930 229 2977 temus
241 2922 270 2975 in
286 2921 402 2974 eremo?
416 2920 551 2991 Nunquid
570 2920 611 2973 illi
630 2919 677 2990 qui
693 2920 721 2973 in
735 2919 851 2975 urbibus
865 2926 894 2975 et
907 2938 935 2975 m
974 2925 1166 2996 jugiterpavi,
1183 2939 1370 2995 necunquam
1393 2922 1497 2977 dimisi.
1524 2923 1568 2977 lta
1580 2939 1647 2993 ergo
1670 2920 1778 2993 placuit

136 3010 259 3065 castellis
274 3009 412 3071 habitant,
429 3009 519 3064 Deum
529 3008 624 3062 videre
638 3025 695 3062 non
705 3014 839 3079 possunt3
850 3011 935 3081 etqui
978 3014 1047 3068 milii
1061 3030 1094 3067 ex
1106 3014 1284 3084 eleemosyna
1297 3019 1347 3067 tua
1359 3014 1474 3066 reficere
1484 3027 1621 3082 pauperes
1635 3008 1779 3081 meos,qui

136 3101 165 3155 in
188 3116 282 3154 eremo
310 3098 448 3164 habitant,
474 3098 525 3152 soli
548 3097 661 3151 vident?
679 3115 773 3152 nonne
801 3116 848 3153 cos
870 3076 1128 3156 beniGindeserto
1144 3102 1327 3173 spiritualiter
1340 3103 1443 3166 vivunt,
1461 3107 1523 3155 etse
1537 3100 1606 3154 milri
1620 3117 1673 3154 suo
1684 3099 1779 3155 Domi-

138 3195 217 3243 actus
239 3187 458 3242 commendant?
481 3187 611 3257 quisnam
635 3187 739 3256 poterit
760 3187 822 3241 cibo
842 3189 936 3244 vivere
977 3208 1013 3245 no
1027 3191 1226 3255 crediderunt;
1242 3190 1710 3260 idcircofaciassermonem,quem
1719 3204 1779 3243 mo-

136 3276 324 3348 angelorum?
339 3277 408 3332 Eece
423 3275 560 3329 morimur
574 3275 664 3343 farne,
685 3274 810 3330 defectus
832 3277 937 3348 vigilia·
977 3281 1022 3346 do,
1037 3281 1140 3334 missus
1155 3296 1172 3334 a
1186 3280 1314 3345 Domine,
1329 3280 1428 3351 loquor
1442 3279 1523 3333 adte.
1538 3279 1619 3343 Quod
1633 3279 1689 3333 nisi
1703 3279 1778 3333 fece·

137 3383 201 3422 rum
219 3382 277 3420 non
286 3365 361 3437 capit
372 3365 461 3430 labor,
474 3365 522 3418 sed
537 3363 647 3417 acriora
656 3380 707 3417 nos
717 3364 851 3435 frangunt
859 3367 936 3437 jeju·
978 3369 1025 3436 ris,
1042 3369 1184 3441 dissipasti
1199 3368 1443 3439 soeduspacificum
1458 3368 1569 3423 Domini
1578 3369 1631 3423 Dei
1646 3370 1700 3423 tui.

139 3455 196 3520 nia,
207 3456 335 3525 fiuntque
345 3451 797 3524 debiliagenua,utunusquisque
808 3461 935 3509 nostrum
1014 3459 1141 3513 clavi.
1157 3486 1189 3496 -
1205 3460 1243 3512 At
1257 3458 1303 3511 ille
1325 3464 1403 3512 tanto
1423 3463 1531 3512 terrore
1558 3463 1724 3525 conventus,
1744 3476 1778 3514 ex

139 3560 197 3598 non
211 3542 300 3614 possit
313 3547 399 3596 stare.
978 3549 1025 3603 illo
1039 3564 1136 3601 somno
1147 3547 1361 3617 expergiscitur3
1378 3563 1604 3618 consurgensque
1614 3563 1780 3613 meaecon-

174 3634 238 3687 Cir.
254 3631 346 3685 111.-
361 3630 486 3684 Audiens
499 3631 668 3685 Frontonius
684 3648 781 3686 eorum
795 3649 934 3702 murmur,
977 3638 1081 3690 vocatis
1099 3635 1264 3690 necessariis
1279 3636 1385 3703 amicis,
1399 3636 1541 3707 servisque
1556 3642 1652 3703 Md)
1666 3637 1725 3692 suis
1748 3637 1780 3692 fi·

139 3725 290 3790 antequam
297 3718 333 3772 ad
347 3734 410 3771 eum
423 3719 605 3772 convenirent
618 3719 742 3774 dicentes
750 3721 865 3792 aliquid,
877 3723 936 3794 ipse
977 3725 1096 3793 delibus,
1108 3726 1217 3780 locutus
1232 3731 1275 3779 est
1286 3725 1321 3779 ad
1334 3743 1389 3790 eos,
1405 3726 1513 3779 dicens:
1528 3726 1637 3780 Jacenti
1653 3726 1781 3780 mihine-

139 3807 311 3878 praeveniens
325 3823 372 3860 eos
387 3807 444 3860 ait:
459 3806 610 3877 Quousque
626 3809 743 3863 irritatis
757 3809 847 3865 Deum
862 3828 937 3865 mur·
978 3821 1022 3869 cte
1036 3815 1065 3868 in
1080 3815 1163 3881 lecto,
1177 3814 1321 3886 quidpiam
1332 3815 1440 3886 soporis
1451 3832 1594 3886 ceperam;
1611 3821 1640 3870 et
1650 3832 1715 3870 ecce
1729 3832 1779 3871 su-

140 3901 285 3949 murantes
297 3894 326 3948 in
339 3893 469 3949 cordibus
482 3896 591 3960 vestris,
604 3903 633 3950 et
644 3897 769 3952 dicentes
783 3915 789 3953 :
803 3899 937 3971 Nunquid
979 3902 1036 3958 bito
1050 3905 1166 3958 nuntius
1177 3904 1274 3968 astitit,
1288 3903 1391 3958 dicens:
1405 3904 1446 3958 En
1457 3911 1489 3958 tu
1500 3904 1622 3976 epularis
1632 3905 1662 3959 in
1675 3904 1779 3960 divitiis

139 3984 188 4055 qui
202 3999 328 4038 eremum
343 3983 666 4050 inhabitant,hitantum
675 3987 800 4042 suntDei
808 3989 880 4042 servi
891 3990 897 4043 ἔ
909 3994 938 4044 et
978 3993 1035 4047 tuis
1050 3993 1204 4064 splendide,
1221 3993 1292 4047 servi
1307 4010 1371 4047 vero
1388 3993 1443 4047 mei
1467 3994 1495 4047 in
1515 3993 1626 4048 deserto
1649 3995 1780 4066 indigent

140 4072 203 4144 quis
226 4090 258 4126 ex
274 4070 336 4126 cibo
349 4072 452 4142 poterit
466 4073 558 4128 vivere
578 4076 760 4145 angelorum!
782 4077 937 4132 Convenia—
978 4082 1106 4153 panibus
1132 4083 1221 4154 Surge
1230 4100 1295 4152 ergo
1306 4083 1438 4149 dilucul0,
1459 4088 1488 4136 et
1502 4082 1583 4137 mitte
1602 4084 1690 4137 servis
1707 4084 1778 4139 meis

140 4179 203 4216 mus
216 4162 251 4216 ad
267 4160 596 4233 abbatem,etloquanrur
604 4163 639 4217 ad
650 4181 725 4230 eum,
734 4173 767 4220 ut
778 4165 937 4223 habitemus
979 4188 1055 4226 oscas
1065 4188 1097 4225 ex
1109 4172 1238 4227 omnibus
1251 4189 1312 4243 quea
1322 4172 1386 4226 dedi
1394 4171 1778 4243 tibi,quiaprocurat0remte

139 4252 168 4305 in
184 4251 310 4306 civitate:
325 4250 391 4322 quia
405 4251 430 4304 si
446 4251 494 4322 qui
508 4268 560 4306 nos
574 4252 631 4306 illic
640 4254 770 4321 viderint,
781 4262 937 4327 opportune
979 4261 1059 4331 posui
1071 4260 1165 4331 gregis
1175 4262 1239 4316 mei.
1262 4262 1330 4315 Ecce
1346 4261 1457 4316 mittere
1472 4278 1566 4332 quaero
1578 4281 1585 4330 3
1598 4262 1648 4316 sed
1662 4262 1711 4316 ubi
1721 4279 1779 4318 ino·

139 4339 220 4395 nobis
231 4342 313 4412 juxta
327 4340 378 4394 Dei
392 4344 488 4395 votum
503 4341 629 4412 dirigunt
642 4360 728 4410 escaS,
740 4350 825 4416 prout
837 4346 938 4416 cuique
979 4356 1078 4404 rentur
1092 4351 1165 4403 servi
1173 4350 1233 4416 Dei,
1247 4351 1356 4420 ignoro.
1374 4351 1462 4422 Cupio
1478 4356 1650 4422 preceptum
1660 4351 1779 4424 implere

139 4430 277 4484 Dominus
290 4429 401 4483 dederit
423 4428 524 4482 fecere.
550 4431 622 4485 illud
636 4438 731 4486 autem
747 4434 858 4501 scitote,
874 4433 971 4505 quiaD
981 4439 1155 4494 admonitus:
1169 4439 1216 4493 sed
1227 4439 1377 4509 quismilii,
1392 4440 1427 4493 ad
1447 4456 1532 4510 quem
1542 4440 1663 4512 dirigam
1674 4442 1778 4509 locum,

140 4535 197 4574 non
208 4518 320 4573 necabit
329 4517 466 4572 Dominus
475 4518 548 4572 fame
561 4520 685 4574 animam
694 4523 773 4590 Justi.
787 4523 855 4576 Eece
866 4524 940 4579 oculi
980 4528 1129 4583 ostendet?
1143 4528 1278 4583 Convenit
1292 4545 1338 4582 me
1358 4528 1485 4599 angelus,
1508 4529 1639 4603 praecepit
1649 4536 1680 4585 et
1694 4531 1778 4585 Deus.

141 4608 255 4664 Domini
264 4625 350 4680 super
357 4607 490 4662 timentes
501 4624 575 4675 eum,
591 4614 624 4662 ut
637 4611 695 4663 alat
704 4627 751 4664 eos
765 4611 839 4665 fame
855 4614 937 4680 (Psoi.
981 4616 1036 4669 Sed
1049 4634 1105 4684 vos,
1118 4617 1165 4686 qui
1180 4616 1304 4671 seniores
1316 4618 1643 4684 estis,ostenditelocum.
1653 4621 1688 4674 Et
1698 4637 1782 4677 nemo

140 4700 241 4768 xxxii).
254 4699 289 4753 Et
303 4697 374 4753 illud
387 4713 445 4751 non
456 4698 651 4752 memoramini
662 4699 806 4771 scriptum,
816 4703 890 4771 quod
899 4703 940 4757 ait
980 4705 1068 4761 valuit
1096 4707 1136 4759 illi
1165 4706 1289 4759 indicare
1304 4707 1408 4772 locum,
1423 4708 1489 4778 quia
1517 4708 1546 4762 in
1564 4708 1662 4765 abdito
1677 4697 1783 4766 montis

140 4788 308 4858 Apostolus:
326 4788 359 4841 ln
366 4786 476 4840 fameet
482 4786 528 4840 siti
538 4786 580 4856 (ΙΙ
586 4787 647 4842 Cor.
656 4788 774 4855 xillSed
786 4789 939 4862 vobisque·
981 4795 1141 4859 manebant,
1153 4801 1182 4849 et
1192 4813 1273 4850 nemo
1285 4795 1334 4851 ubi
1344 4804 1524 4852 morarentur
1533 4808 1699 4870 agnoverat.

142 4892 196 4946 que
204 4875 234 4930 in
241 4892 336 4931 memo
349 4892 494 4947 nunquam
504 4876 768 4932 defueruntradiees
774 4876 935 4949 herbarum,
1016 4886 1084 4941 Car.
1100 4885 1162 4940 Vll.
1180 4917 1212 4927 -
1222 4886 1311 4957 lg'tur
1322 4888 1410 4941 altera
1418 4895 1499 4943 nocte
1505 4889 1613 4944 duriori
1627 4893 1784 4949 commina.

141 4980 192 5017 nec
209 4963 352 5017 mansistis
363 4965 513 5035 aliquando
521 4965 620 5036 jejuni.
636 4966 832 5022 Recordamini
843 4974 938 5025 autem
981 4975 1056 5029 tione
1067 4976 1380 5046 conventus,plagisque
1390 4978 1533 5033 confossus
1542 4979 1618 5035 dives
1626 4980 1685 5048 iile,
1697 4985 1785 5039 corri-

141 5053 209 5125 quia
223 5057 305 5106 antea
320 5054 429 5107 locutus
444 5070 505 5107 sum
521 5053 611 5110 vobis:
627 5055 720 5110 Nolite
734 5058 857 5127 cogitare
872 5060 937 5130 quid
980 5064 1057 5134 pitur
1070 5070 1098 5118 et
1113 5070 1238 5134 urgetur,
1257 5071 1288 5119 ut
1303 5065 1389 5120 servis
1402 5066 1453 5121 Dei
1467 5066 1602 5139 dirigeret
1616 5087 1706 5126 escas.
1729 5074 1784 5129 lte·
1808 5082 1814 5095 ‘

141 5141 326 5208 manducetis,
343 5148 393 5196 aut
410 5142 476 5212 quid
498 5141 610 5209 bibatis,
627 5150 677 5199 ant
691 5161 745 5215 quo
762 5147 937 5217 operiamini,
981 5169 1043 5207 rum
1058 5153 1181 5207 diluculo
1196 5156 1656 5226 consurgens,aprioribusamicis
1671 5178 1783 5232 quaere-

140 5231 200 5285 haec
214 5231 289 5284 enim
301 5231 396 5285 omnia
408 5238 506 5302 gentes
516 5231 614 5286 mundi
625 5241 754 5303 quaerunt
766 5237 873 5302 (lfattb.
888 5241 936 5306 vi).
979 5241 1028 5296 bat
1042 5242 1198 5308 consilium,
1211 5249 1243 5297 ut
1261 5243 1315 5298 sibi
1325 5244 1459 5311 dicerent,
1476 5252 1525 5301 aut
1538 5255 1614 5303 certe
1620 5248 1656 5302 ab
1663 5251 1728 5305 aliis
1742 5252 1785 5309 in·

141 5320 225 5375 Novit
243 5319 379 5374 Dominus
394 5320 485 5374 cibum
501 5320 567 5374 dare
581 5321 746 5377 timentibus
761 5341 800 5378 se.
816 5325 939 5389 Quaerite
980 5331 1132 5402 quirerent,
1146 5331 1193 5385 ubi
1204 5332 1277 5386 servi
1288 5332 1338 5386 Dei
1349 5342 1537 5390 morarentur.
1556 5336 1658 5392 Aiebat
1668 5358 1783 5413 quoque

142 5408 263 5479 primum
279 5425 397 5479 regnum
412 5410 472 5476 Dei,
491 5416 519 5463 et
525 5410 665 5480 justitiam
676 5415 747 5484 ejus,
764 5422 793 5468 et
806 5416 864 5470 haec
876 5434 937 5472 om·
979 5420 1109 5474 istarum
1124 5421 1246 5476 marimo
1261 5422 1339 5489 fletu,
1355 5424 1453 5494 plagas
1463 5425 1623 5493 osteadens,
1634 5429 1782 5498 quibusde

75 5547 83 5563 ,
141 5497 190 5552 nia
201 5497 370 5569 adjicientur
380 5498 463 5553 vebis.
476 5499 505 5553 si
518 5499 592 5553 enim
603 5500 739 5557 Dominus
754 5505 876 5560 volatilia
886 5523 937 5578 pa·
976 5526 1064 5565 manu
1080 5511 1173 5581 angeli
1188 5501 1781 5585 fuer-atnoctecorreptus.sedcumneme

142 5585 203 5651 scit,
220 5591 248 5640 et
265 5603 360 5642 corvos
378 5603 434 5642 non
453 5587 566 5653 deserit,
586 5592 726 5664 quomodo
746 5609 796 5647 nos
814 5595 937 5652 derelin-
977 5600 1173 5672 possetlocum
1182 5600 1362 5657 habitationis
1371 5619 1514 5662 servorum
1521 5603 1573 5660 Dei
1582 5605 1608 5659 ei
1615 5608 1779 5681 ostendere,
