3818 6120
141 280 192 342 tu
790 295 1124 357 vmmsnnxonuu.
1722 274 1777 334 111

140 411 280 484 lacrymas
288 409 424 467 habentes
433 414 602 472 animaeSed
613 420 642 472 et
655 416 710 473 diei
719 423 933 479 resurrectionis
942 426 968 486 Α
976 425 1137 481 ceciderunt
1148 423 1230 496 proni
1239 421 1269 476 in
1282 419 1392 484 faeiem,
1403 415 1544 469 dieentes:
1558 409 1651 474 Pater,
1663 419 1713 459 ora
1721 417 1772 474 pro

139 516 249 555 memor
256 507 363 566 esto,et
370 502 580 570 illuddivinum,
595 506 776 576 horrendum,
788 515 873 582 atque
882 518 937 566 ter·
977 514 1067 570 nobis.

138 588 381 662 ribileimaginare
392 592 540 662 judicium.
552 595 690 650 Adducad
700 598 823 654 medium
833 601 937 672 reposi-
1016 600 1057 660 10.
1081 603 1248 659 praeteriens
1268 595 1418 670 aliquando
1433 592 1520 647 abbas
1534 590 1634 642 Pastor
1646 584 1676 639 in
1690 582 1776 653 AEgy·

135 683 193 734 tam
208 680 937 758 peccatoribuscoufusionem,quampassurisuntin
978 697 1036 764 pto,
1053 692 1122 747 vidit
1145 692 1292 746 mulierem
1322 688 1351 741 in
1378 683 1560 738 monumento
1585 674 1729 730 sedentem
1748 673 1777 724 et

135 774 288 841 conspectu
296 770 401 825 Christi
408 776 436 825 et
447 773 506 839 Dei,
519 780 547 827 et
557 791 650 829 coram
661 777 768 846 angelis
778 783 807 831 et
818 779 937 833 archan·
979 782 1093 836 flentem
1110 798 1213 846 amare,
1232 787 1261 835 et
1270 776 1357 833 dixit:
1375 775 1405 829 Si
1420 771 1533 827 veniant
1546 765 1642 822 omnia
1653 761 1775 816 delecta·

135 858 217 929 galis,
234 860 430 931 potestatibus,
448 866 477 915 et
494 863 633 918 universis
653 865 831 935 hominibus,
843 869 891 922 sed
909 874 938 922 et
978 869 1048 924 uiua
1066 871 1164 925 mundi
1188 870 1283 940 hujus,
1305 882 1360 921 non
1374 861 1544 918 transferent
1559 855 1683 910 animam
1699 849 1775 904 illius

136 947 275 1019 supplicia
294 950 398 1017 omnia,
415 950 509 1021 ignem
524 957 670 1021 aternum,
687 971 809 1010 vermem
823 957 937 1012 immor·
977 977 994 1014 a
1008 961 1095 1015 luctu.
1112 961 1155 1015 lta
1168 963 1197 1013 et
1211 956 1364 1012 monachus
1378 952 1461 1008 debet
1474 963 1585 1019 semper
1599 945 1707 999 luctum
1726 939 1774 992 ha·

135 1038 233 1102 talem,
259 1043 433 1094 tartarorum
453 1040 593 1108 tenebras,
610 1049 639 1097 et
662 1061 746 1114 super
770 1044 937 1101 haecomnia
977 1047 1043 1103 bere
1055 1049 1085 1103 in
1098 1048 1258 1119 semetipso.

136 1125 265 1181 dentium
276 1127 420 1195 stridores,
437 1135 465 1184 et
478 1131 605 1198 timores,
622 1137 650 1186 11
664 1138 813 1188 tormenta.
839 1136 936 1190 Adduo
1014 1123 1600 1194 111111111111111111111111111111111111
1612 1116 1775 1192 inpartibus

135 1215 223 1271 etiam
231 1222 260 1270 et
267 1216 340 1271 bona
347 1234 409 1289 quaa
419 1224 486 1273 sunt
493 1221 579 1290 justis
588 1222 719 1292 reposita,
729 1223 859 1278 fiduciam
870 1229 935 1279 ante
977 1226 1076 1293 Diolci,
1088 1233 1117 1281 et
1125 1225 1349 1282 venientescirca
1360 1223 1552 1283 monumenta,
1569 1212 1700 1267 viderunt
1713 1221 1773 1261 mu·

135 1305 226 1360 Deum
234 1306 346 1361 Patrem
358 1312 385 1362 et
393 1308 819 1380 Christumejusfiliumcoram
829 1314 937 1384 angelis
977 1315 1075 1371 lierem
1095 1316 1179 1370 nimis
1197 1316 1348 1370 caedentem
1370 1327 1400 1364 se
1423 1315 1452 1363 et
1465 1309 1579 1362 flentem
1593 1309 1698 1356 amate.
1719 1293 1773 1361 Qui

136 1399 165 1450 et
179 1395 365 1466 archangelis,
383 1402 412 1451 et
430 1399 626 1469 potestatibus,
644 1405 728 1471 atque
742 1402 819 1457 omni
834 1403 914 1475 plebe
927 1424 934 1473 ;
977 1410 1084 1460 stantes
1094 1404 1277 1460 intendebant
1290 1404 1319 1457 iu
1332 1418 1402 1456 eam.
1417 1396 1566 1454 Paululum
1573 1396 1668 1446 autem
1678 1399 1773 1458 proue-

136 1500 257 1555 reguum
265 1486 409 1553 coelorum,
420 1493 448 1541 et
456 1488 529 1542 dona
539 1489 751 1560 ejus,gaudium
760 1497 789 1546 et
798 1494 934 1565 requiem.
977 1495 1085 1560 dentes,
1099 1492 1407 1556 occurreruntcuidam,
1417 1494 1445 1543 et
1457 1480 1712 1553 interrogaviteum
1724 1473 1774 1529 ab·

133 1573 325 1646 Utrorumque
332 1577 432 1630 horum
438 1579 733 1635 commemorationem
739 1581 810 1636 habe
816 1583 934 1653 apudte,
977 1582 1026 1638 bas
1038 1584 1146 1650 Pastor,
1164 1584 1274 1638 dicens:
1288 1580 1361 1646 Quid
1368 1579 1454 1633 habet
1462 1574 1565 1630 mulier
1572 1572 1636 1634 ista,
1648 1565 1723 1639 quod
1732 1563 1773 1618 sie

133 1667 163 1718 et
171 1664 366 1735 superjudicia
374 1666 487 1737 quidem
493 1673 672 1738 peccatorum
679 1669 839 1740 ingemisce,
844 1672 933 1742 plora,
977 1673 1069 1743 plorat
1078 1673 1193 1727 amare?
1204 1672 1280 1727 Dixit
1289 1671 1331 1725 ei:
1347 1671 1471 1725 Mortuus
1481 1669 1523 1719 est
1534 1661 1651 1716 maritus
1663 1657 1734 1728 ejus,
1746 1657 1774 1708 11

132 1753 236 1808 restire
251 1753 377 1809 luctuum
388 1755 549 1827 imaginem,
568 1762 696 1813 metuens
705 1775 741 1813 ne
751 1765 780 1814 et
794 1764 826 1814 tu
836 1761 895 1831 ipse
905 1747 966 1816 inB
977 1761 1062 1828 filius,
1079 1766 1107 1815 et
1121 1761 1217 1816 frater.
1236 1762 1270 1815 Et
1291 1758 1463 1831 respondens
1479 1752 1565 1808 abbas
1579 1750 1687 1811 Pastor,
1704 1742 1774 1798 dixit

132 1841 178 1897 his
188 1858 410 1915 corruas3super
424 1844 499 1900 bona
514 1863 579 1901 vero
587 1847 671 1917 iustis
686 1849 819 1920 reposita,
830 1851 932 1920 gaude,
975 1849 1069 1905 abbati
1078 1850 1176 1904 anub:
1193 1849 1260 1904 Dico
1276 1849 1337 1914 tibi,
1357 1846 1423 1919 quia
1446 1843 1500 1900 nisi
1514 1843 1598 1897 homo
1613 1851 1710 1892 omnes
1728 1848 1773 1885 vo-

133 1931 252 1998 exsulta,
271 1938 300 1987 et
316 1932 421 1988 latare.
433 1935 468 1989 Et
476 1935 521 1990 his
530 1936 642 2008 quidem
652 1935 707 1991 frui
721 1937 934 2006 festina,abiltis
974 1936 1099 1994 luntates
1108 1939 1200 1994 carnis
1214 1955 1272 1994 sure
1288 1933 1509 1998 mortificaverit,
1524 1935 1552 1984 et
1564 1921 1720 2001 possederit
1730 1920 1773 1975 lu·

133 2036 198 2077 vero
213 2021 285 2076 effici
301 2021 419 2078 11111111.
443 2024 514 2080 Vide
528 2041 563 2079 ne
578 2024 750 2082 obliviscaris
771 2028 931 2099 aliquando,
975 2031 1053 2083 etum
1063 2028 1146 2095 hunc,
1169 2044 1226 2083 111
1240 2032 1334 2099 potest
1348 2022 1502 2080 monachus
1516 2016 1588 2073 fieri.
1602 2015 1675 2071 Tota
1695 2009 1771 2067 enirn

131 2109 191 2166 aire
206 2110 282 2166 intra
296 2112 395 2167 cellam
408 2117 487 2168 tuam
501 2114 549 2180 sis,
561 2114 618 2169 sive
628 2114 696 2170 foris
708 2115 825 2185 alicubi;
838 2122 867 2172 et
878 2133 936 2172 me·
975 2117 1032 2172 vita
1047 2117 1174 2173 mulieris
1184 2116 1267 2172 istius
1277 2121 1306 2172 et
1316 2131 1395 2170 mens
1405 2113 1436 2167 in
1449 2112 1525 2166 luctu
1541 2111 1593 2162 e'st.

133 2200 256 2255 moriam
270 2200 373 2256 horum
387 2218 423 2256 ne
442 2201 555 2273 abjiciat
576 2219 658 2259 mens
682 2208 741 2273 tua,
766 2209 799 2259 ut
811 2223 862 2278 per
875 2207 935 2262 haec
1010 2206 1055 2263 11.
1069 2207 1146 2263 Dixit
1157 2207 1260 2262 iterum
1272 2205 1358 2261 abbas
1372 2204 1485 2258 Pastor:
1496 2199 1600 2255 Luctus
1610 2193 1713 2266 duplex
1729 2192 1780 2245 est⁴

135 2289 237 2345 saltem
251 2291 378 2345 sordidas
393 2296 422 2346 et
435 2292 532 2346 noxias
544 2293 728 2363 cogitationes
743 2294 870 2366 effugias.
976 2297 1025 2369 qui
1040 2303 1181 2370 operatur,
1200 2303 1229 2351 et
1236 2295 1367 2351 custodit.

169 2376 196 2435 1.
211 2378 287 2434 Dixit
299 2378 385 2434 abbas
399 2380 489 2436 Elias:
500 2382 558 2452 Ego
571 2387 628 2436 tres
642 2399 687 2436 res
700 2382 786 2438 timeo
801 2385 932 2454 (append.
1014 2383 1056 2444 13.
1068 2385 1356 2456 Fraterinterrogavit
1365 2399 1429 2438 eum
1440 2367 1772 2452 (appendente-34),

134 2469 230 2534 Mart,
249 2485 277 2522 η.
295 2466 338 2535 97,
354 2473 396 2523 tu.
418 2470 517 2532 Senis).
534 2471 636 2538 Unam,
659 2473 770 2543 quando
786 2490 936 2544 egressura
976 2475 1070 2530 diceus
1086 2495 1091 2529 :
1105 2475 1178 2540 Quid
1192 2474 1281 2529 facio?
1300 2474 1374 2529 Dicit
1387 2473 1431 2526 ei:
1457 2466 1574 2534 Quando
1590 2463 1666 2519 veuit
1682 2459 1773 2515 Abra·

133 2557 284 2612 estanima
297 2574 361 2612 mea
375 2559 409 2612 de
424 2575 554 2630 corpore;
572 2559 658 2614 aliam
681 2561 793 2631 quando
807 2579 936 2619 occursu·
976 2563 1042 2618 ham
1057 2564 1086 2618 in
1107 2571 1211 2618 terram
1229 2561 1461 2635 repromissionis,
1487 2557 1702 2612 mouumentum
1721 2547 1775 2604 sihi

132 2663 184 2701 rus
195 2663 259 2700 sum
272 2647 330 2702 Deo
342 2666 348 2715 ;
358 2648 483 2714 tertiam,
497 2649 609 2719 quaudo
624 2649 772 2705 adversum
787 2667 832 2706 me
845 2653 935 2724 profe·
976 2654 1158 2724 comparavit,
1175 2658 1204 2708 et
1217 2670 1268 2725 per
1281 2654 1441 2724 sepulcrum
1455 2654 1563 2704 terram
1578 2646 1607 2700 iu
1622 2639 1774 2698 haredita-

132 2736 221 2792 reuda
236 2741 279 2791 est
293 2737 443 2792 sententia.
975 2746 1039 2795 tenr'
1054 2735 1188 2813 percepit.
1215 2742 1249 2796 Et
1276 2741 1345 2796 dixit
1357 2741 1383 2796 ei
1397 2741 1500 2796 frater:
1527 2734 1601 2801 Quid
1627 2735 1670 2786 est
1684 2727 1776 2801 sepul-

167 2825 195 2881 5.
213 2826 321 2881 Sanctae
349 2828 493 2882 memoria>
515 2828 686 2899 Theophilus
711 2830 935 2902 archiepiscopus
976 2830 1072 2884 crum?
1090 2832 1122 2884 Et
1135 2831 1205 2885 dixit
1216 2847 1313 2885 senex:
1331 2830 1419 2884 Locus
1434 2826 1520 2883 flendi
1532 2829 1561 2879 et
1575 2819 1702 2893 lugendi.

132 2932 199 2971 cum
214 2916 368 2971 moriturus
378 2922 461 2983 esset,
478 2917 933 2987 11111111Β1111111,1111111111,
1011 2917 1055 2974 tt.
1069 2920 1177 2974 Sanctae
1192 2919 1333 2974 memoriae
1343 2917 1513 2972 Athanasius
1524 2907 1773 2983 rogavitabbatem

133 3006 201 3079 quia
212 3022 324 3078 semper
334 3006 406 3061 hanc
418 3007 515 3062 horam
531 3007 566 3062 ob
579 3008 673 3063 oculos
686 3009 820 3065 habuisti.
943 3007 1081 3085 GPambo
1092 3014 1124 3064 ut
1133 3009 1315 3063 descenderet
1324 3008 1357 3062 de
1373 3022 1467 3061 eremo
1478 3005 1512 3059 ad
1528 2998 1727 3056 Alexandriam
1738 2995 1747 3030 ¹
1766 3013 1773 3061 ;

168 3094 196 3151 6.
208 3094 344 3149 Dicebant
352 3096 453 3150 fratres
463 3097 529 3168 quia
535 3097 770 3154 manducantibus
783 3099 933 3171 aliquando
977 3099 1094 3172 quicum
1104 3099 1301 3164 descendisset,
1312 3097 1381 3151 vidit
1390 3096 1429 3150 ibi
1437 3092 1586 3148 mulierem
1596 3086 1773 3149 theatricam,

132 3184 268 3240 fratribus
279 3185 308 3239 in
323 3185 469 3252 charitato,
488 3187 551 3241 risit
563 3203 637 3242 unus
648 3188 735 3243 frater
749 3188 785 3243 ad
796 3205 932 3243 mensam.
976 3193 1005 3243 et
1016 3189 1186 3260 lacrymatus
1196 3192 1247 3241 est.
1258 3188 1449 3255 Interrogatus
1459 3186 1556 3237 autem
1567 3179 1602 3232 ab
1611 3176 1645 3231 iis
1655 3174 1704 3247 qui
1710 3173 1775 3226 ade-

132 3275 167 3330 Et
180 3274 279 3328 ridens
294 3291 359 3329 eum
374 3274 459 3330 abbas
474 3277 607 3341 loannes,
625 3278 710 3344 flevit,
729 3278 838 3332 dicens:
862 3278 935 3341 Quid
976 3282 1049 3344 rant,
1061 3293 1147 3347 quare
1157 3275 1242 3331 suerit
1257 3276 1437 3346 lacrymatus,
1450 3270 1505 3325 ait:
1521 3269 1599 3333 Dum,
1610 3262 1712 3335 inquit,
1730 3275 1775 3315 res

131 3368 217 3435 putas
230 3363 315 3418 habet
328 3364 416 3420 frater
424 3365 476 3419 iste
491 3366 520 3419 in
535 3366 618 3420 corde
631 3382 692 3433 suo,
708 3365 774 3437 quia
789 3366 859 3433 risit,
872 3383 936 3421 cum
977 3382 1022 3421 me
1037 3370 1194 3420 moverunt.
1216 3365 1278 3419 Una
1292 3363 1326 3417 de
1338 3362 1412 3416 illius
1427 3358 1604 3433 perditione3
1628 3353 1693 3418 alia,
1709 3348 1775 3422 quia

131 3452 279 3508 debuisset
297 3453 387 3524 magis
412 3456 489 3520 flere,
507 3456 573 3526 quia
587 3455 755 3509 charitatem
773 3455 934 3510 manducat.
977 3471 1028 3525 ego
1043 3471 1099 3509 non
1111 3453 1201 3508 habeo
1225 3451 1282 3507 tale
1304 3451 1429 3506 studium
1454 3446 1583 3521 placendi
1600 3445 1669 3510 Deo,
1692 3439 1775 3513 quale

169 3541 197 3599 7.
212 3542 289 3597 Dixit
303 3542 389 3598 abbas
404 3543 523 3598 lacobus
536 3563 541 3597 :
552 3544 624 3608 Quia
633 3543 706 3598 sicut
715 3545 830 3599 lucerua
840 3544 937 3600 obscu-
977 3543 1062 3598 habet
1076 3544 1130 3598 ista
1145 3546 1177 3597 ut
1190 3541 1349 3597 hominibus
1363 3538 1493 3612 turpibus
1503 3537 1622 3609 placeat.

133 3647 198 3688 rum
212 3630 376 3687 cubibulum
390 3632 540 3700 illuminat,
556 3633 597 3686 ita
611 3633 697 3688 timor
714 3633 775 3699 Dei,
791 3633 816 3688 si
830 3633 938 3690 venerit
1014 3631 1058 3687 15.
1081 3632 1174 3686 hbbas
1184 3632 1312 3687 Silvanus
1322 3630 1422 3685 sedens
1430 3625 1582 3700 aliquando
1598 3639 1662 3679 cum
1677 3619 1774 3675 fratri⁴

133 3723 163 3777 iu
178 3722 262 3777 corde
276 3721 408 3788 hominis,
425 3722 567 3776 illuminat
576 3739 641 3778 eum
649 3727 677 3777 et
687 3723 768 3778 docet
776 3739 874 3778 omnes
883 3723 937 3778 vir·
977 3722 1138 3790 bue,factus
1149 3721 1227 3777 estin
1238 3737 1351 3775 excessu
1362 3719 1473 3785 mentis,
1490 3723 1519 3773 et
1527 3714 1628 3771 cecidit
1638 3714 1667 3770 in
1678 3710 1776 3766 faciem

133 3817 210 3869 tutes
220 3817 249 3866 et
261 3813 395 3867 mandata
407 3811 468 3867 Dei.
979 3828 1059 3867 suam
1075 3814 1166 3881 (111111,
1191 3813 1240 3866 lib.
1261 3825 1302 3877 111,
1327 3826 1406 3864 1111.
1430 3807 1508 3875 ‘2053
1533 3805 1654 3877 append.
1680 3803 1775 3868 Mart,

169 3899 198 3959 8.
215 3903 464 3973 Interrogaverunt
478 3901 593 3974 quidam
606 3902 724 3958 Petrum
734 3902 866 3958 abbatem
877 3904 935 3960 lla-
977 3917 1057 3956 11111.
1073 3901 1129 3964 181.
1145 3901 1180 3955 Et
1193 3904 1256 3971 post
1269 3899 1390 3954 multum
1404 3913 1524 3968 surgens
1531 3893 1670 3967 plorabat.
1683 3890 1718 3946 Et
1729 3906 1775 3945 ro·

134 3991 243 4047 carium
255 3992 427 4064 AEgyptium,
436 3992 569 4047 dieentes:
578 3992 724 4056 Quomodo
735 3997 935 4063 corpustuum,
976 3995 1114 4062 gareruut
1126 4006 1190 4044 eum
1200 3989 1311 4054 fratres,
1329 3988 1453 4042 dieentes
1462 4005 1468 4040 ε
1478 3985 1551 4050 Quid
1565 3983 1662 4050 habes,
1679 3977 1777 4035 Pater‘?

134 4086 163 4136 et
172 4081 286 4154 quando
301 4081 463 4148 manducas,
476 4081 859 4153 etquandojejunas,siccum
870 4083 935 4138 est?
977 4080 1028 4136 Ille
1043 4085 1137 4134 autem
1149 4077 1259 4133 tacebat
1274 4082 1302 4132 et
1316 4076 1412 4131 flebat.
1428 4070 1667 4146 compellentibus
1681 4074 1777 4125 autem

133 4171 168 4226 Et
183 4169 254 4225 dixit
268 4170 308 4224 eis
323 4187 424 4224 senex:
443 4170 522 4224 Sicut
534 4170 642 4242 lignum
655 4170 685 4226 in
700 4184 787 4226 manu
801 4172 933 4238 hominis,
977 4185 1051 4235 eum,
1063 4167 1133 4222 dixit
1147 4167 1218 4222 illis:
1235 4167 1293 4237 Ego
1308 4166 1344 4220 ad
1351 4163 1488 4237 judicium
1502 4167 1600 4233 raptus
1614 4175 1685 4225 sum,
1703 4156 1778 4212 etri·

132 4264 233 4328 m
249 4273 313 4314 eum
339 4275 394 4331 quo
417 4259 532 4314 frutices
551 4259 581 4315 iu
608 4261 673 4331 igne
688 4267 837 4316 versantur
850 4268 935 4333 atque
977 4257 1006 4312 di
1021 4257 1124 4312 multos
1140 4257 1174 4310 de
1194 4254 1293 4310 habitu
1307 4260 1403 4309 nostro
1417 4256 1515 4308 euntes
1530 4250 1566 4305 ad
1580 4252 1731 4312 tormenta,
1749 4248 1778 4300 11

132 4350 323 4414 reversantur,
340 4337 451 4418 semper
461 4346 496 4401 ab
507 4347 779 4418 igneconsumitur3
792 4348 831 4404 ita
844 4349 867 4403 si
882 4349 935 4404 ho·
944 4348 1081 4446 Dmultos
1096 4347 1242 4402 saeculares
1254 4350 1352 4400 euntes
1365 4343 1400 4398 ad
1415 4357 1544 4414 regnum.
1562 4340 1597 4394 Et
1610 4337 1726 4408 lugebat
1735 4349 1777 4389 se·

133 4452 180 4492 mo
194 4435 373 4491 mundaverit
386 4441 510 4492 mentem
529 4454 610 4492 suam
629 4438 659 4491 in
682 4437 784 4491 timore
800 4438 860 4506 Dei,
875 4438 936 4510 ipse
977 4455 1040 4497 nex.
1056 4442 1085 4491 et
1099 4435 1212 4491 nolebat
1226 4435 1357 4507 deinceps
1382 4433 1457 4488 exire
1471 4432 1506 4486 de
1519 4429 1591 4485 cella
1605 4443 1664 4482 sua.
1682 4425 1738 4481 Sed
1752 4423 1776 4478 si

138 4526 226 4581 timor
239 4525 290 4581 Dei
305 4526 391 4580 etiam
406 4543 470 4581 ossa
484 4528 545 4598 ejus
559 4527 709 4582 consumit.
977 4527 1053 4581 exire
1065 4526 1226 4599 cogebatur,
1243 4525 1387 4598 operiebat
1398 4522 1501 4596 capitio
1512 4519 1612 4575 faciem
1627 4532 1718 4582 suam,
1737 4513 1778 4568 di-

168 4613 196 4672 11.
217 4615 355 4670 Miserunt
372 4616 521 4687 aliquando
536 4634 618 4673 senes
634 4618 668 4672 de
682 4625 778 4674 monte
792 4617 890 4674 Nitrias
900 4617 936 4674 ad
977 4633 1057 4671 cens:
1076 4616 1148 4686 Quid
1162 4630 1276 4671 necesse
1288 4621 1331 4671 est
1346 4615 1441 4670 videre
1456 4614 1552 4668 lumen
1574 4607 1649 4663 istud
1664 4611 1775 4678 tempo·

132 4704 265 4762 abbatem
272 4705 426 4761 Macarium
437 4707 466 4761 11
476 4707 582 4779 Scythi,
596 4713 728 4779 rogantes
739 4715 771 4764 111
778 4710 886 4764 veniret
900 4712 936 4769 ad
977 4707 1045 4772 rale,
1057 4706 1087 4760 in
1102 4723 1157 4778 quo
1173 4705 1244 4760 nihil
1254 4710 1295 4760 est
1310 4703 1402 4760 111111

133 4811 194 4863 eos,
205 4794 330 4866 alioquin
345 4795 429 4850 sciret
442 4813 555 4851 omnem
565 4798 786 4867 multitudinem,
797 4800 820 4853 si
831 4798 889 4871 ipse
900 4802 936 4856 ad
1012 4796 1056 4850 16.
1074 4796 1149 4851 Dixit
1163 4800 1266 4850 sauctae
1284 4794 1428 4849 memoriae
1443 4790 1615 4864 Syncletica:
1631 4786 1723 4843 Labor
1735 4789 1778 4840 est

133 4902 185 4942 eos
200 4901 255 4939 non
267 4886 384 4949 veniret,
400 4887 435 4940 ad
449 4887 541 4958 ipsum
553 4904 613 4942 esse
627 4892 785 4957 venturam,
802 4890 936 4960 quoniam
978 4891 1007 4940 et
1018 4902 1152 4956 magnum
1162 4891 1303 4939 certamen
1318 4883 1468 4954 impiorum
1478 4880 1526 4953 qui
1537 4874 1778 4934 convertunturad

131 4974 662 5049 desiderabantridereeumantequam
668 4978 938 5049 migraretadDomi-
978 4976 1078 5041 Deum,
1095 4981 1124 5030 et
1135 4981 1233 5046 postea
1246 4971 1434 5027 inenarrabile
1448 4969 1593 5041 gaudium.
1611 4967 1689 5024 Sicut
1703 4964 1780 5022 euim

131 5080 214 5120 num.
229 5064 283 5128 Qui
297 5081 362 5119 cum
376 5065 498 5120 venisset
512 5066 542 5120 in
561 5071 695 5132 montem,
709 5073 879 5140 congregata
894 5075 938 5124 est
980 5065 1029 5135 qui
1043 5065 1138 5135 ignem
1149 5063 1300 5118 accendere
1316 5062 1422 5127 volunt,
1439 5059 1516 5131 prius
1529 5059 1685 5124 fumantur,
1704 5060 1780 5111 etex

131 5153 227 5211 omnis
241 5154 392 5209 multitudo
408 5155 528 5210 fratrum
544 5157 579 5210 ad
593 5173 667 5210 eum.
681 5157 827 5229 Dogabant
841 5164 935 5213 autem
977 5154 1047 5209 fumi
1058 5153 1186 5208 molestia
1198 5153 1398 5225 lacrymantur,
1409 5150 1504 5221 sicque
1514 5147 1725 5218 obtineatquod
1734 5161 1781 5201 vo·

130 5259 201 5300 eum
216 5260 297 5298 senes
312 5249 345 5299 ut
359 5244 463 5298 faceret
478 5245 592 5300 verbum
607 5247 642 5300 ad
660 5246 770 5302 fratres.
781 5247 830 5303 llle
841 5255 937 5303 autem
978 5246 1050 5300 lunt.
1071 5243 1182 5298 Etenim
1195 5243 1383 5313 scriptumest
1397 5259 1403 5294 :
1421 5239 1493 5304 Quia
1505 5239 1581 5294 Deus
1594 5241 1691 5293 uoster
1700 5233 1779 5306 ignis

130 5334 296 5407 lacrymans
303 5332 358 5387 ait:
372 5333 528 5403 Ploremus,
541 5334 652 5402 fratres,
666 5336 854 5407 etproducant
864 5339 937 5394 oculi
978 5350 1145 5390 consumens
1162 5337 1221 5387 est:
1237 5331 1277 5386 ita
1301 5334 1412 5402 oportet
1430 5327 1666 5402 11111111111111
1685 5324 1781 5395 ignem

131 5421 384 5495 nostrilaerymas‚
396 5428 548 5495 antequam
560 5442 657 5481 eamus
669 5424 797 5493 hinc,ubi
807 5426 936 5500 lacryma
978 5412 1778 5495 cumlacrymisatquelaboribusinuobisipsiaaccendere.

130 5519 239 5572 nostra
253 5529 372 5587 corpora
388 5513 564 5571 comburant.
581 5516 617 5571 Et
630 5516 769 5572 fleverunt
783 5532 891 5586 omnes,
908 5525 937 5575 et
1015 5512 1059 5572 17.
1080 5512 1156 5568 Dixit
1162 5511 1248 5568 abbas
1257 5510 1443 5586 Hyperichius
1456 5528 1461 5565 :
1474 5510 1561 5565 Nocte
1571 5512 1600 5563 et
1614 5505 1659 5562 die
1670 5500 1781 5559 labora-

172 5658 184 5694 ¹
200 5657 286 5730 aaa,
304 5657 353 5719 lib.
369 5673 412 5734 111,
428 5678 457 5719 u.
474 5661 537 5725 161.
554 5694 587 5709 -
603 5665 700 5725 Simile
715 5666 746 5725 iu
759 5666 817 5726 vita
830 5663 959 5736 uetans,
977 5677 1040 5735 cup·
1056 5661 1082 5722 3·
1123 5715 1135 5736 .
