<?xml version="1.0" encoding="UTF-8"?>
<!DOCTYPE html PUBLIC "-//W3C//DTD XHTML 1.0 Transitional//EN"
    "http://www.w3.org/TR/xhtml1/DTD/xhtml1-transitional.dtd">
<html xmlns="http://www.w3.org/1999/xhtml" xml:lang="en" lang="en">
 <head>
  <title>
</title>
<meta http-equiv="Content-Type" content="text/html;charset=utf-8" />
  <meta name='ocr-system' content='tesseract 3.04.00' />
  <meta name='ocr-capabilities' content='ocr_page ocr_carea ocr_par ocr_line ocrx_word'/>
</head>
<body>
  <div class='ocr_page' id='page_1' title='image "./patrologiaecurs38unkngoog_0494.png"; bbox 0 0 3818 6120; ppageno 0'>
   <div class='ocr_carea' id='block_1_1' title="bbox 133 229 1773 337">
    <p class='ocr_par' dir='ltr' id='par_1_1' title="bbox 133 229 1773 337">
     <span class='ocr_line' id='line_1_1' title="bbox 133 229 1773 337; baseline 0.006 -11"><span class='ocrx_word' id='word_1_1' title='bbox 133 271 186 327; x_wconf 85' lang='lat' dir='ltr'><strong>ou</strong></span> <span class='ocrx_word' id='word_1_2' title='bbox 381 229 387 235; x_wconf 40' lang='lat'><strong>⁴</strong></span> <span class='ocrx_word' id='word_1_3' title='bbox 788 273 910 330; x_wconf 80' lang='lat' dir='ltr'><strong>visam</strong></span> <span class='ocrx_word' id='word_1_4' title='bbox 927 273 1122 330; x_wconf 79' lang='lat' dir='ltr'><strong>senroaun.</strong></span> <span class='ocrx_word' id='word_1_5' title='bbox 1719 276 1773 337; x_wconf 86' lang='lat' dir='ltr'><strong>ers</strong></span> 
     </span>
    </p>
   </div>
   <div class='ocr_carea' id='block_1_2' title="bbox 128 395 1778 5654">
    <p class='ocr_par' dir='ltr' id='par_1_2' title="bbox 133 395 1773 1275">
     <span class='ocr_line' id='line_1_2' title="bbox 133 395 1769 473; baseline 0.005 -20"><span class='ocrx_word' id='word_1_6' title='bbox 133 396 196 469; x_wconf 87' lang='lat' dir='ltr'><strong>ipsa</strong></span> <span class='ocrx_word' id='word_1_7' title='bbox 205 395 353 469; x_wconf 86' lang='lat' dir='ltr'><strong>primadie</strong></span> <span class='ocrx_word' id='word_1_8' title='bbox 366 396 395 452; x_wconf 93' lang='lat' dir='ltr'><strong>in</strong></span> <span class='ocrx_word' id='word_1_9' title='bbox 408 397 574 470; x_wconf 84' lang='lat' dir='ltr'><strong>aegritudine</strong></span> <span class='ocrx_word' id='word_1_10' title='bbox 585 396 680 463; x_wconf 84' lang='lat' dir='ltr'><strong>cecidi,</strong></span> <span class='ocrx_word' id='word_1_11' title='bbox 692 400 722 452; x_wconf 92' lang='lat' dir='ltr'><strong>et</strong></span> <span class='ocrx_word' id='word_1_12' title='bbox 733 413 861 454; x_wconf 89' lang='lat' dir='ltr'><strong>reversus</strong></span> <span class='ocrx_word' id='word_1_13' title='bbox 870 416 932 455; x_wconf 88' lang='lat' dir='ltr'><strong>sum</strong></span> <span class='ocrx_word' id='word_1_14' title='bbox 942 398 1183 471; x_wconf 78' lang='lat' dir='ltr'><strong>Acogitationem,</strong></span> <span class='ocrx_word' id='word_1_15' title='bbox 1197 398 1263 454; x_wconf 89' lang='lat' dir='ltr'><strong>tulit</strong></span> <span class='ocrx_word' id='word_1_16' title='bbox 1277 414 1325 454; x_wconf 87' lang='lat' dir='ltr'><strong>vas</strong></span> <span class='ocrx_word' id='word_1_17' title='bbox 1340 404 1369 454; x_wconf 93' lang='lat' dir='ltr'><strong>et</strong></span> <span class='ocrx_word' id='word_1_18' title='bbox 1383 399 1450 455; x_wconf 90' lang='lat' dir='ltr'><strong>lavit</strong></span> <span class='ocrx_word' id='word_1_19' title='bbox 1472 400 1574 457; x_wconf 89' lang='lat' dir='ltr'><strong>vulnus</strong></span> <span class='ocrx_word' id='word_1_20' title='bbox 1593 402 1671 459; x_wconf 89' lang='lat' dir='ltr'><strong>senis</strong></span> <span class='ocrx_word' id='word_1_21' title='bbox 1683 402 1769 473; x_wconf 88' lang='lat' dir='ltr'><strong>illius,</strong></span> 
     </span>
     <span class='ocr_line' id='line_1_3' title="bbox 134 485 1769 564; baseline 0.006 -24"><span class='ocrx_word' id='word_1_22' title='bbox 134 485 165 541; x_wconf 90' lang='lat' dir='ltr'><strong>in</strong></span> <span class='ocrx_word' id='word_1_23' title='bbox 174 486 274 541; x_wconf 89' lang='lat' dir='ltr'><strong>celiam</strong></span> <span class='ocrx_word' id='word_1_24' title='bbox 287 503 390 553; x_wconf 90' lang='lat' dir='ltr'><strong>meam,</strong></span> <span class='ocrx_word' id='word_1_25' title='bbox 400 503 453 542; x_wconf 93' lang='lat' dir='ltr'><strong>nec</strong></span> <span class='ocrx_word' id='word_1_26' title='bbox 464 486 573 542; x_wconf 91' lang='lat' dir='ltr'><strong>unadie</strong></span> <span class='ocrx_word' id='word_1_27' title='bbox 584 493 690 542; x_wconf 91' lang='lat' dir='ltr'><strong>metere</strong></span> <span class='ocrx_word' id='word_1_28' title='bbox 704 489 857 558; x_wconf 76' lang='lat' dir='ltr'><strong>praevalens</strong></span> <span class='ocrx_word' id='word_1_29' title='bbox 871 506 934 544; x_wconf 91' lang='lat' dir='ltr'><strong>cum</strong></span> <span class='ocrx_word' id='word_1_30' title='bbox 975 496 1005 543; x_wconf 90' lang='lat' dir='ltr'><strong>et</strong></span> <span class='ocrx_word' id='word_1_31' title='bbox 1017 488 1153 559; x_wconf 79' lang='lat' dir='ltr'>recolligit</span> <span class='ocrx_word' id='word_1_32' title='bbox 1163 488 1254 560; x_wconf 82' lang='lat' dir='ltr'><strong>ipsam</strong></span> <span class='ocrx_word' id='word_1_33' title='bbox 1267 505 1370 560; x_wconf 89' lang='lat' dir='ltr'><strong>aquam</strong></span> <span class='ocrx_word' id='word_1_34' title='bbox 1384 488 1414 544; x_wconf 93' lang='lat' dir='ltr'><strong>in</strong></span> <span class='ocrx_word' id='word_1_35' title='bbox 1430 506 1512 553; x_wconf 73' lang='lat' dir='ltr'><strong>resec</strong></span> <span class='ocrx_word' id='word_1_36' title='bbox 1528 496 1558 546; x_wconf 90' lang='lat' dir='ltr'><strong>et</strong></span> <span class='ocrx_word' id='word_1_37' title='bbox 1571 493 1680 564; x_wconf 83' lang='lat' dir='ltr'><strong>quoties</strong></span> <span class='ocrx_word' id='word_1_38' title='bbox 1690 492 1769 550; x_wconf 85' lang='lat' dir='ltr'><strong>sitie-</strong></span> 
     </span>
     <span class='ocr_line' id='line_1_4' title="bbox 134 573 1770 655; baseline 0.006 -25"><span class='ocrx_word' id='word_1_39' title='bbox 134 573 185 629; x_wconf 84' lang='lat' dir='ltr'><strong>cia.</strong></span> <span class='ocrx_word' id='word_1_40' title='bbox 201 575 236 629; x_wconf 86' lang='lat' dir='ltr'><strong>Et</strong></span> <span class='ocrx_word' id='word_1_41' title='bbox 248 580 438 646; x_wconf 89' lang='lat' dir='ltr'><strong>nunceogunt</strong></span> <span class='ocrx_word' id='word_1_42' title='bbox 451 592 496 630; x_wconf 88' lang='lat' dir='ltr'><strong>me</strong></span> <span class='ocrx_word' id='word_1_43' title='bbox 511 575 566 638; x_wconf 88' lang='lat' dir='ltr'><strong>isti,</strong></span> <span class='ocrx_word' id='word_1_44' title='bbox 583 575 728 630; x_wconf 90' lang='lat' dir='ltr'><strong>dicentes:</strong></span> <span class='ocrx_word' id='word_1_45' title='bbox 744 577 851 644; x_wconf 91' lang='lat' dir='ltr'><strong>Frater,</strong></span> <span class='ocrx_word' id='word_1_46' title='bbox 858 578 932 644; x_wconf 87' lang='lat' dir='ltr'><strong>veni,</strong></span> <span class='ocrx_word' id='word_1_47' title='bbox 975 577 1033 645; x_wconf 89' lang='lat' dir='ltr'><strong>bat,</strong></span> <span class='ocrx_word' id='word_1_48' title='bbox 1049 595 1082 633; x_wconf 86' lang='lat' dir='ltr'><strong>ex</strong></span> <span class='ocrx_word' id='word_1_49' title='bbox 1097 594 1130 633; x_wconf 91' lang='lat' dir='ltr'><strong>ea</strong></span> <span class='ocrx_word' id='word_1_50' title='bbox 1144 576 1265 633; x_wconf 76' lang='lat' dir='ltr'><strong>bibebat.</strong></span> <span class='ocrx_word' id='word_1_51' title='bbox 1286 578 1378 649; x_wconf 83' lang='lat' dir='ltr'><strong>Coepit</strong></span> <span class='ocrx_word' id='word_1_52' title='bbox 1398 583 1494 634; x_wconf 89' lang='lat' dir='ltr'><strong>antem</strong></span> <span class='ocrx_word' id='word_1_53' title='bbox 1512 580 1616 637; x_wconf 91' lang='lat' dir='ltr'><strong>iterum</strong></span> <span class='ocrx_word' id='word_1_54' title='bbox 1636 583 1770 655; x_wconf 80' lang='lat' dir='ltr'><strong>cogitatio</strong></span> 
     </span>
     <span class='ocr_line' id='line_1_5' title="bbox 133 663 1771 743; baseline 0.005 -23"><span class='ocrx_word' id='word_1_55' title='bbox 133 663 228 735; x_wconf 79' lang='lat' dir='ltr'><strong>accipe</strong></span> <span class='ocrx_word' id='word_1_56' title='bbox 242 665 386 720; x_wconf 86' lang='lat' dir='ltr'><strong>mercedes</strong></span> <span class='ocrx_word' id='word_1_57' title='bbox 399 664 447 720; x_wconf 92' lang='lat' dir='ltr'><strong>ubi</strong></span> <span class='ocrx_word' id='word_1_58' title='bbox 458 681 514 719; x_wconf 92' lang='lat' dir='ltr'><strong>non</strong></span> <span class='ocrx_word' id='word_1_59' title='bbox 529 663 674 719; x_wconf 83' lang='lat' dir='ltr'><strong>laborasti.</strong></span> <span class='ocrx_word' id='word_1_60' title='bbox 690 665 827 721; x_wconf 87' lang='lat' dir='ltr'><strong>Dixerunt</strong></span> <span class='ocrx_word' id='word_1_61' title='bbox 840 673 935 722; x_wconf 91' lang='lat' dir='ltr'><strong>autem</strong></span> <span class='ocrx_word' id='word_1_62' title='bbox 976 683 1028 722; x_wconf 89' lang='lat' dir='ltr'><strong>sna</strong></span> <span class='ocrx_word' id='word_1_63' title='bbox 1043 667 1193 722; x_wconf 88' lang='lat' dir='ltr'><strong>sollicitare</strong></span> <span class='ocrx_word' id='word_1_64' title='bbox 1207 683 1281 733; x_wconf 90' lang='lat' dir='ltr'><strong>eum,</strong></span> <span class='ocrx_word' id='word_1_65' title='bbox 1298 667 1393 721; x_wconf 88' lang='lat' dir='ltr'><strong>dicens</strong></span> <span class='ocrx_word' id='word_1_66' title='bbox 1410 685 1416 720; x_wconf 76' lang='grc' dir='ltr'>ε</span> <span class='ocrx_word' id='word_1_67' title='bbox 1434 668 1464 723; x_wconf 89' lang='lat' dir='ltr'><strong>Si</strong></span> <span class='ocrx_word' id='word_1_68' title='bbox 1478 685 1535 725; x_wconf 89' lang='lat' dir='ltr'><strong>aon</strong></span> <span class='ocrx_word' id='word_1_69' title='bbox 1550 669 1591 725; x_wconf 83' lang='lat' dir='ltr'><strong>vis</strong></span> <span class='ocrx_word' id='word_1_70' title='bbox 1604 670 1711 743; x_wconf 89' lang='lat' dir='ltr'><strong>fugere,</strong></span> <span class='ocrx_word' id='word_1_71' title='bbox 1728 673 1771 728; x_wconf 89' lang='lat' dir='ltr'><strong>vel</strong></span> 
     </span>
     <span class='ocr_line' id='line_1_6' title="bbox 134 752 1771 824; baseline 0.005 -16"><span class='ocrx_word' id='word_1_72' title='bbox 134 758 165 808; x_wconf 87' lang='lat' dir='ltr'><strong>et</strong></span> <span class='ocrx_word' id='word_1_73' title='bbox 175 752 348 809; x_wconf 88' lang='lat' dir='ltr'><strong>illifratres:</strong></span> <span class='ocrx_word' id='word_1_74' title='bbox 364 754 472 809; x_wconf 81' lang='lat' dir='ltr'><strong>Revera</strong></span> <span class='ocrx_word' id='word_1_75' title='bbox 485 753 659 824; x_wconf 83' lang='lat' dir='ltr'><strong>perreximus</strong></span> <span class='ocrx_word' id='word_1_76' title='bbox 669 759 785 822; x_wconf 89' lang='lat' dir='ltr'><strong>metere,</strong></span> <span class='ocrx_word' id='word_1_77' title='bbox 798 761 828 811; x_wconf 91' lang='grc' dir='ltr'><strong>ιι</strong></span> <span class='ocrx_word' id='word_1_78' title='bbox 840 772 936 811; x_wconf 90' lang='lat' dir='ltr'><strong>susce·</strong></span> <span class='ocrx_word' id='word_1_79' title='bbox 977 773 1033 813; x_wconf 91' lang='lat' dir='ltr'><strong>non</strong></span> <span class='ocrx_word' id='word_1_80' title='bbox 1046 756 1124 812; x_wconf 90' lang='lat' dir='ltr'><strong>bibas</strong></span> <span class='ocrx_word' id='word_1_81' title='bbox 1140 757 1258 812; x_wconf 89' lang='lat' dir='ltr'><strong>fetorem</strong></span> <span class='ocrx_word' id='word_1_82' title='bbox 1283 756 1366 811; x_wconf 89' lang='lat' dir='ltr'><strong>bunc.</strong></span> <span class='ocrx_word' id='word_1_83' title='bbox 1387 756 1487 812; x_wconf 83' lang='lat' dir='ltr'><strong>Frater</strong></span> <span class='ocrx_word' id='word_1_84' title='bbox 1506 764 1601 814; x_wconf 86' lang='lat' dir='ltr'><strong>autem</strong></span> <span class='ocrx_word' id='word_1_85' title='bbox 1624 759 1672 816; x_wconf 91' lang='lat' dir='ltr'><strong>ille</strong></span> <span class='ocrx_word' id='word_1_86' title='bbox 1695 760 1771 817; x_wconf 87' lang='lat' dir='ltr'><strong>labo·</strong></span> 
     </span>
     <span class='ocr_line' id='line_1_7' title="bbox 133 841 1771 915; baseline 0.005 -18"><span class='ocrx_word' id='word_1_87' title='bbox 133 841 229 915; x_wconf 88' lang='lat' dir='ltr'><strong>pimus</strong></span> <span class='ocrx_word' id='word_1_88' title='bbox 246 842 371 914; x_wconf 88' lang='lat' dir='ltr'><strong>spatium</strong></span> <span class='ocrx_word' id='word_1_89' title='bbox 383 843 531 914; x_wconf 81' lang='lat' dir='ltr'><strong>sexaginta</strong></span> <span class='ocrx_word' id='word_1_90' title='bbox 545 843 703 898; x_wconf 89' lang='lat' dir='ltr'><strong>modiorum</strong></span> <span class='ocrx_word' id='word_1_91' title='bbox 719 845 794 915; x_wconf 92' lang='lat' dir='ltr'><strong>quod</strong></span> <span class='ocrx_word' id='word_1_92' title='bbox 814 850 936 901; x_wconf 90' lang='lat' dir='ltr'><strong>metere·</strong></span> <span class='ocrx_word' id='word_1_93' title='bbox 977 845 1066 912; x_wconf 77' lang='lat' dir='ltr'><strong>rabat,</strong></span> <span class='ocrx_word' id='word_1_94' title='bbox 1079 851 1109 901; x_wconf 94' lang='lat' dir='ltr'><strong>et</strong></span> <span class='ocrx_word' id='word_1_95' title='bbox 1120 846 1275 901; x_wconf 89' lang='lat' dir='ltr'><strong>toleranter</strong></span> <span class='ocrx_word' id='word_1_96' title='bbox 1288 843 1405 911; x_wconf 83' lang='lat' dir='ltr'><strong>ferebat,</strong></span> <span class='ocrx_word' id='word_1_97' title='bbox 1420 845 1519 902; x_wconf 91' lang='lat' dir='ltr'><strong>bibens</strong></span> <span class='ocrx_word' id='word_1_98' title='bbox 1534 848 1690 904; x_wconf 87' lang='lat' dir='ltr'><strong>lavaturam</strong></span> <span class='ocrx_word' id='word_1_99' title='bbox 1707 850 1771 905; x_wconf 88' lang='lat' dir='ltr'><strong>vul·</strong></span> 
     </span>
     <span class='ocr_line' id='line_1_8' title="bbox 133 931 1772 1004; baseline 0.005 -18"><span class='ocrx_word' id='word_1_100' title='bbox 133 947 213 998; x_wconf 88' lang='lat' dir='ltr'><strong>mus;</strong></span> <span class='ocrx_word' id='word_1_101' title='bbox 226 936 256 985; x_wconf 91' lang='lat' dir='ltr'><strong>et</strong></span> <span class='ocrx_word' id='word_1_102' title='bbox 269 931 451 987; x_wconf 76' lang='lat' dir='ltr'><strong>siluissemus</strong></span> <span class='ocrx_word' id='word_1_103' title='bbox 461 931 514 987; x_wconf 91' lang='lat' dir='ltr'><strong>toti</strong></span> <span class='ocrx_word' id='word_1_104' title='bbox 525 937 592 999; x_wconf 87' lang='lat' dir='ltr'><strong>tres,</strong></span> <span class='ocrx_word' id='word_1_105' title='bbox 601 949 664 988; x_wconf 94' lang='lat' dir='ltr'><strong>cum</strong></span> <span class='ocrx_word' id='word_1_106' title='bbox 674 934 775 1004; x_wconf 92' lang='lat' dir='ltr'><strong>grandi</strong></span> <span class='ocrx_word' id='word_1_107' title='bbox 785 933 879 990; x_wconf 90' lang='lat' dir='ltr'><strong>labore</strong></span> <span class='ocrx_word' id='word_1_108' title='bbox 891 935 936 989; x_wconf 87' lang='lat' dir='ltr'><strong>vix</strong></span> <span class='ocrx_word' id='word_1_109' title='bbox 976 935 1052 989; x_wconf 92' lang='lat' dir='ltr'><strong>neris</strong></span> <span class='ocrx_word' id='word_1_110' title='bbox 1065 934 1149 990; x_wconf 86' lang='lat' dir='ltr'><strong>illius.</strong></span> <span class='ocrx_word' id='word_1_111' title='bbox 1168 935 1203 990; x_wconf 80' lang='lat' dir='ltr'><strong>lit</strong></span> <span class='ocrx_word' id='word_1_112' title='bbox 1215 952 1279 990; x_wconf 89' lang='lat' dir='ltr'><strong>cnm</strong></span> <span class='ocrx_word' id='word_1_113' title='bbox 1294 934 1335 989; x_wconf 90' lang='lat' dir='ltr'><strong>ita</strong></span> <span class='ocrx_word' id='word_1_114' title='bbox 1344 934 1520 991; x_wconf 84' lang='lat' dir='ltr'><strong>ministraret</strong></span> <span class='ocrx_word' id='word_1_115' title='bbox 1533 937 1604 1004; x_wconf 87' lang='lat' dir='ltr'><strong>seni,</strong></span> <span class='ocrx_word' id='word_1_116' title='bbox 1618 937 1688 994; x_wconf 89' lang='lat' dir='ltr'><strong>vidit</strong></span> <span class='ocrx_word' id='word_1_117' title='bbox 1697 939 1772 995; x_wconf 90' lang='lat' dir='ltr'><strong>Deus</strong></span> 
     </span>
     <span class='ocr_line' id='line_1_9' title="bbox 133 1019 1773 1094; baseline 0.005 -19"><span class='ocrx_word' id='word_1_118' title='bbox 133 1019 322 1093; x_wconf 87' lang='lat' dir='ltr'><strong>potuissemus</strong></span> <span class='ocrx_word' id='word_1_119' title='bbox 334 1021 472 1092; x_wconf 83' lang='lat' dir='ltr'><strong>explicare</strong></span> <span class='ocrx_word' id='word_1_120' title='bbox 486 1020 556 1075; x_wconf 88' lang='lat' dir='ltr'><strong>illud</strong></span> <span class='ocrx_word' id='word_1_121' title='bbox 566 1039 573 1089; x_wconf 87' lang='lat'><strong>;</strong></span> <span class='ocrx_word' id='word_1_122' title='bbox 585 1021 760 1078; x_wconf 90' lang='lat' dir='ltr'><strong>orationibus</strong></span> <span class='ocrx_word' id='word_1_123' title='bbox 773 1028 868 1078; x_wconf 91' lang='lat' dir='ltr'><strong>autem</strong></span> <span class='ocrx_word' id='word_1_124' title='bbox 883 1023 937 1079; x_wconf 90' lang='lat' dir='ltr'><strong>fra·</strong></span> <span class='ocrx_word' id='word_1_125' title='bbox 976 1024 1142 1079; x_wconf 88' lang='lat' dir='ltr'><strong>charitatem</strong></span> <span class='ocrx_word' id='word_1_126' title='bbox 1156 1023 1260 1079; x_wconf 88' lang='lat' dir='ltr'><strong>laboris</strong></span> <span class='ocrx_word' id='word_1_127' title='bbox 1275 1025 1345 1094; x_wconf 85' lang='lat' dir='ltr'><strong>ejus.</strong></span> <span class='ocrx_word' id='word_1_128' title='bbox 1355 1029 1384 1078; x_wconf 91' lang='lat' dir='ltr'><strong>et</strong></span> <span class='ocrx_word' id='word_1_129' title='bbox 1396 1024 1474 1080; x_wconf 92' lang='lat' dir='ltr'><strong>illam</strong></span> <span class='ocrx_word' id='word_1_130' title='bbox 1483 1025 1640 1083; x_wconf 88' lang='lat' dir='ltr'><strong>lavaturam</strong></span> <span class='ocrx_word' id='word_1_131' title='bbox 1648 1028 1773 1084; x_wconf 86' lang='lat' dir='ltr'><strong>vulneris</strong></span> 
     </span>
     <span class='ocr_line' id='line_1_10' title="bbox 133 1109 1772 1184; baseline 0.004 -19"><span class='ocrx_word' id='word_1_132' title='bbox 133 1109 186 1165; x_wconf 84' lang='lat' dir='ltr'><strong>tris</strong></span> <span class='ocrx_word' id='word_1_133' title='bbox 201 1109 287 1180; x_wconf 86' lang='lat' dir='ltr'><strong>hujus</strong></span> <span class='ocrx_word' id='word_1_134' title='bbox 303 1126 355 1165; x_wconf 91' lang='lat' dir='ltr'><strong>nos</strong></span> <span class='ocrx_word' id='word_1_135' title='bbox 368 1111 425 1165; x_wconf 91' lang='lat' dir='ltr'><strong>dno</strong></span> <span class='ocrx_word' id='word_1_136' title='bbox 442 1111 565 1166; x_wconf 89' lang='lat' dir='ltr'><strong>velocius</strong></span> <span class='ocrx_word' id='word_1_137' title='bbox 583 1127 668 1182; x_wconf 89' lang='lat' dir='ltr'><strong>quam</strong></span> <span class='ocrx_word' id='word_1_138' title='bbox 684 1116 741 1166; x_wconf 88' lang='lat' dir='ltr'><strong>tres</strong></span> <span class='ocrx_word' id='word_1_139' title='bbox 753 1113 896 1183; x_wconf 88' lang='lat' dir='ltr'><strong>potuimus</strong></span> <span class='ocrx_word' id='word_1_140' title='bbox 908 1119 938 1168; x_wconf 93' lang='lat' dir='ltr'><strong>et</strong></span> <span class='ocrx_word' id='word_1_141' title='bbox 977 1114 1124 1184; x_wconf 89' lang='lat' dir='ltr'><strong>inaquam</strong></span> <span class='ocrx_word' id='word_1_142' title='bbox 1137 1112 1352 1168; x_wconf 86' lang='lat' dir='ltr'><strong>mundissimam</strong></span> <span class='ocrx_word' id='word_1_143' title='bbox 1366 1113 1460 1180; x_wconf 88' lang='lat' dir='ltr'><strong>vertit,</strong></span> <span class='ocrx_word' id='word_1_144' title='bbox 1481 1119 1510 1168; x_wconf 92' lang='lat' dir='ltr'><strong>et</strong></span> <span class='ocrx_word' id='word_1_145' title='bbox 1528 1130 1626 1171; x_wconf 84' lang='lat' dir='ltr'><strong>senem</strong></span> <span class='ocrx_word' id='word_1_146' title='bbox 1639 1114 1772 1173; x_wconf 84' lang='lat' dir='ltr'><strong>invisibili</strong></span> 
     </span>
     <span class='ocr_line' id='line_1_11' title="bbox 133 1199 1319 1275; baseline 0.003 -21"><span class='ocrx_word' id='word_1_147' title='bbox 133 1199 340 1255; x_wconf 85' lang='lat' dir='ltr'><strong>demessuimus</strong></span> <span class='ocrx_word' id='word_1_148' title='bbox 362 1215 473 1270; x_wconf 85' lang='lat' dir='ltr'><strong>agrum.</strong></span> <span class='ocrx_word' id='word_1_149' title='bbox 494 1206 523 1255; x_wconf 92' lang='lat' dir='ltr'><strong>et</strong></span> <span class='ocrx_word' id='word_1_150' title='bbox 536 1199 654 1254; x_wconf 89' lang='lat' dir='ltr'><strong>dicimus</strong></span> <span class='ocrx_word' id='word_1_151' title='bbox 678 1201 703 1255; x_wconf 94' lang='lat' dir='ltr'><strong>ei</strong></span> <span class='ocrx_word' id='word_1_152' title='bbox 722 1220 727 1255; x_wconf 96' lang='lat'><strong>:</strong></span> <span class='ocrx_word' id='word_1_153' title='bbox 744 1201 824 1268; x_wconf 92' lang='lat' dir='ltr'><strong>Veni,</strong></span> <span class='ocrx_word' id='word_1_154' title='bbox 843 1202 937 1275; x_wconf 90' lang='lat' dir='ltr'><strong>accipe</strong></span> <span class='ocrx_word' id='word_1_155' title='bbox 977 1202 1182 1258; x_wconf 90' lang='lat' dir='ltr'><strong>medicamento</strong></span> <span class='ocrx_word' id='word_1_156' title='bbox 1200 1203 1319 1258; x_wconf 88' lang='lat' dir='ltr'><strong>sanavit.</strong></span> 
     </span>
    </p>

    <p class='ocr_par' dir='ltr' id='par_1_3' title="bbox 136 1287 1641 1356">
     <span class='ocr_line' id='line_1_12' title="bbox 136 1287 1641 1356; baseline 0.004 -13"><span class='ocrx_word' id='word_1_157' title='bbox 136 1287 281 1343; x_wconf 88' lang='lat' dir='ltr'><strong>mercedes</strong></span> <span class='ocrx_word' id='word_1_158' title='bbox 296 1293 370 1356; x_wconf 91' lang='lat' dir='ltr'><strong>tuas,</strong></span> <span class='ocrx_word' id='word_1_159' title='bbox 385 1295 416 1345; x_wconf 89' lang='lat' dir='ltr'><strong>et</strong></span> <span class='ocrx_word' id='word_1_160' title='bbox 430 1306 486 1344; x_wconf 92' lang='lat' dir='ltr'><strong>non</strong></span> <span class='ocrx_word' id='word_1_161' title='bbox 501 1289 568 1344; x_wconf 81' lang='lat' dir='ltr'><strong>vult.</strong></span> <span class='ocrx_word' id='word_1_162' title='bbox 582 1290 640 1343; x_wconf 92' lang='lat' dir='ltr'><strong>Hoc</strong></span> <span class='ocrx_word' id='word_1_163' title='bbox 655 1293 751 1344; x_wconf 90' lang='lat' dir='ltr'><strong>autem</strong></span> <span class='ocrx_word' id='word_1_164' title='bbox 762 1290 879 1346; x_wconf 88' lang='lat' dir='ltr'><strong>audiens</strong></span> <span class='ocrx_word' id='word_1_165' title='bbox 891 1308 936 1346; x_wconf 91' lang='lat' dir='ltr'><strong>se-</strong></span> <span class='ocrx_word' id='word_1_166' title='bbox 1109 1291 1282 1348; x_wconf 84' lang='lat' dir='ltr'><strong>LlBELLUS</strong></span> <span class='ocrx_word' id='word_1_167' title='bbox 1295 1291 1452 1350; x_wconf 84' lang='lat' dir='ltr'>DECIMUS</span> <span class='ocrx_word' id='word_1_168' title='bbox 1468 1293 1641 1351; x_wconf 80' lang='lat' dir='ltr'>OCTAVUS.</span> 
     </span>
    </p>

    <p class='ocr_par' dir='ltr' id='par_1_4' title="bbox 132 1378 1778 2078">
     <span class='ocr_line' id='line_1_13' title="bbox 133 1378 1653 1453; baseline 0.003 -21"><span class='ocrx_word' id='word_1_169' title='bbox 133 1391 197 1444; x_wconf 86' lang='lat' dir='ltr'><strong>nex,</strong></span> <span class='ocrx_word' id='word_1_170' title='bbox 213 1378 333 1433; x_wconf 90' lang='lat' dir='ltr'><strong>miratus</strong></span> <span class='ocrx_word' id='word_1_171' title='bbox 348 1383 399 1444; x_wconf 91' lang='lat' dir='ltr'><strong>est,</strong></span> <span class='ocrx_word' id='word_1_172' title='bbox 416 1385 445 1433; x_wconf 92' lang='grc' dir='ltr'><strong>ιι</strong></span> <span class='ocrx_word' id='word_1_173' title='bbox 467 1378 539 1434; x_wconf 83' lang='lat' dir='ltr'><strong>dixit</strong></span> <span class='ocrx_word' id='word_1_174' title='bbox 564 1379 614 1433; x_wconf 92' lang='lat' dir='ltr'><strong>uni</strong></span> <span class='ocrx_word' id='word_1_175' title='bbox 637 1379 672 1433; x_wconf 91' lang='lat' dir='ltr'><strong>de</strong></span> <span class='ocrx_word' id='word_1_176' title='bbox 687 1380 830 1435; x_wconf 90' lang='lat' dir='ltr'><strong>monacbis</strong></span> <span class='ocrx_word' id='word_1_177' title='bbox 853 1381 911 1435; x_wconf 90' lang='lat' dir='ltr'><strong>suis</strong></span> <span class='ocrx_word' id='word_1_178' title='bbox 928 1399 933 1434; x_wconf 95' lang='lat'>:</span> <span class='ocrx_word' id='word_1_179' title='bbox 1097 1383 1134 1436; x_wconf 87' lang='lat' dir='ltr'><strong>Dc</strong></span> <span class='ocrx_word' id='word_1_180' title='bbox 1146 1382 1327 1450; x_wconf 70' lang='lat' dir='ltr'><strong>previdentia</strong></span> <span class='ocrx_word' id='word_1_181' title='bbox 1342 1384 1396 1436; x_wconf 85' lang='lat' dir='ltr'><strong>sice</strong></span> <span class='ocrx_word' id='word_1_182' title='bbox 1416 1385 1653 1453; x_wconf 82' lang='lat' dir='ltr'><strong>contemplatione.</strong></span> 
     </span>
     <span class='ocr_line' id='line_1_14' title="bbox 134 1465 1775 1547; baseline 0.005 -26"><span class='ocrx_word' id='word_1_183' title='bbox 134 1465 253 1522; x_wconf 79' lang='lat' dir='ltr'><strong>Percote</strong></span> <span class='ocrx_word' id='word_1_184' title='bbox 259 1467 371 1538; x_wconf 88' lang='lat' dir='ltr'><strong>signum</strong></span> <span class='ocrx_word' id='word_1_185' title='bbox 383 1467 441 1538; x_wconf 75' lang='lat'>(45)</span> <span class='ocrx_word' id='word_1_186' title='bbox 450 1467 479 1522; x_wconf 94' lang='lat' dir='ltr'><strong>in</strong></span> <span class='ocrx_word' id='word_1_187' title='bbox 495 1467 565 1522; x_wconf 90' lang='lat' dir='ltr'><strong>cella</strong></span> <span class='ocrx_word' id='word_1_188' title='bbox 576 1467 705 1535; x_wconf 81' lang='lat' dir='ltr'><strong>fratrum,</strong></span> <span class='ocrx_word' id='word_1_189' title='bbox 721 1475 754 1523; x_wconf 91' lang='lat' dir='ltr'><strong>ut</strong></span> <span class='ocrx_word' id='word_1_190' title='bbox 765 1476 937 1541; x_wconf 84' lang='lat' dir='ltr'><strong>congregent</strong></span> <span class='ocrx_word' id='word_1_191' title='bbox 1014 1471 1040 1527; x_wconf 87' lang='lat' dir='ltr'><strong>l.</strong></span> <span class='ocrx_word' id='word_1_192' title='bbox 1051 1470 1150 1525; x_wconf 88' lang='lat' dir='ltr'><strong>Frater</strong></span> <span class='ocrx_word' id='word_1_193' title='bbox 1158 1469 1228 1524; x_wconf 88' lang='lat' dir='ltr'><strong>abiit</strong></span> <span class='ocrx_word' id='word_1_194' title='bbox 1236 1469 1272 1523; x_wconf 91' lang='lat' dir='ltr'><strong>ad</strong></span> <span class='ocrx_word' id='word_1_195' title='bbox 1282 1470 1380 1524; x_wconf 91' lang='lat' dir='ltr'><strong>cellam</strong></span> <span class='ocrx_word' id='word_1_196' title='bbox 1388 1470 1501 1526; x_wconf 86' lang='lat' dir='ltr'><strong>abbatis</strong></span> <span class='ocrx_word' id='word_1_197' title='bbox 1508 1472 1620 1527; x_wconf 83' lang='lat' dir='ltr'><strong>Arsenii</strong></span> <span class='ocrx_word' id='word_1_198' title='bbox 1630 1473 1659 1529; x_wconf 91' lang='lat' dir='ltr'><strong>in</strong></span> <span class='ocrx_word' id='word_1_199' title='bbox 1668 1474 1775 1547; x_wconf 86' lang='lat' dir='ltr'><strong>Scytbi,</strong></span> 
     </span>
     <span class='ocr_line' id='line_1_15' title="bbox 134 1556 1777 1635; baseline 0.005 -25"><span class='ocrx_word' id='word_1_200' title='bbox 134 1572 164 1611; x_wconf 84' lang='lat' dir='ltr'><strong>se</strong></span> <span class='ocrx_word' id='word_1_201' title='bbox 178 1556 224 1610; x_wconf 91' lang='lat' dir='ltr'><strong>bic</strong></span> <span class='ocrx_word' id='word_1_202' title='bbox 238 1573 344 1611; x_wconf 88' lang='lat' dir='ltr'><strong>omnes.</strong></span> <span class='ocrx_word' id='word_1_203' title='bbox 361 1557 490 1621; x_wconf 84' lang='lat' dir='ltr'><strong>Quicum</strong></span> <span class='ocrx_word' id='word_1_204' title='bbox 504 1557 655 1624; x_wconf 88' lang='lat' dir='ltr'><strong>venissent,</strong></span> <span class='ocrx_word' id='word_1_205' title='bbox 667 1557 739 1612; x_wconf 84' lang='lat' dir='ltr'><strong>dixit</strong></span> <span class='ocrx_word' id='word_1_206' title='bbox 751 1559 791 1613; x_wconf 90' lang='lat' dir='ltr'><strong>eis</strong></span> <span class='ocrx_word' id='word_1_207' title='bbox 805 1577 811 1612; x_wconf 90' lang='lat'>:</span> <span class='ocrx_word' id='word_1_208' title='bbox 824 1559 934 1627; x_wconf 88' lang='lat' dir='ltr'><strong>Venite,</strong></span> <span class='ocrx_word' id='word_1_209' title='bbox 978 1564 1007 1615; x_wconf 92' lang='lat' dir='ltr'><strong>et</strong></span> <span class='ocrx_word' id='word_1_210' title='bbox 1016 1559 1138 1614; x_wconf 90' lang='lat' dir='ltr'><strong>attendit</strong></span> <span class='ocrx_word' id='word_1_211' title='bbox 1146 1575 1197 1631; x_wconf 90' lang='lat' dir='ltr'><strong>per</strong></span> <span class='ocrx_word' id='word_1_212' title='bbox 1205 1558 1366 1624; x_wconf 85' lang='lat' dir='ltr'><strong>fenestram,</strong></span> <span class='ocrx_word' id='word_1_213' title='bbox 1375 1565 1404 1614; x_wconf 91' lang='lat' dir='ltr'><strong>et</strong></span> <span class='ocrx_word' id='word_1_214' title='bbox 1414 1560 1483 1615; x_wconf 90' lang='lat' dir='ltr'><strong>vidit</strong></span> <span class='ocrx_word' id='word_1_215' title='bbox 1490 1566 1684 1617; x_wconf 87' lang='lat' dir='ltr'><strong>senemtotum</strong></span> <span class='ocrx_word' id='word_1_216' title='bbox 1695 1563 1777 1635; x_wconf 81' lang='lat' dir='ltr'><strong>quasi</strong></span> 
     </span>
     <span class='ocr_line' id='line_1_16' title="bbox 132 1642 1778 1722; baseline 0.005 -23"><span class='ocrx_word' id='word_1_217' title='bbox 132 1642 246 1712; x_wconf 86' lang='lat' dir='ltr'><strong>fratres,</strong></span> <span class='ocrx_word' id='word_1_218' title='bbox 257 1650 287 1700; x_wconf 87' lang='lat' dir='ltr'><strong>et</strong></span> <span class='ocrx_word' id='word_1_219' title='bbox 296 1645 392 1700; x_wconf 90' lang='lat' dir='ltr'><strong>audite</strong></span> <span class='ocrx_word' id='word_1_220' title='bbox 403 1645 756 1717; x_wconf 84' lang='lat' dir='ltr'><strong>hodiejustumjudiciam.</strong></span> <span class='ocrx_word' id='word_1_221' title='bbox 765 1647 937 1703; x_wconf 80' lang='lat' dir='ltr'><strong>litindicavit</strong></span> <span class='ocrx_word' id='word_1_222' title='bbox 978 1649 1092 1720; x_wconf 91' lang='lat' dir='ltr'><strong>igneum</strong></span> <span class='ocrx_word' id='word_1_223' title='bbox 1109 1667 1115 1702; x_wconf 78' lang='grc' dir='ltr'>ε</span> <span class='ocrx_word' id='word_1_224' title='bbox 1132 1652 1302 1703; x_wconf 88' lang='lat' dir='ltr'><strong>enatantem</strong></span> <span class='ocrx_word' id='word_1_225' title='bbox 1317 1648 1404 1703; x_wconf 82' lang='lat' dir='ltr'><strong>irater</strong></span> <span class='ocrx_word' id='word_1_226' title='bbox 1418 1649 1465 1703; x_wconf 93' lang='lat' dir='ltr'><strong>ille</strong></span> <span class='ocrx_word' id='word_1_227' title='bbox 1479 1650 1586 1720; x_wconf 86' lang='lat' dir='ltr'><strong>dignus</strong></span> <span class='ocrx_word' id='word_1_228' title='bbox 1596 1651 1644 1722; x_wconf 90' lang='lat' dir='ltr'><strong>qui</strong></span> <span class='ocrx_word' id='word_1_229' title='bbox 1654 1651 1723 1706; x_wconf 91' lang='lat' dir='ltr'><strong>talia</strong></span> <span class='ocrx_word' id='word_1_230' title='bbox 1734 1652 1778 1707; x_wconf 92' lang='lat' dir='ltr'><strong>in·</strong></span> 
     </span>
     <span class='ocr_line' id='line_1_17' title="bbox 135 1722 1777 1810; baseline 0.004 -22"><span class='ocrx_word' id='word_1_231' title='bbox 135 1732 176 1788; x_wconf 90' lang='lat' dir='ltr'><strong>eis</strong></span> <span class='ocrx_word' id='word_1_232' title='bbox 187 1734 282 1789; x_wconf 90' lang='lat' dir='ltr'><strong>omnia</strong></span> <span class='ocrx_word' id='word_1_233' title='bbox 293 1739 422 1800; x_wconf 68' lang='lat' dir='ltr'><strong>secernet</strong></span> <span class='ocrx_word' id='word_1_234' title='bbox 433 1735 603 1805; x_wconf 87' lang='lat' dir='ltr'><strong>adjudicavit</strong></span> <span class='ocrx_word' id='word_1_235' title='bbox 615 1736 732 1791; x_wconf 86' lang='lat' dir='ltr'><strong>fratrem</strong></span> <span class='ocrx_word' id='word_1_236' title='bbox 742 1736 832 1804; x_wconf 87' lang='lat' dir='ltr'><strong>illum,</strong></span> <span class='ocrx_word' id='word_1_237' title='bbox 844 1743 877 1793; x_wconf 90' lang='lat' dir='ltr'><strong>nt</strong></span> <span class='ocrx_word' id='word_1_238' title='bbox 890 1722 966 1793; x_wconf 81' lang='grc' dir='ltr'>ιιι-Β</span> <span class='ocrx_word' id='word_1_239' title='bbox 977 1742 1113 1793; x_wconf 90' lang='lat' dir='ltr'><strong>tueretur.</strong></span> <span class='ocrx_word' id='word_1_240' title='bbox 1129 1737 1164 1792; x_wconf 85' lang='lat' dir='ltr'><strong>Et</strong></span> <span class='ocrx_word' id='word_1_241' title='bbox 1178 1753 1241 1791; x_wconf 90' lang='lat' dir='ltr'><strong>cum</strong></span> <span class='ocrx_word' id='word_1_242' title='bbox 1259 1737 1407 1809; x_wconf 89' lang='lat' dir='ltr'><strong>pulsasset,</strong></span> <span class='ocrx_word' id='word_1_243' title='bbox 1431 1755 1559 1810; x_wconf 86' lang='lat' dir='ltr'><strong>egressus</strong></span> <span class='ocrx_word' id='word_1_244' title='bbox 1574 1745 1617 1794; x_wconf 91' lang='lat' dir='ltr'><strong>est</strong></span> <span class='ocrx_word' id='word_1_245' title='bbox 1631 1756 1724 1807; x_wconf 90' lang='lat' dir='ltr'><strong>senex,</strong></span> <span class='ocrx_word' id='word_1_246' title='bbox 1748 1746 1777 1796; x_wconf 89' lang='lat' dir='ltr'><strong>et</strong></span> 
     </span>
     <span class='ocr_line' id='line_1_18' title="bbox 134 1822 1777 1898; baseline 0.005 -20"><span class='ocrx_word' id='word_1_247' title='bbox 134 1822 242 1896; x_wconf 91' lang='lat' dir='ltr'><strong>ciperet</strong></span> <span class='ocrx_word' id='word_1_248' title='bbox 255 1825 398 1891; x_wconf 85' lang='lat' dir='ltr'><strong>mercedes</strong></span> <span class='ocrx_word' id='word_1_249' title='bbox 411 1841 486 1890; x_wconf 87' lang='lat' dir='ltr'><strong>suas,</strong></span> <span class='ocrx_word' id='word_1_250' title='bbox 503 1831 532 1880; x_wconf 89' lang='lat' dir='ltr'><strong>et</strong></span> <span class='ocrx_word' id='word_1_251' title='bbox 544 1825 649 1880; x_wconf 89' lang='lat' dir='ltr'><strong>faceret</strong></span> <span class='ocrx_word' id='word_1_252' title='bbox 658 1841 690 1879; x_wconf 88' lang='lat' dir='ltr'><strong>ex</strong></span> <span class='ocrx_word' id='word_1_253' title='bbox 706 1825 749 1880; x_wconf 92' lang='lat' dir='ltr'><strong>his</strong></span> <span class='ocrx_word' id='word_1_254' title='bbox 760 1825 935 1882; x_wconf 89' lang='lat' dir='ltr'><strong>mercedibus</strong></span> <span class='ocrx_word' id='word_1_255' title='bbox 974 1826 1045 1882; x_wconf 89' lang='lat' dir='ltr'><strong>vidit</strong></span> <span class='ocrx_word' id='word_1_256' title='bbox 1058 1829 1175 1881; x_wconf 90' lang='lat' dir='ltr'><strong>fratrem</strong></span> <span class='ocrx_word' id='word_1_257' title='bbox 1189 1826 1269 1881; x_wconf 92' lang='lat' dir='ltr'><strong>illum</strong></span> <span class='ocrx_word' id='word_1_258' title='bbox 1284 1831 1453 1898; x_wconf 87' lang='lat' dir='ltr'><strong>stupentem,</strong></span> <span class='ocrx_word' id='word_1_259' title='bbox 1471 1832 1499 1882; x_wconf 93' lang='lat' dir='ltr'><strong>et</strong></span> <span class='ocrx_word' id='word_1_260' title='bbox 1518 1829 1587 1884; x_wconf 93' lang='lat' dir='ltr'><strong>dicit</strong></span> <span class='ocrx_word' id='word_1_261' title='bbox 1596 1829 1623 1884; x_wconf 93' lang='lat' dir='ltr'><strong>ei</strong></span> <span class='ocrx_word' id='word_1_262' title='bbox 1638 1851 1644 1884; x_wconf 75' lang='grc' dir='ltr'><strong>ι</strong></span> <span class='ocrx_word' id='word_1_263' title='bbox 1659 1830 1714 1885; x_wconf 90' lang='lat' dir='ltr'><strong>Diu</strong></span> <span class='ocrx_word' id='word_1_264' title='bbox 1733 1834 1777 1886; x_wconf 84' lang='lat' dir='ltr'><strong>est</strong></span> 
     </span>
     <span class='ocr_line' id='line_1_19' title="bbox 135 1913 1776 1991; baseline 0.004 -22"><span class='ocrx_word' id='word_1_265' title='bbox 135 1913 209 1984; x_wconf 89' lang='lat' dir='ltr'><strong>quod</strong></span> <span class='ocrx_word' id='word_1_266' title='bbox 224 1914 284 1985; x_wconf 88' lang='lat' dir='ltr'><strong>ipse</strong></span> <span class='ocrx_word' id='word_1_267' title='bbox 294 1915 386 1971; x_wconf 91' lang='lat' dir='ltr'><strong>vellet.</strong></span> <span class='ocrx_word' id='word_1_268' title='bbox 401 1917 434 1970; x_wconf 87' lang='lat' dir='ltr'><strong>Et</strong></span> <span class='ocrx_word' id='word_1_269' title='bbox 450 1916 578 1970; x_wconf 86' lang='lat' dir='ltr'><strong>discessit</strong></span> <span class='ocrx_word' id='word_1_270' title='bbox 587 1916 675 1970; x_wconf 81' lang='lat' dir='ltr'><strong>irater</strong></span> <span class='ocrx_word' id='word_1_271' title='bbox 691 1917 738 1971; x_wconf 92' lang='lat' dir='ltr'><strong>ille</strong></span> <span class='ocrx_word' id='word_1_272' title='bbox 752 1918 935 1975; x_wconf 87' lang='lat' dir='ltr'><strong>contristatus</strong></span> <span class='ocrx_word' id='word_1_273' title='bbox 976 1917 1050 1988; x_wconf 88' lang='lat' dir='ltr'><strong>quod</strong></span> <span class='ocrx_word' id='word_1_274' title='bbox 1061 1916 1105 1971; x_wconf 91' lang='lat' dir='ltr'><strong>bic</strong></span> <span class='ocrx_word' id='word_1_275' title='bbox 1115 1915 1227 1988; x_wconf 78' lang='lat' dir='ltr'><strong>pulsas?</strong></span> <span class='ocrx_word' id='word_1_276' title='bbox 1238 1933 1274 1971; x_wconf 92' lang='lat' dir='ltr'><strong>ne</strong></span> <span class='ocrx_word' id='word_1_277' title='bbox 1283 1915 1390 1987; x_wconf 86' lang='lat' dir='ltr'><strong>aliquid</strong></span> <span class='ocrx_word' id='word_1_278' title='bbox 1398 1916 1493 1971; x_wconf 89' lang='lat' dir='ltr'><strong>vidisti</strong></span> <span class='ocrx_word' id='word_1_279' title='bbox 1503 1917 1515 1971; x_wconf 85' lang='lat' dir='ltr'><strong>f</strong></span> <span class='ocrx_word' id='word_1_280' title='bbox 1525 1918 1560 1972; x_wconf 89' lang='lat' dir='ltr'><strong>Et</strong></span> <span class='ocrx_word' id='word_1_281' title='bbox 1572 1918 1619 1973; x_wconf 85' lang='lat' dir='ltr'><strong>ille</strong></span> <span class='ocrx_word' id='word_1_282' title='bbox 1629 1918 1776 1991; x_wconf 90' lang='lat' dir='ltr'><strong>respondit</strong></span> 
     </span>
     <span class='ocr_line' id='line_1_20' title="bbox 134 2004 1684 2078; baseline 0.003 -20"><span class='ocrx_word' id='word_1_283' title='bbox 134 2006 164 2058; x_wconf 88' lang='lat' dir='ltr'><strong>et</strong></span> <span class='ocrx_word' id='word_1_284' title='bbox 176 2004 299 2075; x_wconf 89' lang='lat' dir='ltr'><strong>plorans,</strong></span> <span class='ocrx_word' id='word_1_285' title='bbox 311 2004 391 2077; x_wconf 88' lang='lat' dir='ltr'><strong>quasi</strong></span> <span class='ocrx_word' id='word_1_286' title='bbox 406 2005 600 2076; x_wconf 67' lang='lat' dir='ltr'><strong>prejudicium</strong></span> <span class='ocrx_word' id='word_1_287' title='bbox 610 2022 719 2077; x_wconf 90' lang='lat' dir='ltr'><strong>passus.</strong></span> <span class='ocrx_word' id='word_1_288' title='bbox 975 2006 1001 2060; x_wconf 92' lang='lat' dir='ltr'><strong>ei</strong></span> <span class='ocrx_word' id='word_1_289' title='bbox 1017 2027 1023 2059; x_wconf 72' lang='grc' dir='ltr'><strong>ι</strong></span> <span class='ocrx_word' id='word_1_290' title='bbox 1039 2006 1111 2060; x_wconf 93' lang='lat' dir='ltr'><strong>Non.</strong></span> <span class='ocrx_word' id='word_1_291' title='bbox 1128 2007 1163 2060; x_wconf 87' lang='lat' dir='ltr'><strong>Et</strong></span> <span class='ocrx_word' id='word_1_292' title='bbox 1176 2006 1337 2078; x_wconf 88' lang='lat' dir='ltr'><strong>colloquens</strong></span> <span class='ocrx_word' id='word_1_293' title='bbox 1350 2022 1415 2060; x_wconf 90' lang='lat' dir='ltr'><strong>cum</strong></span> <span class='ocrx_word' id='word_1_294' title='bbox 1428 2023 1470 2072; x_wconf 90' lang='lat' dir='ltr'><strong>eo,</strong></span> <span class='ocrx_word' id='word_1_295' title='bbox 1488 2006 1596 2062; x_wconf 91' lang='lat' dir='ltr'><strong>dimisit</strong></span> <span class='ocrx_word' id='word_1_296' title='bbox 1609 2024 1684 2063; x_wconf 88' lang='lat' dir='ltr'><strong>eura.</strong></span> 
     </span>
    </p>

    <p class='ocr_par' dir='ltr' id='par_1_5' title="bbox 130 2091 1777 3069">
     <span class='ocr_line' id='line_1_21' title="bbox 168 2091 1773 2171; baseline 0.006 -25"><span class='ocrx_word' id='word_1_297' title='bbox 168 2091 215 2149; x_wconf 72' lang='lat' dir='ltr'><strong>Di.</strong></span> <span class='ocrx_word' id='word_1_298' title='bbox 230 2092 344 2149; x_wconf 88' lang='lat' dir='ltr'><strong>Dicebat</strong></span> <span class='ocrx_word' id='word_1_299' title='bbox 364 2094 479 2165; x_wconf 85' lang='lat' dir='ltr'><strong>quidam</strong></span> <span class='ocrx_word' id='word_1_300' title='bbox 496 2111 579 2148; x_wconf 87' lang='lat' dir='ltr'><strong>senex</strong></span> <span class='ocrx_word' id='word_1_301' title='bbox 597 2113 604 2151; x_wconf 93' lang='lat'><strong>:</strong></span> <span class='ocrx_word' id='word_1_302' title='bbox 627 2096 700 2160; x_wconf 84' lang='lat' dir='ltr'><strong>Quia</strong></span> <span class='ocrx_word' id='word_1_303' title='bbox 722 2097 821 2151; x_wconf 90' lang='lat' dir='ltr'><strong>Patres</strong></span> <span class='ocrx_word' id='word_1_304' title='bbox 845 2098 935 2153; x_wconf 89' lang='lat' dir='ltr'><strong>nostri</strong></span> <span class='ocrx_word' id='word_1_305' title='bbox 1009 2094 1037 2149; x_wconf 77' lang='lat'><strong>2.</strong></span> <span class='ocrx_word' id='word_1_306' title='bbox 1057 2095 1135 2150; x_wconf 89' lang='lat' dir='ltr'><strong>Dixit</strong></span> <span class='ocrx_word' id='word_1_307' title='bbox 1147 2095 1234 2150; x_wconf 86' lang='lat' dir='ltr'><strong>abbas</strong></span> <span class='ocrx_word' id='word_1_308' title='bbox 1253 2095 1351 2151; x_wconf 86' lang='lat' dir='ltr'><strong>Daniel</strong></span> <span class='ocrx_word' id='word_1_309' title='bbox 1363 2097 1462 2165; x_wconf 69' lang='lat' dir='ltr'><strong>(dass,</strong></span> <span class='ocrx_word' id='word_1_310' title='bbox 1480 2098 1529 2152; x_wconf 84' lang='lat' dir='ltr'><strong>tib.</strong></span> <span class='ocrx_word' id='word_1_311' title='bbox 1547 2110 1590 2164; x_wconf 88' lang='lat' dir='ltr'><strong>nr,</strong></span> <span class='ocrx_word' id='word_1_312' title='bbox 1605 2114 1634 2151; x_wconf 88' lang='lat' dir='ltr'><strong>n.</strong></span> <span class='ocrx_word' id='word_1_313' title='bbox 1652 2095 1706 2168; x_wconf 71' lang='lat'><strong>38),</strong></span> <span class='ocrx_word' id='word_1_314' title='bbox 1725 2098 1773 2171; x_wconf 89' lang='lat' dir='ltr'><strong>qui</strong></span> 
     </span>
     <span class='ocr_line' id='line_1_22' title="bbox 134 2181 1774 2256; baseline 0.004 -20"><span class='ocrx_word' id='word_1_315' title='bbox 134 2181 363 2238; x_wconf 89' lang='lat' dir='ltr'><strong>consuetudinem</strong></span> <span class='ocrx_word' id='word_1_316' title='bbox 381 2183 541 2238; x_wconf 89' lang='lat' dir='ltr'><strong>babuerunt</strong></span> <span class='ocrx_word' id='word_1_317' title='bbox 550 2185 644 2239; x_wconf 91' lang='lat' dir='ltr'><strong>venire</strong></span> <span class='ocrx_word' id='word_1_318' title='bbox 655 2186 691 2240; x_wconf 93' lang='lat' dir='ltr'><strong>ad</strong></span> <span class='ocrx_word' id='word_1_319' title='bbox 704 2186 789 2240; x_wconf 92' lang='lat' dir='ltr'><strong>cellas</strong></span> <span class='ocrx_word' id='word_1_320' title='bbox 798 2202 933 2242; x_wconf 91' lang='lat' dir='ltr'><strong>novorum</strong></span> <span class='ocrx_word' id='word_1_321' title='bbox 975 2189 1037 2238; x_wconf 92' lang='lat' dir='ltr'><strong>erat</strong></span> <span class='ocrx_word' id='word_1_322' title='bbox 1050 2184 1205 2255; x_wconf 86' lang='lat' dir='ltr'><strong>discipulus</strong></span> <span class='ocrx_word' id='word_1_323' title='bbox 1219 2183 1328 2239; x_wconf 90' lang='lat' dir='ltr'><strong>abbatis</strong></span> <span class='ocrx_word' id='word_1_324' title='bbox 1341 2184 1462 2248; x_wconf 73' lang='lat' dir='ltr'><strong>arsenii,</strong></span> <span class='ocrx_word' id='word_1_325' title='bbox 1479 2185 1545 2256; x_wconf 89' lang='lat' dir='ltr'><strong>quia</strong></span> <span class='ocrx_word' id='word_1_326' title='bbox 1555 2187 1681 2242; x_wconf 88' lang='lat' dir='ltr'><strong>narravit</strong></span> <span class='ocrx_word' id='word_1_327' title='bbox 1690 2187 1716 2242; x_wconf 93' lang='lat' dir='ltr'><strong>ei</strong></span> <span class='ocrx_word' id='word_1_328' title='bbox 1727 2187 1774 2242; x_wconf 90' lang='lat' dir='ltr'><strong>ab·</strong></span> 
     </span>
     <span class='ocr_line' id='line_1_23' title="bbox 135 2271 1776 2349; baseline 0.004 -23"><span class='ocrx_word' id='word_1_329' title='bbox 135 2271 264 2338; x_wconf 82' lang='lat' dir='ltr'><strong>fratrum,</strong></span> <span class='ocrx_word' id='word_1_330' title='bbox 277 2272 326 2344; x_wconf 90' lang='lat' dir='ltr'><strong>qui</strong></span> <span class='ocrx_word' id='word_1_331' title='bbox 339 2272 458 2328; x_wconf 89' lang='lat' dir='ltr'><strong>solitarii</strong></span> <span class='ocrx_word' id='word_1_332' title='bbox 473 2274 632 2329; x_wconf 90' lang='lat' dir='ltr'><strong>conversari</strong></span> <span class='ocrx_word' id='word_1_333' title='bbox 645 2273 781 2338; x_wconf 89' lang='lat' dir='ltr'><strong>volebant,</strong></span> <span class='ocrx_word' id='word_1_334' title='bbox 799 2280 828 2329; x_wconf 93' lang='grc' dir='ltr'><strong>ιι</strong></span> <span class='ocrx_word' id='word_1_335' title='bbox 840 2276 934 2330; x_wconf 90' lang='lat' dir='ltr'><strong>visita·</strong></span> <span class='ocrx_word' id='word_1_336' title='bbox 974 2273 1025 2328; x_wconf 89' lang='lat' dir='ltr'><strong>bas</strong></span> <span class='ocrx_word' id='word_1_337' title='bbox 1040 2274 1184 2340; x_wconf 79' lang='lat' dir='ltr'><strong>Arsenius,</strong></span> <span class='ocrx_word' id='word_1_338' title='bbox 1207 2278 1344 2345; x_wconf 88' lang='lat' dir='ltr'><strong>tanquam</strong></span> <span class='ocrx_word' id='word_1_339' title='bbox 1360 2273 1395 2328; x_wconf 92' lang='lat' dir='ltr'><strong>de</strong></span> <span class='ocrx_word' id='word_1_340' title='bbox 1408 2275 1463 2329; x_wconf 91' lang='lat' dir='ltr'><strong>alio</strong></span> <span class='ocrx_word' id='word_1_341' title='bbox 1477 2274 1571 2346; x_wconf 90' lang='lat' dir='ltr'><strong>aliquo</strong></span> <span class='ocrx_word' id='word_1_342' title='bbox 1586 2275 1682 2331; x_wconf 90' lang='lat' dir='ltr'><strong>dicens</strong></span> <span class='ocrx_word' id='word_1_343' title='bbox 1694 2277 1776 2349; x_wconf 86' lang='lat' dir='ltr'><strong>(puto</strong></span> 
     </span>
     <span class='ocr_line' id='line_1_24' title="bbox 133 2358 1777 2435; baseline 0.003 -20"><span class='ocrx_word' id='word_1_344' title='bbox 133 2358 203 2415; x_wconf 89' lang='lat' dir='ltr'><strong>bant</strong></span> <span class='ocrx_word' id='word_1_345' title='bbox 213 2377 270 2427; x_wconf 88' lang='lat' dir='ltr'><strong>eos,</strong></span> <span class='ocrx_word' id='word_1_346' title='bbox 285 2378 321 2417; x_wconf 89' lang='lat' dir='ltr'><strong>ne</strong></span> <span class='ocrx_word' id='word_1_347' title='bbox 330 2361 628 2435; x_wconf 88' lang='lat' dir='ltr'><strong>quiseorumtentatus</strong></span> <span class='ocrx_word' id='word_1_348' title='bbox 640 2380 656 2418; x_wconf 91' lang='lat' dir='ltr'><strong>a</strong></span> <span class='ocrx_word' id='word_1_349' title='bbox 667 2363 841 2419; x_wconf 81' lang='lat' dir='ltr'><strong>daemonibus</strong></span> <span class='ocrx_word' id='word_1_350' title='bbox 853 2365 934 2420; x_wconf 83' lang='lat' dir='ltr'><strong>laede·</strong></span> <span class='ocrx_word' id='word_1_351' title='bbox 975 2369 1071 2418; x_wconf 91' lang='lat' dir='ltr'><strong>tamen</strong></span> <span class='ocrx_word' id='word_1_352' title='bbox 1087 2363 1161 2435; x_wconf 87' lang='lat' dir='ltr'><strong>quod</strong></span> <span class='ocrx_word' id='word_1_353' title='bbox 1180 2361 1215 2417; x_wconf 90' lang='lat' dir='ltr'><strong>de</strong></span> <span class='ocrx_word' id='word_1_354' title='bbox 1229 2379 1263 2417; x_wconf 93' lang='lat' dir='ltr'><strong>eo</strong></span> <span class='ocrx_word' id='word_1_355' title='bbox 1284 2361 1450 2433; x_wconf 82' lang='lat' dir='ltr'><strong>dicebatur),</strong></span> <span class='ocrx_word' id='word_1_356' title='bbox 1467 2363 1532 2434; x_wconf 89' lang='lat' dir='ltr'><strong>quia</strong></span> <span class='ocrx_word' id='word_1_357' title='bbox 1547 2381 1611 2420; x_wconf 90' lang='lat' dir='ltr'><strong>cum</strong></span> <span class='ocrx_word' id='word_1_358' title='bbox 1624 2364 1735 2421; x_wconf 87' lang='lat' dir='ltr'><strong>sederet</strong></span> <span class='ocrx_word' id='word_1_359' title='bbox 1747 2365 1777 2420; x_wconf 91' lang='lat' dir='ltr'><strong>in</strong></span> 
     </span>
     <span class='ocr_line' id='line_1_25' title="bbox 133 2450 1774 2525; baseline 0.003 -20"><span class='ocrx_word' id='word_1_360' title='bbox 133 2455 213 2506; x_wconf 86' lang='lat' dir='ltr'><strong>retur</strong></span> <span class='ocrx_word' id='word_1_361' title='bbox 220 2455 317 2516; x_wconf 68' lang='lat'><strong>1385</strong></span> <span class='ocrx_word' id='word_1_362' title='bbox 329 2467 347 2505; x_wconf 92' lang='lat' dir='ltr'><strong>a</strong></span> <span class='ocrx_word' id='word_1_363' title='bbox 361 2450 529 2522; x_wconf 82' lang='lat' dir='ltr'><strong>cogitatione</strong></span> <span class='ocrx_word' id='word_1_364' title='bbox 542 2469 602 2506; x_wconf 91' lang='lat' dir='ltr'><strong>sua.</strong></span> <span class='ocrx_word' id='word_1_365' title='bbox 618 2453 652 2507; x_wconf 87' lang='lat' dir='ltr'><strong>Et</strong></span> <span class='ocrx_word' id='word_1_366' title='bbox 667 2453 690 2507; x_wconf 93' lang='lat' dir='ltr'><strong>si</strong></span> <span class='ocrx_word' id='word_1_367' title='bbox 706 2453 818 2525; x_wconf 90' lang='lat' dir='ltr'><strong>qnando</strong></span> <span class='ocrx_word' id='word_1_368' title='bbox 831 2453 934 2525; x_wconf 89' lang='lat' dir='ltr'><strong>aliquis</strong></span> <span class='ocrx_word' id='word_1_369' title='bbox 975 2453 1047 2509; x_wconf 90' lang='lat' dir='ltr'><strong>cella</strong></span> <span class='ocrx_word' id='word_1_370' title='bbox 1060 2469 1113 2508; x_wconf 90' lang='lat' dir='ltr'><strong>sua</strong></span> <span class='ocrx_word' id='word_1_371' title='bbox 1126 2452 1241 2524; x_wconf 90' lang='lat' dir='ltr'><strong>quidam</strong></span> <span class='ocrx_word' id='word_1_372' title='bbox 1251 2467 1362 2518; x_wconf 87' lang='lat' dir='ltr'><strong>senum,</strong></span> <span class='ocrx_word' id='word_1_373' title='bbox 1377 2451 1454 2506; x_wconf 89' lang='lat' dir='ltr'><strong>venit</strong></span> <span class='ocrx_word' id='word_1_374' title='bbox 1465 2453 1621 2509; x_wconf 76' lang='lat' dir='ltr'><strong>condicens</strong></span> <span class='ocrx_word' id='word_1_375' title='bbox 1635 2453 1662 2509; x_wconf 91' lang='lat' dir='ltr'><strong>ei</strong></span> <span class='ocrx_word' id='word_1_376' title='bbox 1674 2468 1681 2510; x_wconf 78' lang='grc' dir='ltr'><strong>ι</strong></span> <span class='ocrx_word' id='word_1_377' title='bbox 1692 2452 1774 2522; x_wconf 86' lang='lat' dir='ltr'><strong>Veni,</strong></span> 
     </span>
     <span class='ocr_line' id='line_1_26' title="bbox 134 2539 1774 2614; baseline 0.002 -19"><span class='ocrx_word' id='word_1_378' title='bbox 134 2539 432 2596; x_wconf 86' lang='lat' dir='ltr'><strong>eoruminveniebatnr</strong></span> <span class='ocrx_word' id='word_1_379' title='bbox 441 2541 533 2609; x_wconf 83' lang='lat' dir='ltr'><strong>laesus,</strong></span> <span class='ocrx_word' id='word_1_380' title='bbox 542 2541 717 2597; x_wconf 88' lang='lat' dir='ltr'><strong>adducebant</strong></span> <span class='ocrx_word' id='word_1_381' title='bbox 728 2559 793 2597; x_wconf 90' lang='lat' dir='ltr'><strong>eum</strong></span> <span class='ocrx_word' id='word_1_382' title='bbox 803 2544 840 2598; x_wconf 88' lang='lat' dir='ltr'><strong>ad</strong></span> <span class='ocrx_word' id='word_1_383' title='bbox 849 2545 934 2599; x_wconf 91' lang='lat' dir='ltr'><strong>eccle·</strong></span> <span class='ocrx_word' id='word_1_384' title='bbox 974 2541 1122 2597; x_wconf 90' lang='lat' dir='ltr'><strong>ostendam</strong></span> <span class='ocrx_word' id='word_1_385' title='bbox 1137 2540 1188 2596; x_wconf 93' lang='lat' dir='ltr'><strong>tibi</strong></span> <span class='ocrx_word' id='word_1_386' title='bbox 1202 2557 1288 2613; x_wconf 88' lang='lat' dir='ltr'><strong>opera</strong></span> <span class='ocrx_word' id='word_1_387' title='bbox 1302 2540 1459 2596; x_wconf 89' lang='lat' dir='ltr'><strong>hominum.</strong></span> <span class='ocrx_word' id='word_1_388' title='bbox 1475 2541 1511 2597; x_wconf 86' lang='lat' dir='ltr'><strong>Et</strong></span> <span class='ocrx_word' id='word_1_389' title='bbox 1520 2558 1637 2614; x_wconf 85' lang='lat' dir='ltr'><strong>surgens</strong></span> <span class='ocrx_word' id='word_1_390' title='bbox 1651 2542 1728 2610; x_wconf 86' lang='lat' dir='ltr'><strong>exiit,</strong></span> <span class='ocrx_word' id='word_1_391' title='bbox 1745 2548 1774 2600; x_wconf 91' lang='lat' dir='ltr'><strong>et</strong></span> 
     </span>
     <span class='ocr_line' id='line_1_27' title="bbox 135 2628 1776 2705; baseline 0.002 -22"><span class='ocrx_word' id='word_1_392' title='bbox 135 2628 219 2696; x_wconf 89' lang='lat' dir='ltr'><strong>siam,</strong></span> <span class='ocrx_word' id='word_1_393' title='bbox 233 2634 262 2684; x_wconf 93' lang='lat' dir='ltr'><strong>et</strong></span> <span class='ocrx_word' id='word_1_394' title='bbox 270 2629 427 2702; x_wconf 92' lang='lat' dir='ltr'><strong>ponebatur</strong></span> <span class='ocrx_word' id='word_1_395' title='bbox 436 2630 522 2703; x_wconf 90' lang='lat' dir='ltr'><strong>pelvis</strong></span> <span class='ocrx_word' id='word_1_396' title='bbox 532 2648 597 2686; x_wconf 88' lang='lat' dir='ltr'><strong>oum</strong></span> <span class='ocrx_word' id='word_1_397' title='bbox 608 2648 691 2704; x_wconf 89' lang='lat' dir='ltr'><strong>aqua,</strong></span> <span class='ocrx_word' id='word_1_398' title='bbox 700 2637 729 2686; x_wconf 91' lang='lat' dir='ltr'><strong>et</strong></span> <span class='ocrx_word' id='word_1_399' title='bbox 741 2631 825 2687; x_wconf 90' lang='lat' dir='ltr'><strong>fiebat</strong></span> <span class='ocrx_word' id='word_1_400' title='bbox 839 2651 890 2705; x_wconf 91' lang='lat' dir='ltr'><strong>pro</strong></span> <span class='ocrx_word' id='word_1_401' title='bbox 899 2651 932 2688; x_wconf 94' lang='lat' dir='ltr'><strong>eo</strong></span> <span class='ocrx_word' id='word_1_402' title='bbox 975 2631 1056 2686; x_wconf 87' lang='lat' dir='ltr'><strong>duxit</strong></span> <span class='ocrx_word' id='word_1_403' title='bbox 1069 2647 1133 2687; x_wconf 90' lang='lat' dir='ltr'><strong>eum</strong></span> <span class='ocrx_word' id='word_1_404' title='bbox 1144 2631 1174 2684; x_wconf 91' lang='lat' dir='ltr'><strong>in</strong></span> <span class='ocrx_word' id='word_1_405' title='bbox 1185 2630 1336 2702; x_wconf 90' lang='lat' dir='ltr'><strong>quemdam</strong></span> <span class='ocrx_word' id='word_1_406' title='bbox 1352 2631 1456 2698; x_wconf 89' lang='lat' dir='ltr'><strong>locum,</strong></span> <span class='ocrx_word' id='word_1_407' title='bbox 1465 2636 1494 2686; x_wconf 93' lang='lat' dir='ltr'><strong>et</strong></span> <span class='ocrx_word' id='word_1_408' title='bbox 1503 2630 1626 2686; x_wconf 83' lang='lat' dir='ltr'><strong>ostendit</strong></span> <span class='ocrx_word' id='word_1_409' title='bbox 1634 2630 1661 2686; x_wconf 89' lang='lat' dir='ltr'><strong>ei</strong></span> <span class='ocrx_word' id='word_1_410' title='bbox 1668 2630 1776 2687; x_wconf 82' lang='lat' dir='ltr'><strong>AEtbio·</strong></span> 
     </span>
     <span class='ocr_line' id='line_1_28' title="bbox 133 2718 1774 2794; baseline 0.002 -21"><span class='ocrx_word' id='word_1_411' title='bbox 133 2718 225 2774; x_wconf 89' lang='lat' dir='ltr'><strong>oratio</strong></span> <span class='ocrx_word' id='word_1_412' title='bbox 236 2718 284 2791; x_wconf 91' lang='lat' dir='ltr'><strong>qui</strong></span> <span class='ocrx_word' id='word_1_413' title='bbox 297 2719 501 2776; x_wconf 89' lang='lat' dir='ltr'><strong>tentationibus</strong></span> <span class='ocrx_word' id='word_1_414' title='bbox 512 2720 667 2788; x_wconf 89' lang='lat' dir='ltr'><strong>laborabat,</strong></span> <span class='ocrx_word' id='word_1_415' title='bbox 684 2726 713 2776; x_wconf 90' lang='lat' dir='ltr'><strong>et</strong></span> <span class='ocrx_word' id='word_1_416' title='bbox 727 2721 859 2777; x_wconf 88' lang='lat' dir='ltr'><strong>lavabant</strong></span> <span class='ocrx_word' id='word_1_417' title='bbox 872 2740 933 2778; x_wconf 91' lang='lat' dir='ltr'><strong>om·</strong></span> <span class='ocrx_word' id='word_1_418' title='bbox 974 2737 1040 2794; x_wconf 90' lang='lat' dir='ltr'><strong>pem</strong></span> <span class='ocrx_word' id='word_1_419' title='bbox 1055 2720 1224 2776; x_wconf 86' lang='lat' dir='ltr'><strong>incidentem</strong></span> <span class='ocrx_word' id='word_1_420' title='bbox 1241 2720 1326 2791; x_wconf 87' lang='lat' dir='ltr'><strong>ligna,</strong></span> <span class='ocrx_word' id='word_1_421' title='bbox 1339 2725 1367 2774; x_wconf 92' lang='lat' dir='ltr'><strong>et</strong></span> <span class='ocrx_word' id='word_1_422' title='bbox 1376 2719 1525 2776; x_wconf 83' lang='lat' dir='ltr'><strong>facientem</strong></span> <span class='ocrx_word' id='word_1_423' title='bbox 1539 2720 1680 2782; x_wconf 84' lang='lat' dir='ltr'><strong>sarcinam</strong></span> <span class='ocrx_word' id='word_1_424' title='bbox 1690 2737 1774 2793; x_wconf 90' lang='lat' dir='ltr'><strong>gran·</strong></span> 
     </span>
     <span class='ocr_line' id='line_1_29' title="bbox 132 2806 1776 2883; baseline 0.002 -20"><span class='ocrx_word' id='word_1_425' title='bbox 132 2823 184 2863; x_wconf 91' lang='lat' dir='ltr'><strong>nes</strong></span> <span class='ocrx_word' id='word_1_426' title='bbox 204 2806 306 2864; x_wconf 88' lang='lat' dir='ltr'><strong>fratres</strong></span> <span class='ocrx_word' id='word_1_427' title='bbox 320 2825 422 2865; x_wconf 88' lang='lat' dir='ltr'><strong>manus</strong></span> <span class='ocrx_word' id='word_1_428' title='bbox 440 2827 505 2865; x_wconf 90' lang='lat' dir='ltr'><strong>suas</strong></span> <span class='ocrx_word' id='word_1_429' title='bbox 519 2810 549 2865; x_wconf 92' lang='lat' dir='ltr'><strong>in</strong></span> <span class='ocrx_word' id='word_1_430' title='bbox 567 2811 648 2881; x_wconf 90' lang='lat' dir='ltr'><strong>pelvi,</strong></span> <span class='ocrx_word' id='word_1_431' title='bbox 670 2815 699 2865; x_wconf 93' lang='lat' dir='ltr'><strong>et</strong></span> <span class='ocrx_word' id='word_1_432' title='bbox 714 2810 935 2883; x_wconf 87' lang='lat' dir='ltr'><strong>perfundebatur</strong></span> <span class='ocrx_word' id='word_1_433' title='bbox 975 2810 1050 2877; x_wconf 89' lang='lat' dir='ltr'><strong>dem,</strong></span> <span class='ocrx_word' id='word_1_434' title='bbox 1068 2815 1097 2865; x_wconf 94' lang='lat' dir='ltr'><strong>et</strong></span> <span class='ocrx_word' id='word_1_435' title='bbox 1111 2808 1239 2864; x_wconf 87' lang='lat' dir='ltr'><strong>tentabat</strong></span> <span class='ocrx_word' id='word_1_436' title='bbox 1258 2814 1371 2881; x_wconf 90' lang='lat' dir='ltr'><strong>portare</strong></span> <span class='ocrx_word' id='word_1_437' title='bbox 1390 2827 1463 2877; x_wconf 90' lang='lat' dir='ltr'><strong>eam,</strong></span> <span class='ocrx_word' id='word_1_438' title='bbox 1479 2813 1509 2865; x_wconf 92' lang='lat' dir='ltr'><strong>et</strong></span> <span class='ocrx_word' id='word_1_439' title='bbox 1530 2826 1588 2866; x_wconf 91' lang='lat' dir='ltr'><strong>non</strong></span> <span class='ocrx_word' id='word_1_440' title='bbox 1609 2815 1730 2881; x_wconf 87' lang='lat' dir='ltr'><strong>poterat,</strong></span> <span class='ocrx_word' id='word_1_441' title='bbox 1746 2816 1776 2867; x_wconf 91' lang='lat' dir='ltr'><strong>et</strong></span> 
     </span>
     <span class='ocr_line' id='line_1_30' title="bbox 131 2896 1773 2973; baseline 0.001 -19"><span class='ocrx_word' id='word_1_442' title='bbox 131 2896 264 2970; x_wconf 83' lang='lat' dir='ltr'><strong>aquailla</strong></span> <span class='ocrx_word' id='word_1_443' title='bbox 273 2897 354 2953; x_wconf 90' lang='lat' dir='ltr'><strong>fratri</strong></span> <span class='ocrx_word' id='word_1_444' title='bbox 369 2899 417 2971; x_wconf 88' lang='lat' dir='ltr'><strong>qui</strong></span> <span class='ocrx_word' id='word_1_445' title='bbox 424 2898 596 2966; x_wconf 90' lang='lat' dir='ltr'><strong>tentabatur,</strong></span> <span class='ocrx_word' id='word_1_446' title='bbox 605 2904 690 2971; x_wconf 88' lang='lat' dir='ltr'><strong>atque</strong></span> <span class='ocrx_word' id='word_1_447' title='bbox 702 2900 743 2955; x_wconf 91' lang='lat' dir='ltr'><strong>ita</strong></span> <span class='ocrx_word' id='word_1_448' title='bbox 756 2899 854 2956; x_wconf 84' lang='lat' dir='ltr'><strong>statim</strong></span> <span class='ocrx_word' id='word_1_449' title='bbox 866 2918 932 2973; x_wconf 85' lang='lat' dir='ltr'><strong>pur·</strong></span> <span class='ocrx_word' id='word_1_450' title='bbox 974 2916 1026 2972; x_wconf 91' lang='lat' dir='ltr'><strong>pro</strong></span> <span class='ocrx_word' id='word_1_451' title='bbox 1045 2916 1079 2954; x_wconf 93' lang='lat' dir='ltr'><strong>eo</strong></span> <span class='ocrx_word' id='word_1_452' title='bbox 1092 2904 1126 2954; x_wconf 92' lang='lat' dir='ltr'><strong>ut</strong></span> <span class='ocrx_word' id='word_1_453' title='bbox 1140 2899 1264 2954; x_wconf 87' lang='lat' dir='ltr'><strong>auferret</strong></span> <span class='ocrx_word' id='word_1_454' title='bbox 1283 2915 1316 2953; x_wconf 93' lang='lat' dir='ltr'><strong>ex</strong></span> <span class='ocrx_word' id='word_1_455' title='bbox 1329 2899 1440 2953; x_wconf 90' lang='lat' dir='ltr'><strong>sarcina</strong></span> <span class='ocrx_word' id='word_1_456' title='bbox 1452 2898 1512 2963; x_wconf 91' lang='lat' dir='ltr'><strong>illa,</strong></span> <span class='ocrx_word' id='word_1_457' title='bbox 1526 2898 1587 2954; x_wconf 91' lang='lat' dir='ltr'><strong>ibat</strong></span> <span class='ocrx_word' id='word_1_458' title='bbox 1599 2899 1677 2966; x_wconf 86' lang='lat' dir='ltr'><strong>item,</strong></span> <span class='ocrx_word' id='word_1_459' title='bbox 1688 2905 1718 2955; x_wconf 92' lang='lat' dir='ltr'><strong>et</strong></span> <span class='ocrx_word' id='word_1_460' title='bbox 1731 2899 1773 2955; x_wconf 92' lang='lat' dir='ltr'><strong>in·</strong></span> 
     </span>
     <span class='ocr_line' id='line_1_31' title="bbox 130 2986 1775 3069; baseline 0.002 -28"><span class='ocrx_word' id='word_1_461' title='bbox 130 2986 254 3058; x_wconf 83' lang='lat' dir='ltr'><strong>gebatur</strong></span> <span class='ocrx_word' id='word_1_462' title='bbox 270 2987 358 3042; x_wconf 89' lang='lat' dir='ltr'><strong>frater</strong></span> <span class='ocrx_word' id='word_1_463' title='bbox 372 2988 431 3044; x_wconf 93' lang='lat' dir='ltr'><strong>ille.</strong></span> <span class='ocrx_word' id='word_1_464' title='bbox 973 2987 1083 3069; x_wconf 83' lang='lat' dir='ltr'><strong>cidebat</strong></span> <span class='ocrx_word' id='word_1_465' title='bbox 1097 2988 1182 3060; x_wconf 92' lang='lat' dir='ltr'><strong>ligna,</strong></span> <span class='ocrx_word' id='word_1_466' title='bbox 1199 2993 1229 3043; x_wconf 92' lang='lat' dir='ltr'><strong>et</strong></span> <span class='ocrx_word' id='word_1_467' title='bbox 1247 2987 1368 3042; x_wconf 88' lang='lat' dir='ltr'><strong>addebat</strong></span> <span class='ocrx_word' id='word_1_468' title='bbox 1380 2987 1416 3043; x_wconf 88' lang='lat' dir='ltr'><strong>ad</strong></span> <span class='ocrx_word' id='word_1_469' title='bbox 1432 2987 1572 3043; x_wconf 85' lang='lat' dir='ltr'><strong>sarcinam</strong></span> <span class='ocrx_word' id='word_1_470' title='bbox 1588 3005 1596 3044; x_wconf 80' lang='grc' dir='ltr'><strong>ι</strong></span> <span class='ocrx_word' id='word_1_471' title='bbox 1610 2988 1664 3043; x_wconf 91' lang='lat' dir='ltr'><strong>hoc</strong></span> <span class='ocrx_word' id='word_1_472' title='bbox 1677 2993 1775 3044; x_wconf 88' lang='lat' dir='ltr'><strong>antem</strong></span> 
     </span>
    </p>

    <p class='ocr_par' dir='ltr' id='par_1_6' title="bbox 128 3075 1774 4134">
     <span class='ocr_line' id='line_1_32' title="bbox 166 3075 1774 3150; baseline -0.001 -14"><span class='ocrx_word' id='word_1_473' title='bbox 166 3075 212 3136; x_wconf 74' lang='lat'><strong>22.</strong></span> <span class='ocrx_word' id='word_1_474' title='bbox 223 3078 284 3133; x_wconf 93' lang='lat' dir='ltr'><strong>Duo</strong></span> <span class='ocrx_word' id='word_1_475' title='bbox 293 3094 375 3134; x_wconf 90' lang='lat' dir='ltr'><strong>senes</strong></span> <span class='ocrx_word' id='word_1_476' title='bbox 384 3078 480 3134; x_wconf 89' lang='lat' dir='ltr'><strong>multis</strong></span> <span class='ocrx_word' id='word_1_477' title='bbox 495 3078 578 3133; x_wconf 91' lang='lat' dir='ltr'><strong>annis</strong></span> <span class='ocrx_word' id='word_1_478' title='bbox 592 3079 677 3134; x_wconf 91' lang='lat' dir='ltr'><strong>simul</strong></span> <span class='ocrx_word' id='word_1_479' title='bbox 686 3081 843 3135; x_wconf 90' lang='lat' dir='ltr'><strong>conversati</strong></span> <span class='ocrx_word' id='word_1_480' title='bbox 853 3087 928 3149; x_wconf 92' lang='lat' dir='ltr'><strong>sunt,</strong></span> <span class='ocrx_word' id='word_1_481' title='bbox 940 3083 962 3145; x_wconf 79' lang='lat'>0</span> <span class='ocrx_word' id='word_1_482' title='bbox 973 3077 1092 3134; x_wconf 86' lang='lat' dir='ltr'><strong>faciebat</strong></span> <span class='ocrx_word' id='word_1_483' title='bbox 1112 3077 1228 3133; x_wconf 89' lang='lat' dir='ltr'><strong>diutius.</strong></span> <span class='ocrx_word' id='word_1_484' title='bbox 1248 3078 1284 3133; x_wconf 84' lang='lat' dir='ltr'><strong>Et</strong></span> <span class='ocrx_word' id='word_1_485' title='bbox 1301 3077 1455 3150; x_wconf 90' lang='lat' dir='ltr'><strong>procedens</strong></span> <span class='ocrx_word' id='word_1_486' title='bbox 1471 3077 1627 3149; x_wconf 90' lang='lat' dir='ltr'><strong>paululum,</strong></span> <span class='ocrx_word' id='word_1_487' title='bbox 1649 3077 1774 3134; x_wconf 86' lang='lat' dir='ltr'><strong>ostendit</strong></span> 
     </span>
     <span class='ocr_line' id='line_1_33' title="bbox 131 3165 1773 3240; baseline 0 -19"><span class='ocrx_word' id='word_1_488' title='bbox 131 3170 316 3240; x_wconf 88' lang='lat' dir='ltr'><strong>etnunquam</strong></span> <span class='ocrx_word' id='word_1_489' title='bbox 327 3168 402 3223; x_wconf 89' lang='lat' dir='ltr'><strong>inter</strong></span> <span class='ocrx_word' id='word_1_490' title='bbox 416 3185 446 3223; x_wconf 92' lang='lat' dir='ltr'><strong>se</strong></span> <span class='ocrx_word' id='word_1_491' title='bbox 460 3168 539 3222; x_wconf 92' lang='lat' dir='ltr'><strong>litem</strong></span> <span class='ocrx_word' id='word_1_492' title='bbox 553 3167 830 3239; x_wconf 60' lang='lat' dir='ltr'><strong>habueruntillasffl.</strong></span> <span class='ocrx_word' id='word_1_493' title='bbox 844 3185 885 3238; x_wconf 83' lang='grc' dir='ltr'>ιιι,</span> <span class='ocrx_word' id='word_1_494' title='bbox 899 3188 930 3227; x_wconf 82' lang='lat' dir='ltr'><strong>a.</strong></span> <span class='ocrx_word' id='word_1_495' title='bbox 973 3169 999 3224; x_wconf 89' lang='lat' dir='ltr'><strong>ei</strong></span> <span class='ocrx_word' id='word_1_496' title='bbox 1015 3167 1158 3223; x_wconf 90' lang='lat' dir='ltr'><strong>hominem</strong></span> <span class='ocrx_word' id='word_1_497' title='bbox 1168 3183 1267 3222; x_wconf 90' lang='lat' dir='ltr'><strong>rursus</strong></span> <span class='ocrx_word' id='word_1_498' title='bbox 1280 3172 1403 3221; x_wconf 86' lang='lat' dir='ltr'><strong>stantem</strong></span> <span class='ocrx_word' id='word_1_499' title='bbox 1416 3182 1503 3237; x_wconf 87' lang='lat' dir='ltr'><strong>super</strong></span> <span class='ocrx_word' id='word_1_500' title='bbox 1516 3165 1617 3233; x_wconf 89' lang='lat' dir='ltr'><strong>lacum,</strong></span> <span class='ocrx_word' id='word_1_501' title='bbox 1630 3169 1659 3221; x_wconf 94' lang='lat' dir='ltr'><strong>et</strong></span> <span class='ocrx_word' id='word_1_502' title='bbox 1672 3165 1773 3239; x_wconf 91' lang='lat' dir='ltr'><strong>imple·</strong></span> 
     </span>
     <span class='ocr_line' id='line_1_34' title="bbox 130 3252 1771 3328; baseline -0.001 -15"><span class='ocrx_word' id='word_1_503' title='bbox 130 3252 377 3326; x_wconf 67' lang='lat' dir='ltr'><strong>inluminatorem</strong></span> <span class='ocrx_word' id='word_1_504' title='bbox 387 3273 461 3312; x_wconf 91' lang='lat' dir='ltr'><strong>unus</strong></span> <span class='ocrx_word' id='word_1_505' title='bbox 473 3258 554 3312; x_wconf 92' lang='lat' dir='ltr'><strong>alteri</strong></span> <span class='ocrx_word' id='word_1_506' title='bbox 566 3276 573 3313; x_wconf 93' lang='lat'><strong>:</strong></span> <span class='ocrx_word' id='word_1_507' title='bbox 584 3257 730 3313; x_wconf 88' lang='lat' dir='ltr'><strong>Faciamus</strong></span> <span class='ocrx_word' id='word_1_508' title='bbox 738 3263 766 3313; x_wconf 91' lang='lat' dir='ltr'><strong>et</strong></span> <span class='ocrx_word' id='word_1_509' title='bbox 779 3276 830 3315; x_wconf 89' lang='lat' dir='ltr'><strong>nos</strong></span> <span class='ocrx_word' id='word_1_510' title='bbox 844 3277 931 3316; x_wconf 92' lang='lat' dir='ltr'><strong>unam</strong></span> <span class='ocrx_word' id='word_1_511' title='bbox 971 3258 1012 3312; x_wconf 89' lang='lat' dir='ltr'><strong>vit</strong></span> <span class='ocrx_word' id='word_1_512' title='bbox 1030 3274 1078 3312; x_wconf 90' lang='lat' dir='ltr'><strong>vas</strong></span> <span class='ocrx_word' id='word_1_513' title='bbox 1092 3273 1175 3328; x_wconf 89' lang='lat' dir='ltr'><strong>aqna,</strong></span> <span class='ocrx_word' id='word_1_514' title='bbox 1192 3261 1221 3310; x_wconf 92' lang='lat' dir='ltr'><strong>et</strong></span> <span class='ocrx_word' id='word_1_515' title='bbox 1242 3270 1276 3310; x_wconf 87' lang='lat' dir='ltr'><strong>ex</strong></span> <span class='ocrx_word' id='word_1_516' title='bbox 1295 3272 1327 3309; x_wconf 91' lang='lat' dir='ltr'><strong>eo</strong></span> <span class='ocrx_word' id='word_1_517' title='bbox 1348 3254 1545 3310; x_wconf 86' lang='lat' dir='ltr'><strong>infundentem</strong></span> <span class='ocrx_word' id='word_1_518' title='bbox 1572 3255 1602 3309; x_wconf 93' lang='lat' dir='ltr'><strong>in</strong></span> <span class='ocrx_word' id='word_1_519' title='bbox 1618 3254 1771 3312; x_wconf 84' lang='lat' dir='ltr'><strong>cisternam</strong></span> 
     </span>
     <span class='ocr_line' id='line_1_35' title="bbox 129 3344 1770 3419; baseline 0 -19"><span class='ocrx_word' id='word_1_520' title='bbox 129 3345 221 3406; x_wconf 88' lang='lat' dir='ltr'><strong>litem,</strong></span> <span class='ocrx_word' id='word_1_521' title='bbox 231 3345 304 3400; x_wconf 89' lang='lat' dir='ltr'><strong>sicut</strong></span> <span class='ocrx_word' id='word_1_522' title='bbox 313 3346 441 3401; x_wconf 89' lang='lat' dir='ltr'><strong>homines</strong></span> <span class='ocrx_word' id='word_1_523' title='bbox 455 3346 571 3401; x_wconf 89' lang='lat' dir='ltr'><strong>faciunt.</strong></span> <span class='ocrx_word' id='word_1_524' title='bbox 581 3347 616 3402; x_wconf 85' lang='lat' dir='ltr'><strong>Et</strong></span> <span class='ocrx_word' id='word_1_525' title='bbox 626 3346 674 3401; x_wconf 91' lang='lat' dir='ltr'><strong>ille</strong></span> <span class='ocrx_word' id='word_1_526' title='bbox 684 3349 829 3419; x_wconf 89' lang='lat' dir='ltr'><strong>respondit</strong></span> <span class='ocrx_word' id='word_1_527' title='bbox 838 3349 928 3417; x_wconf 90' lang='lat' dir='ltr'><strong>fratri,</strong></span> <span class='ocrx_word' id='word_1_528' title='bbox 971 3352 1124 3418; x_wconf 90' lang='lat' dir='ltr'><strong>pertusam,</strong></span> <span class='ocrx_word' id='word_1_529' title='bbox 1133 3362 1194 3418; x_wconf 86' lang='lat' dir='ltr'><strong>qnae</strong></span> <span class='ocrx_word' id='word_1_530' title='bbox 1207 3345 1330 3401; x_wconf 90' lang='lat' dir='ltr'><strong>cisterna</strong></span> <span class='ocrx_word' id='word_1_531' title='bbox 1344 3344 1448 3399; x_wconf 91' lang='lat' dir='ltr'><strong>iterum</strong></span> <span class='ocrx_word' id='word_1_532' title='bbox 1458 3359 1561 3416; x_wconf 89' lang='lat' dir='ltr'><strong>aquarn</strong></span> <span class='ocrx_word' id='word_1_533' title='bbox 1571 3344 1662 3416; x_wconf 89' lang='lat' dir='ltr'><strong>ipsam</strong></span> <span class='ocrx_word' id='word_1_534' title='bbox 1676 3344 1770 3400; x_wconf 78' lang='lat' dir='ltr'><strong>retinn-</strong></span> 
     </span>
     <span class='ocr_line' id='line_1_36' title="bbox 128 3432 1770 3508; baseline 0.001 -19"><span class='ocrx_word' id='word_1_535' title='bbox 128 3434 226 3489; x_wconf 90' lang='lat' dir='ltr'><strong>dicens</strong></span> <span class='ocrx_word' id='word_1_536' title='bbox 242 3454 248 3489; x_wconf 91' lang='lat'>:</span> <span class='ocrx_word' id='word_1_537' title='bbox 265 3435 365 3490; x_wconf 91' lang='lat' dir='ltr'><strong>Nescio</strong></span> <span class='ocrx_word' id='word_1_538' title='bbox 380 3436 501 3508; x_wconf 88' lang='lat' dir='ltr'><strong>qualiter</strong></span> <span class='ocrx_word' id='word_1_539' title='bbox 514 3437 565 3490; x_wconf 87' lang='lat' dir='ltr'><strong>fiat</strong></span> <span class='ocrx_word' id='word_1_540' title='bbox 578 3436 624 3492; x_wconf 89' lang='lat' dir='ltr'><strong>lis.</strong></span> <span class='ocrx_word' id='word_1_541' title='bbox 641 3436 676 3491; x_wconf 87' lang='lat' dir='ltr'><strong>Et</strong></span> <span class='ocrx_word' id='word_1_542' title='bbox 695 3438 742 3491; x_wconf 93' lang='lat' dir='ltr'><strong>ille</strong></span> <span class='ocrx_word' id='word_1_543' title='bbox 757 3437 845 3492; x_wconf 89' lang='lat' dir='ltr'><strong>dixit:</strong></span> <span class='ocrx_word' id='word_1_544' title='bbox 862 3440 930 3495; x_wconf 86' lang='lat' dir='ltr'><strong>Ecce</strong></span> <span class='ocrx_word' id='word_1_545' title='bbox 971 3436 1090 3492; x_wconf 90' lang='lat' dir='ltr'><strong>debatin</strong></span> <span class='ocrx_word' id='word_1_546' title='bbox 1101 3437 1203 3491; x_wconf 90' lang='lat' dir='ltr'><strong>lacum.</strong></span> <span class='ocrx_word' id='word_1_547' title='bbox 1217 3435 1252 3490; x_wconf 83' lang='lat' dir='ltr'><strong>lit</strong></span> <span class='ocrx_word' id='word_1_548' title='bbox 1266 3434 1334 3490; x_wconf 91' lang='lat' dir='ltr'><strong>dicit</strong></span> <span class='ocrx_word' id='word_1_549' title='bbox 1348 3433 1374 3489; x_wconf 91' lang='lat' dir='ltr'><strong>ei</strong></span> <span class='ocrx_word' id='word_1_550' title='bbox 1387 3433 1510 3489; x_wconf 88' lang='lat' dir='ltr'><strong>iterum:</strong></span> <span class='ocrx_word' id='word_1_551' title='bbox 1526 3432 1608 3499; x_wconf 81' lang='lat' dir='ltr'><strong>Veni,</strong></span> <span class='ocrx_word' id='word_1_552' title='bbox 1622 3434 1770 3490; x_wconf 84' lang='lat' dir='ltr'><strong>ostendam</strong></span> 
     </span>
     <span class='ocr_line' id='line_1_37' title="bbox 129 3521 1768 3596; baseline -0.001 -17"><span class='ocrx_word' id='word_1_553' title='bbox 129 3540 204 3596; x_wconf 92' lang='lat' dir='ltr'><strong>pono</strong></span> <span class='ocrx_word' id='word_1_554' title='bbox 217 3523 248 3578; x_wconf 89' lang='lat' dir='ltr'><strong>in</strong></span> <span class='ocrx_word' id='word_1_555' title='bbox 262 3525 354 3580; x_wconf 89' lang='lat' dir='ltr'><strong>medio</strong></span> <span class='ocrx_word' id='word_1_556' title='bbox 368 3525 544 3590; x_wconf 89' lang='lat' dir='ltr'><strong>laterculum,</strong></span> <span class='ocrx_word' id='word_1_557' title='bbox 562 3530 590 3580; x_wconf 91' lang='lat' dir='ltr'><strong>et</strong></span> <span class='ocrx_word' id='word_1_558' title='bbox 605 3542 658 3596; x_wconf 87' lang='lat' dir='ltr'><strong>ego</strong></span> <span class='ocrx_word' id='word_1_559' title='bbox 678 3526 759 3581; x_wconf 90' lang='lat' dir='ltr'><strong>dico:</strong></span> <span class='ocrx_word' id='word_1_560' title='bbox 776 3527 870 3582; x_wconf 86' lang='lat' dir='ltr'><strong>lfeum</strong></span> <span class='ocrx_word' id='word_1_561' title='bbox 887 3534 930 3584; x_wconf 88' lang='grc' dir='ltr'><strong>ιιι</strong></span> <span class='ocrx_word' id='word_1_562' title='bbox 969 3525 1022 3581; x_wconf 91' lang='lat' dir='ltr'><strong>tibi</strong></span> <span class='ocrx_word' id='word_1_563' title='bbox 1037 3525 1131 3592; x_wconf 87' lang='lat' dir='ltr'><strong>alind;</strong></span> <span class='ocrx_word' id='word_1_564' title='bbox 1148 3531 1177 3580; x_wconf 92' lang='lat' dir='ltr'><strong>et</strong></span> <span class='ocrx_word' id='word_1_565' title='bbox 1191 3540 1254 3579; x_wconf 92' lang='lat' dir='ltr'><strong>ecce</strong></span> <span class='ocrx_word' id='word_1_566' title='bbox 1268 3524 1323 3578; x_wconf 91' lang='lat' dir='ltr'><strong>vidi</strong></span> <span class='ocrx_word' id='word_1_567' title='bbox 1342 3523 1491 3596; x_wconf 89' lang='lat' dir='ltr'><strong>templum,</strong></span> <span class='ocrx_word' id='word_1_568' title='bbox 1507 3526 1536 3577; x_wconf 91' lang='lat' dir='ltr'><strong>et</strong></span> <span class='ocrx_word' id='word_1_569' title='bbox 1549 3522 1620 3577; x_wconf 87' lang='lat' dir='ltr'><strong>daos</strong></span> <span class='ocrx_word' id='word_1_570' title='bbox 1633 3521 1708 3578; x_wconf 84' lang='lat' dir='ltr'><strong>viros</strong></span> <span class='ocrx_word' id='word_1_571' title='bbox 1722 3538 1768 3578; x_wconf 89' lang='lat' dir='ltr'><strong>se·</strong></span> 
     </span>
     <span class='ocr_line' id='line_1_38' title="bbox 129 3612 1769 3686; baseline -0.001 -17"><span class='ocrx_word' id='word_1_572' title='bbox 129 3613 194 3669; x_wconf 89' lang='lat' dir='ltr'><strong>hoc.</strong></span> <span class='ocrx_word' id='word_1_573' title='bbox 209 3614 252 3670; x_wconf 85' lang='lat' dir='ltr'><strong>Tu</strong></span> <span class='ocrx_word' id='word_1_574' title='bbox 265 3619 359 3670; x_wconf 92' lang='lat' dir='ltr'><strong>autem</strong></span> <span class='ocrx_word' id='word_1_575' title='bbox 374 3615 419 3669; x_wconf 91' lang='lat' dir='ltr'><strong>dic</strong></span> <span class='ocrx_word' id='word_1_576' title='bbox 435 3632 441 3669; x_wconf 93' lang='lat'><strong>:</strong></span> <span class='ocrx_word' id='word_1_577' title='bbox 457 3615 531 3681; x_wconf 92' lang='lat' dir='ltr'><strong>Non,</strong></span> <span class='ocrx_word' id='word_1_578' title='bbox 547 3615 596 3669; x_wconf 88' lang='lat' dir='ltr'><strong>sed</strong></span> <span class='ocrx_word' id='word_1_579' title='bbox 617 3632 711 3670; x_wconf 90' lang='lat' dir='ltr'><strong>meum</strong></span> <span class='ocrx_word' id='word_1_580' title='bbox 736 3621 779 3671; x_wconf 91' lang='lat' dir='ltr'><strong>est</strong></span> <span class='ocrx_word' id='word_1_581' title='bbox 788 3637 794 3681; x_wconf 90' lang='lat'>;</span> <span class='ocrx_word' id='word_1_582' title='bbox 814 3616 879 3671; x_wconf 91' lang='lat' dir='ltr'><strong>inde</strong></span> <span class='ocrx_word' id='word_1_583' title='bbox 893 3618 931 3673; x_wconf 91' lang='lat' dir='ltr'><strong>sit</strong></span> <span class='ocrx_word' id='word_1_584' title='bbox 970 3615 1068 3671; x_wconf 89' lang='lat' dir='ltr'><strong>dentes</strong></span> <span class='ocrx_word' id='word_1_585' title='bbox 1082 3614 1111 3670; x_wconf 90' lang='lat' dir='ltr'><strong>in</strong></span> <span class='ocrx_word' id='word_1_586' title='bbox 1132 3615 1221 3686; x_wconf 90' lang='lat' dir='ltr'><strong>equis,</strong></span> <span class='ocrx_word' id='word_1_587' title='bbox 1246 3618 1276 3668; x_wconf 91' lang='lat' dir='ltr'><strong>et</strong></span> <span class='ocrx_word' id='word_1_588' title='bbox 1288 3618 1433 3686; x_wconf 81' lang='lat' dir='ltr'><strong>portantes</strong></span> <span class='ocrx_word' id='word_1_589' title='bbox 1454 3612 1563 3684; x_wconf 89' lang='lat' dir='ltr'><strong>lignum</strong></span> <span class='ocrx_word' id='word_1_590' title='bbox 1576 3616 1769 3668; x_wconf 87' lang='lat' dir='ltr'><strong>transversum</strong></span> 
     </span>
     <span class='ocr_line' id='line_1_39' title="bbox 130 3700 1769 3775; baseline -0.001 -18"><span class='ocrx_word' id='word_1_591' title='bbox 130 3701 190 3758; x_wconf 82' lang='lat' dir='ltr'><strong>litis</strong></span> <span class='ocrx_word' id='word_1_592' title='bbox 202 3702 325 3759; x_wconf 87' lang='lat' dir='ltr'><strong>initium.</strong></span> <span class='ocrx_word' id='word_1_593' title='bbox 341 3704 501 3759; x_wconf 87' lang='lat' dir='ltr'><strong>Poauerunt</strong></span> <span class='ocrx_word' id='word_1_594' title='bbox 518 3721 584 3774; x_wconf 85' lang='lat' dir='ltr'><strong>ergo</strong></span> <span class='ocrx_word' id='word_1_595' title='bbox 604 3709 708 3760; x_wconf 90' lang='lat' dir='ltr'><strong>testam</strong></span> <span class='ocrx_word' id='word_1_596' title='bbox 721 3706 751 3760; x_wconf 91' lang='lat' dir='ltr'><strong>in</strong></span> <span class='ocrx_word' id='word_1_597' title='bbox 767 3705 859 3761; x_wconf 90' lang='lat' dir='ltr'><strong>medio</strong></span> <span class='ocrx_word' id='word_1_598' title='bbox 874 3707 928 3775; x_wconf 88' lang='lat' dir='ltr'><strong>sui,</strong></span> <span class='ocrx_word' id='word_1_599' title='bbox 971 3719 1060 3758; x_wconf 89' lang='lat' dir='ltr'><strong>unum</strong></span> <span class='ocrx_word' id='word_1_600' title='bbox 1069 3707 1167 3758; x_wconf 90' lang='lat' dir='ltr'><strong>contra</strong></span> <span class='ocrx_word' id='word_1_601' title='bbox 1175 3717 1264 3758; x_wconf 90' lang='lat' dir='ltr'><strong>unum</strong></span> <span class='ocrx_word' id='word_1_602' title='bbox 1278 3700 1424 3756; x_wconf 89' lang='lat' dir='ltr'><strong>:volebant</strong></span> <span class='ocrx_word' id='word_1_603' title='bbox 1433 3705 1529 3756; x_wconf 88' lang='lat' dir='ltr'><strong>autem</strong></span> <span class='ocrx_word' id='word_1_604' title='bbox 1537 3701 1713 3772; x_wconf 88' lang='lat' dir='ltr'><strong>perjanuam</strong></span> <span class='ocrx_word' id='word_1_605' title='bbox 1726 3700 1769 3756; x_wconf 92' lang='lat' dir='ltr'><strong>in·</strong></span> 
     </span>
     <span class='ocr_line' id='line_1_40' title="bbox 131 3789 1768 3865; baseline -0.001 -18"><span class='ocrx_word' id='word_1_606' title='bbox 131 3797 161 3848; x_wconf 93' lang='lat' dir='ltr'><strong>et</strong></span> <span class='ocrx_word' id='word_1_607' title='bbox 174 3792 242 3848; x_wconf 89' lang='lat' dir='ltr'><strong>dicit</strong></span> <span class='ocrx_word' id='word_1_608' title='bbox 254 3810 436 3850; x_wconf 85' lang='lat' dir='ltr'><strong>nausearum</strong></span> <span class='ocrx_word' id='word_1_609' title='bbox 451 3812 457 3848; x_wconf 74' lang='grc' dir='ltr'>ε</span> <span class='ocrx_word' id='word_1_610' title='bbox 473 3795 566 3849; x_wconf 88' lang='lat' dir='ltr'><strong>Meum</strong></span> <span class='ocrx_word' id='word_1_611' title='bbox 578 3799 621 3848; x_wconf 90' lang='lat' dir='ltr'><strong>est</strong></span> <span class='ocrx_word' id='word_1_612' title='bbox 635 3795 697 3849; x_wconf 92' lang='lat' dir='ltr'><strong>hoc.</strong></span> <span class='ocrx_word' id='word_1_613' title='bbox 711 3796 746 3849; x_wconf 90' lang='lat' dir='ltr'><strong>Et</strong></span> <span class='ocrx_word' id='word_1_614' title='bbox 754 3796 826 3850; x_wconf 91' lang='lat' dir='ltr'><strong>alter</strong></span> <span class='ocrx_word' id='word_1_615' title='bbox 840 3795 927 3851; x_wconf 89' lang='lat' dir='ltr'><strong>dixit:</strong></span> <span class='ocrx_word' id='word_1_616' title='bbox 970 3799 1048 3848; x_wconf 91' lang='lat' dir='ltr'><strong>trare</strong></span> <span class='ocrx_word' id='word_1_617' title='bbox 1061 3793 1090 3848; x_wconf 90' lang='lat' dir='ltr'><strong>in</strong></span> <span class='ocrx_word' id='word_1_618' title='bbox 1104 3791 1252 3865; x_wconf 85' lang='lat' dir='ltr'><strong>templum,</strong></span> <span class='ocrx_word' id='word_1_619' title='bbox 1269 3796 1298 3846; x_wconf 91' lang='lat' dir='ltr'><strong>et</strong></span> <span class='ocrx_word' id='word_1_620' title='bbox 1311 3807 1368 3846; x_wconf 91' lang='lat' dir='ltr'><strong>non</strong></span> <span class='ocrx_word' id='word_1_621' title='bbox 1380 3795 1511 3862; x_wconf 88' lang='lat' dir='ltr'><strong>poterant</strong></span> <span class='ocrx_word' id='word_1_622' title='bbox 1526 3795 1643 3863; x_wconf 90' lang='lat' dir='ltr'><strong>propter</strong></span> <span class='ocrx_word' id='word_1_623' title='bbox 1657 3789 1768 3862; x_wconf 87' lang='lat' dir='ltr'><strong>lignum</strong></span> 
     </span>
     <span class='ocr_line' id='line_1_41' title="bbox 129 3878 1768 3955; baseline -0.001 -18"><span class='ocrx_word' id='word_1_624' title='bbox 129 3881 205 3949; x_wconf 89' lang='lat' dir='ltr'><strong>Non,</strong></span> <span class='ocrx_word' id='word_1_625' title='bbox 221 3883 270 3938; x_wconf 85' lang='lat' dir='ltr'><strong>sed</strong></span> <span class='ocrx_word' id='word_1_626' title='bbox 282 3899 378 3939; x_wconf 88' lang='lat' dir='ltr'><strong>meam</strong></span> <span class='ocrx_word' id='word_1_627' title='bbox 393 3888 444 3939; x_wconf 90' lang='lat' dir='ltr'><strong>est.</strong></span> <span class='ocrx_word' id='word_1_628' title='bbox 461 3884 496 3939; x_wconf 87' lang='lat' dir='ltr'><strong>Et</strong></span> <span class='ocrx_word' id='word_1_629' title='bbox 513 3883 561 3938; x_wconf 92' lang='lat' dir='ltr'><strong>ille</strong></span> <span class='ocrx_word' id='word_1_630' title='bbox 585 3884 730 3955; x_wconf 90' lang='lat' dir='ltr'><strong>respondit</strong></span> <span class='ocrx_word' id='word_1_631' title='bbox 754 3885 779 3938; x_wconf 92' lang='lat' dir='ltr'><strong>ei</strong></span> <span class='ocrx_word' id='word_1_632' title='bbox 807 3901 814 3938; x_wconf 76' lang='grc' dir='ltr'><strong>ι</strong></span> <span class='ocrx_word' id='word_1_633' title='bbox 838 3885 929 3940; x_wconf 87' lang='lat' dir='ltr'><strong>Etiam</strong></span> <span class='ocrx_word' id='word_1_634' title='bbox 971 3882 1050 3950; x_wconf 91' lang='lat' dir='ltr'><strong>illud,</strong></span> <span class='ocrx_word' id='word_1_635' title='bbox 1065 3882 1140 3953; x_wconf 89' lang='lat' dir='ltr'><strong>qnod</strong></span> <span class='ocrx_word' id='word_1_636' title='bbox 1158 3883 1187 3936; x_wconf 90' lang='lat' dir='ltr'><strong>in</strong></span> <span class='ocrx_word' id='word_1_637' title='bbox 1210 3887 1369 3936; x_wconf 85' lang='lat' dir='ltr'><strong>transverso</strong></span> <span class='ocrx_word' id='word_1_638' title='bbox 1393 3878 1553 3953; x_wconf 86' lang='lat' dir='ltr'><strong>portabant,</strong></span> <span class='ocrx_word' id='word_1_639' title='bbox 1570 3883 1599 3935; x_wconf 87' lang='lat' dir='ltr'><strong>et</strong></span> <span class='ocrx_word' id='word_1_640' title='bbox 1618 3895 1675 3935; x_wconf 90' lang='lat' dir='ltr'><strong>non</strong></span> <span class='ocrx_word' id='word_1_641' title='bbox 1689 3879 1768 3937; x_wconf 91' lang='lat' dir='ltr'><strong>incli-</strong></span> 
     </span>
     <span class='ocr_line' id='line_1_42' title="bbox 128 3967 1767 4044; baseline -0.001 -18"><span class='ocrx_word' id='word_1_642' title='bbox 128 3975 214 4026; x_wconf 87' lang='lat' dir='ltr'><strong>tuum</strong></span> <span class='ocrx_word' id='word_1_643' title='bbox 228 3976 287 4039; x_wconf 83' lang='lat' dir='ltr'><strong>est3</strong></span> <span class='ocrx_word' id='word_1_644' title='bbox 304 3973 370 4028; x_wconf 88' lang='lat' dir='ltr'><strong>tolle</strong></span> <span class='ocrx_word' id='word_1_645' title='bbox 385 3989 451 4043; x_wconf 88' lang='lat' dir='ltr'><strong>crgo</strong></span> <span class='ocrx_word' id='word_1_646' title='bbox 466 3977 494 4027; x_wconf 90' lang='lat' dir='ltr'><strong>et</strong></span> <span class='ocrx_word' id='word_1_647' title='bbox 516 3973 593 4027; x_wconf 89' lang='lat' dir='ltr'><strong>vade.</strong></span> <span class='ocrx_word' id='word_1_648' title='bbox 616 3973 650 4027; x_wconf 83' lang='lat' dir='ltr'><strong>Et</strong></span> <span class='ocrx_word' id='word_1_649' title='bbox 662 3972 860 4041; x_wconf 89' lang='lat' dir='ltr'><strong>discesserunt,</strong></span> <span class='ocrx_word' id='word_1_650' title='bbox 877 3990 929 4029; x_wconf 91' lang='lat' dir='ltr'><strong>nec</strong></span> <span class='ocrx_word' id='word_1_651' title='bbox 969 3977 1070 4026; x_wconf 89' lang='lat' dir='ltr'><strong>nantes</strong></span> <span class='ocrx_word' id='word_1_652' title='bbox 1083 3988 1113 4025; x_wconf 90' lang='lat' dir='ltr'><strong>se</strong></span> <span class='ocrx_word' id='word_1_653' title='bbox 1136 3987 1209 4027; x_wconf 89' lang='lat' dir='ltr'><strong>nnus</strong></span> <span class='ocrx_word' id='word_1_654' title='bbox 1225 3974 1287 4044; x_wconf 89' lang='lat' dir='ltr'><strong>post</strong></span> <span class='ocrx_word' id='word_1_655' title='bbox 1302 3970 1398 4036; x_wconf 90' lang='lat' dir='ltr'><strong>alium,</strong></span> <span class='ocrx_word' id='word_1_656' title='bbox 1413 3975 1447 4025; x_wconf 90' lang='lat' dir='ltr'><strong>ut</strong></span> <span class='ocrx_word' id='word_1_657' title='bbox 1468 3969 1549 4025; x_wconf 87' lang='lat' dir='ltr'><strong>fieret</strong></span> <span class='ocrx_word' id='word_1_658' title='bbox 1562 3967 1672 4040; x_wconf 89' lang='lat' dir='ltr'><strong>lignum</strong></span> <span class='ocrx_word' id='word_1_659' title='bbox 1696 3968 1767 4026; x_wconf 91' lang='lat' dir='ltr'><strong>illud</strong></span> 
     </span>
     <span class='ocr_line' id='line_1_43' title="bbox 129 4056 1766 4134; baseline -0.003 -18"><span class='ocrx_word' id='word_1_660' title='bbox 129 4061 301 4117; x_wconf 86' lang='lat' dir='ltr'><strong>contendere</strong></span> <span class='ocrx_word' id='word_1_661' title='bbox 314 4062 389 4117; x_wconf 89' lang='lat' dir='ltr'><strong>inter</strong></span> <span class='ocrx_word' id='word_1_662' title='bbox 402 4078 432 4117; x_wconf 90' lang='lat' dir='ltr'><strong>se</strong></span> <span class='ocrx_word' id='word_1_663' title='bbox 444 4066 605 4134; x_wconf 90' lang='lat' dir='ltr'><strong>potuerunt.</strong></span> <span class='ocrx_word' id='word_1_664' title='bbox 969 4061 1117 4124; x_wconf 91' lang='lat' dir='ltr'><strong>directum,</strong></span> <span class='ocrx_word' id='word_1_665' title='bbox 1136 4063 1334 4114; x_wconf 89' lang='lat' dir='ltr'><strong>remanserunt</strong></span> <span class='ocrx_word' id='word_1_666' title='bbox 1346 4058 1415 4113; x_wconf 87' lang='lat' dir='ltr'><strong>foris</strong></span> <span class='ocrx_word' id='word_1_667' title='bbox 1430 4062 1512 4112; x_wconf 87' lang='lat' dir='ltr'><strong>extra</strong></span> <span class='ocrx_word' id='word_1_668' title='bbox 1522 4058 1641 4128; x_wconf 83' lang='lat' dir='ltr'><strong>januam</strong></span> <span class='ocrx_word' id='word_1_669' title='bbox 1656 4056 1766 4128; x_wconf 87' lang='lat' dir='ltr'><strong>templi.</strong></span> 
     </span>
    </p>

    <p class='ocr_par' dir='ltr' id='par_1_7' title="bbox 128 4145 1769 4759">
     <span class='ocr_line' id='line_1_44' title="bbox 166 4145 1769 4222; baseline -0.004 -16"><span class='ocrx_word' id='word_1_670' title='bbox 166 4147 212 4206; x_wconf 73' lang='lat'><strong>23.</strong></span> <span class='ocrx_word' id='word_1_671' title='bbox 224 4151 324 4206; x_wconf 85' lang='lat' dir='ltr'><strong>Frater</strong></span> <span class='ocrx_word' id='word_1_672' title='bbox 337 4150 438 4222; x_wconf 88' lang='lat' dir='ltr'><strong>aliquis</strong></span> <span class='ocrx_word' id='word_1_673' title='bbox 451 4150 635 4221; x_wconf 89' lang='lat' dir='ltr'><strong>interrogavit</strong></span> <span class='ocrx_word' id='word_1_674' title='bbox 648 4167 744 4205; x_wconf 90' lang='lat' dir='ltr'><strong>senem</strong></span> <span class='ocrx_word' id='word_1_675' title='bbox 764 4150 926 4222; x_wconf 90' lang='lat' dir='ltr'><strong>quemdam,</strong></span> <span class='ocrx_word' id='word_1_676' title='bbox 970 4150 1005 4205; x_wconf 86' lang='lat' dir='ltr'><strong>Et</strong></span> <span class='ocrx_word' id='word_1_677' title='bbox 1016 4166 1079 4204; x_wconf 90' lang='lat' dir='ltr'><strong>cum</strong></span> <span class='ocrx_word' id='word_1_678' title='bbox 1094 4149 1295 4220; x_wconf 89' lang='lat' dir='ltr'><strong>interrogasset</strong></span> <span class='ocrx_word' id='word_1_679' title='bbox 1308 4147 1376 4218; x_wconf 89' lang='lat' dir='ltr'><strong>qnid</strong></span> <span class='ocrx_word' id='word_1_680' title='bbox 1394 4146 1448 4201; x_wconf 91' lang='lat' dir='ltr'><strong>boc</strong></span> <span class='ocrx_word' id='word_1_681' title='bbox 1463 4149 1547 4212; x_wconf 90' lang='lat' dir='ltr'><strong>esset,</strong></span> <span class='ocrx_word' id='word_1_682' title='bbox 1562 4145 1610 4201; x_wconf 92' lang='lat' dir='ltr'><strong>ille</strong></span> <span class='ocrx_word' id='word_1_683' title='bbox 1622 4145 1769 4217; x_wconf 88' lang='lat' dir='ltr'><strong>respondit</strong></span> 
     </span>
     <span class='ocr_line' id='line_1_45' title="bbox 129 4232 1767 4312; baseline -0.004 -18"><span class='ocrx_word' id='word_1_684' title='bbox 129 4238 228 4295; x_wconf 91' lang='lat' dir='ltr'><strong>dicens</strong></span> <span class='ocrx_word' id='word_1_685' title='bbox 245 4258 251 4295; x_wconf 92' lang='lat'><strong>:</strong></span> <span class='ocrx_word' id='word_1_686' title='bbox 269 4240 299 4295; x_wconf 89' lang='lat' dir='ltr'><strong>Si</strong></span> <span class='ocrx_word' id='word_1_687' title='bbox 310 4241 406 4295; x_wconf 91' lang='lat' dir='ltr'><strong>videro</strong></span> <span class='ocrx_word' id='word_1_688' title='bbox 427 4240 552 4306; x_wconf 76' lang='lat' dir='ltr'><strong>Fratrem,</strong></span> <span class='ocrx_word' id='word_1_689' title='bbox 570 4240 604 4294; x_wconf 90' lang='lat' dir='ltr'><strong>de</strong></span> <span class='ocrx_word' id='word_1_690' title='bbox 619 4256 675 4311; x_wconf 91' lang='lat' dir='ltr'><strong>quo</strong></span> <span class='ocrx_word' id='word_1_691' title='bbox 689 4240 783 4296; x_wconf 91' lang='lat' dir='ltr'><strong>audivi</strong></span> <span class='ocrx_word' id='word_1_692' title='bbox 804 4240 929 4312; x_wconf 87' lang='lat' dir='ltr'><strong>aliquam</strong></span> <span class='ocrx_word' id='word_1_693' title='bbox 970 4239 1013 4295; x_wconf 91' lang='lat' dir='ltr'><strong>ei:</strong></span> <span class='ocrx_word' id='word_1_694' title='bbox 1029 4239 1064 4292; x_wconf 89' lang='lat' dir='ltr'><strong>Hi</strong></span> <span class='ocrx_word' id='word_1_695' title='bbox 1074 4243 1141 4293; x_wconf 88' lang='lat' dir='ltr'><strong>sunt</strong></span> <span class='ocrx_word' id='word_1_696' title='bbox 1155 4237 1203 4310; x_wconf 88' lang='lat' dir='ltr'><strong>qui</strong></span> <span class='ocrx_word' id='word_1_697' title='bbox 1215 4241 1328 4308; x_wconf 87' lang='lat' dir='ltr'><strong>portant</strong></span> <span class='ocrx_word' id='word_1_698' title='bbox 1343 4235 1418 4290; x_wconf 92' lang='lat' dir='ltr'><strong>velut</strong></span> <span class='ocrx_word' id='word_1_699' title='bbox 1424 4235 1544 4306; x_wconf 80' lang='lat' dir='ltr'><strong>justitiae</strong></span> <span class='ocrx_word' id='word_1_700' title='bbox 1557 4250 1622 4289; x_wconf 91' lang='lat' dir='ltr'><strong>cum</strong></span> <span class='ocrx_word' id='word_1_701' title='bbox 1635 4232 1767 4305; x_wconf 89' lang='lat' dir='ltr'><strong>snperbia</strong></span> 
     </span>
     <span class='ocr_line' id='line_1_46' title="bbox 129 4323 1767 4402; baseline -0.005 -18"><span class='ocrx_word' id='word_1_702' title='bbox 129 4328 252 4402; x_wconf 89' lang='lat' dir='ltr'><strong>culpam,</strong></span> <span class='ocrx_word' id='word_1_703' title='bbox 268 4345 325 4385; x_wconf 92' lang='lat' dir='ltr'><strong>non</strong></span> <span class='ocrx_word' id='word_1_704' title='bbox 344 4346 459 4401; x_wconf 92' lang='lat' dir='ltr'><strong>possum</strong></span> <span class='ocrx_word' id='word_1_705' title='bbox 473 4329 591 4384; x_wconf 89' lang='lat' dir='ltr'><strong>suadere</strong></span> <span class='ocrx_word' id='word_1_706' title='bbox 605 4329 699 4384; x_wconf 91' lang='lat' dir='ltr'><strong>animo</strong></span> <span class='ocrx_word' id='word_1_707' title='bbox 715 4345 777 4384; x_wconf 92' lang='lat' dir='ltr'><strong>meo</strong></span> <span class='ocrx_word' id='word_1_708' title='bbox 791 4336 823 4385; x_wconf 89' lang='lat' dir='ltr'><strong>ut</strong></span> <span class='ocrx_word' id='word_1_709' title='bbox 838 4330 927 4386; x_wconf 91' lang='lat' dir='ltr'><strong>intro·</strong></span> <span class='ocrx_word' id='word_1_710' title='bbox 966 4329 1078 4400; x_wconf 84' lang='lat' dir='ltr'><strong>jugum,</strong></span> <span class='ocrx_word' id='word_1_711' title='bbox 1093 4332 1122 4382; x_wconf 85' lang='lat' dir='ltr'><strong>et</strong></span> <span class='ocrx_word' id='word_1_712' title='bbox 1136 4326 1276 4381; x_wconf 86' lang='lat' dir='ltr'><strong>humiliati</strong></span> <span class='ocrx_word' id='word_1_713' title='bbox 1285 4341 1342 4380; x_wconf 92' lang='lat' dir='ltr'><strong>non</strong></span> <span class='ocrx_word' id='word_1_714' title='bbox 1351 4329 1418 4379; x_wconf 88' lang='lat' dir='ltr'><strong>sunt</strong></span> <span class='ocrx_word' id='word_1_715' title='bbox 1427 4329 1460 4379; x_wconf 90' lang='lat' dir='ltr'><strong>nt</strong></span> <span class='ocrx_word' id='word_1_716' title='bbox 1471 4323 1615 4395; x_wconf 88' lang='lat' dir='ltr'><strong>corrigant</strong></span> <span class='ocrx_word' id='word_1_717' title='bbox 1627 4338 1658 4378; x_wconf 90' lang='lat' dir='ltr'><strong>se</strong></span> <span class='ocrx_word' id='word_1_718' title='bbox 1667 4328 1697 4377; x_wconf 89' lang='lat' dir='ltr'><strong>et</strong></span> <span class='ocrx_word' id='word_1_719' title='bbox 1708 4339 1767 4377; x_wconf 89' lang='lat' dir='ltr'><strong>am·</strong></span> 
     </span>
     <span class='ocr_line' id='line_1_47' title="bbox 128 4405 1767 4486; baseline -0.005 -12"><span class='ocrx_word' id='word_1_720' title='bbox 128 4417 232 4474; x_wconf 87' lang='lat' dir='ltr'><strong>ducam</strong></span> <span class='ocrx_word' id='word_1_721' title='bbox 245 4435 311 4474; x_wconf 88' lang='lat' dir='ltr'><strong>eum</strong></span> <span class='ocrx_word' id='word_1_722' title='bbox 325 4418 354 4473; x_wconf 93' lang='lat' dir='ltr'><strong>in</strong></span> <span class='ocrx_word' id='word_1_723' title='bbox 365 4419 466 4473; x_wconf 90' lang='lat' dir='ltr'><strong>cellam</strong></span> <span class='ocrx_word' id='word_1_724' title='bbox 485 4435 576 4473; x_wconf 90' lang='lat' dir='ltr'><strong>meam</strong></span> <span class='ocrx_word' id='word_1_725' title='bbox 590 4438 596 4486; x_wconf 92' lang='lat'>;</span> <span class='ocrx_word' id='word_1_726' title='bbox 612 4418 637 4474; x_wconf 91' lang='lat' dir='ltr'><strong>si</strong></span> <span class='ocrx_word' id='word_1_727' title='bbox 655 4423 750 4473; x_wconf 81' lang='lat' dir='ltr'><strong>autem</strong></span> <span class='ocrx_word' id='word_1_728' title='bbox 769 4418 863 4473; x_wconf 89' lang='lat' dir='ltr'><strong>videro</strong></span> <span class='ocrx_word' id='word_1_729' title='bbox 877 4419 928 4475; x_wconf 89' lang='lat' dir='ltr'><strong>bo·</strong></span> <span class='ocrx_word' id='word_1_730' title='bbox 939 4405 1067 4472; x_wconf 83' lang='lat' dir='ltr'><strong>Dbulent</strong></span> <span class='ocrx_word' id='word_1_731' title='bbox 1075 4416 1220 4472; x_wconf 88' lang='lat' dir='ltr'><strong>humiliter</strong></span> <span class='ocrx_word' id='word_1_732' title='bbox 1229 4415 1259 4470; x_wconf 94' lang='lat' dir='ltr'><strong>in</strong></span> <span class='ocrx_word' id='word_1_733' title='bbox 1273 4415 1317 4469; x_wconf 88' lang='lat' dir='ltr'><strong>via</strong></span> <span class='ocrx_word' id='word_1_734' title='bbox 1331 4413 1446 4481; x_wconf 84' lang='lat' dir='ltr'><strong>Christi3</strong></span> <span class='ocrx_word' id='word_1_735' title='bbox 1462 4411 1667 4485; x_wconf 86' lang='lat' dir='ltr'><strong>propterquod</strong></span> <span class='ocrx_word' id='word_1_736' title='bbox 1681 4416 1710 4467; x_wconf 91' lang='lat' dir='ltr'><strong>et</strong></span> <span class='ocrx_word' id='word_1_737' title='bbox 1723 4426 1767 4467; x_wconf 85' lang='lat' dir='ltr'><strong>ra·</strong></span> 
     </span>
     <span class='ocr_line' id='line_1_48' title="bbox 129 4499 1768 4581; baseline -0.004 -19"><span class='ocrx_word' id='word_1_738' title='bbox 129 4522 199 4563; x_wconf 87' lang='lat' dir='ltr'><strong>num</strong></span> <span class='ocrx_word' id='word_1_739' title='bbox 211 4507 337 4575; x_wconf 84' lang='lat' dir='ltr'><strong>fiatrem,</strong></span> <span class='ocrx_word' id='word_1_740' title='bbox 351 4508 445 4581; x_wconf 88' lang='lat' dir='ltr'><strong>ipsum</strong></span> <span class='ocrx_word' id='word_1_741' title='bbox 470 4508 590 4563; x_wconf 90' lang='lat' dir='ltr'><strong>libenter</strong></span> <span class='ocrx_word' id='word_1_742' title='bbox 611 4508 741 4580; x_wconf 87' lang='lat' dir='ltr'><strong>suscipio.</strong></span> <span class='ocrx_word' id='word_1_743' title='bbox 758 4508 793 4562; x_wconf 90' lang='lat' dir='ltr'><strong>Et</strong></span> <span class='ocrx_word' id='word_1_744' title='bbox 811 4508 882 4563; x_wconf 87' lang='lat' dir='ltr'><strong>dixit</strong></span> <span class='ocrx_word' id='word_1_745' title='bbox 904 4509 929 4564; x_wconf 92' lang='lat' dir='ltr'><strong>ei</strong></span> <span class='ocrx_word' id='word_1_746' title='bbox 971 4512 1087 4562; x_wconf 89' lang='lat' dir='ltr'><strong>manent</strong></span> <span class='ocrx_word' id='word_1_747' title='bbox 1095 4505 1188 4562; x_wconf 86' lang='lat' dir='ltr'><strong>forise</strong></span> <span class='ocrx_word' id='word_1_748' title='bbox 1201 4520 1287 4576; x_wconf 89' lang='lat' dir='ltr'><strong>regno</strong></span> <span class='ocrx_word' id='word_1_749' title='bbox 1301 4504 1362 4559; x_wconf 91' lang='lat' dir='ltr'><strong>Dei.</strong></span> <span class='ocrx_word' id='word_1_750' title='bbox 1374 4504 1425 4560; x_wconf 92' lang='lat' dir='ltr'><strong>ille</strong></span> <span class='ocrx_word' id='word_1_751' title='bbox 1436 4507 1532 4559; x_wconf 88' lang='lat' dir='ltr'><strong>antem</strong></span> <span class='ocrx_word' id='word_1_752' title='bbox 1546 4501 1595 4575; x_wconf 92' lang='lat' dir='ltr'><strong>qui</strong></span> <span class='ocrx_word' id='word_1_753' title='bbox 1609 4501 1687 4573; x_wconf 90' lang='lat' dir='ltr'><strong>ligna</strong></span> <span class='ocrx_word' id='word_1_754' title='bbox 1699 4499 1768 4556; x_wconf 92' lang='lat' dir='ltr'><strong>inci·</strong></span> 
     </span>
     <span class='ocr_line' id='line_1_49' title="bbox 129 4590 1767 4669; baseline -0.004 -17"><span class='ocrx_word' id='word_1_755' title='bbox 129 4612 235 4654; x_wconf 83' lang='lat' dir='ltr'><strong>senex:</strong></span> <span class='ocrx_word' id='word_1_756' title='bbox 252 4597 281 4653; x_wconf 88' lang='lat' dir='ltr'><strong>Si</strong></span> <span class='ocrx_word' id='word_1_757' title='bbox 299 4597 367 4653; x_wconf 85' lang='lat' dir='ltr'><strong>facis</strong></span> <span class='ocrx_word' id='word_1_758' title='bbox 380 4598 486 4653; x_wconf 92' lang='lat' dir='ltr'><strong>bonnm</strong></span> <span class='ocrx_word' id='word_1_759' title='bbox 501 4597 581 4652; x_wconf 92' lang='lat' dir='ltr'><strong>fratri</strong></span> <span class='ocrx_word' id='word_1_760' title='bbox 596 4596 681 4666; x_wconf 92' lang='lat' dir='ltr'><strong>bono,</strong></span> <span class='ocrx_word' id='word_1_761' title='bbox 692 4597 733 4651; x_wconf 92' lang='lat' dir='ltr'><strong>illi</strong></span> <span class='ocrx_word' id='word_1_762' title='bbox 748 4614 869 4669; x_wconf 77' lang='lat' dir='ltr'><strong>parum:</strong></span> <span class='ocrx_word' id='word_1_763' title='bbox 888 4599 930 4652; x_wconf 89' lang='lat' dir='ltr'><strong>al·</strong></span> <span class='ocrx_word' id='word_1_764' title='bbox 971 4596 1022 4663; x_wconf 86' lang='lat' dir='ltr'><strong>dn,</strong></span> <span class='ocrx_word' id='word_1_765' title='bbox 1047 4597 1131 4651; x_wconf 91' lang='lat' dir='ltr'><strong>homo</strong></span> <span class='ocrx_word' id='word_1_766' title='bbox 1150 4599 1192 4651; x_wconf 89' lang='lat' dir='ltr'><strong>est</strong></span> <span class='ocrx_word' id='word_1_767' title='bbox 1214 4595 1245 4649; x_wconf 92' lang='lat' dir='ltr'><strong>in</strong></span> <span class='ocrx_word' id='word_1_768' title='bbox 1268 4594 1388 4667; x_wconf 89' lang='lat' dir='ltr'><strong>peccatis</strong></span> <span class='ocrx_word' id='word_1_769' title='bbox 1407 4592 1513 4661; x_wconf 89' lang='lat' dir='ltr'><strong>multis,</strong></span> <span class='ocrx_word' id='word_1_770' title='bbox 1529 4596 1559 4647; x_wconf 93' lang='lat' dir='ltr'><strong>et</strong></span> <span class='ocrx_word' id='word_1_771' title='bbox 1575 4607 1627 4662; x_wconf 92' lang='lat' dir='ltr'><strong>pro</strong></span> <span class='ocrx_word' id='word_1_772' title='bbox 1640 4590 1696 4645; x_wconf 92' lang='lat' dir='ltr'><strong>illis</strong></span> <span class='ocrx_word' id='word_1_773' title='bbox 1710 4606 1767 4646; x_wconf 93' lang='lat' dir='ltr'><strong>non</strong></span> 
     </span>
     <span class='ocr_line' id='line_1_50' title="bbox 128 4679 1768 4759; baseline -0.004 -17"><span class='ocrx_word' id='word_1_774' title='bbox 128 4685 185 4742; x_wconf 81' lang='lat' dir='ltr'><strong>ten</strong></span> <span class='ocrx_word' id='word_1_775' title='bbox 198 4687 317 4759; x_wconf 88' lang='lat' dir='ltr'><strong>duplum</strong></span> <span class='ocrx_word' id='word_1_776' title='bbox 331 4687 471 4759; x_wconf 91' lang='lat' dir='ltr'><strong>impende,</strong></span> <span class='ocrx_word' id='word_1_777' title='bbox 484 4687 543 4758; x_wconf 91' lang='lat' dir='ltr'><strong>ipse</strong></span> <span class='ocrx_word' id='word_1_778' title='bbox 557 4691 600 4743; x_wconf 90' lang='lat' dir='ltr'><strong>est</strong></span> <span class='ocrx_word' id='word_1_779' title='bbox 610 4687 686 4742; x_wconf 90' lang='lat' dir='ltr'><strong>enim</strong></span> <span class='ocrx_word' id='word_1_780' title='bbox 697 4687 746 4758; x_wconf 90' lang='lat' dir='ltr'><strong>qui</strong></span> <span class='ocrx_word' id='word_1_781' title='bbox 758 4687 927 4742; x_wconf 82' lang='lat' dir='ltr'><strong>infirmatur.</strong></span> <span class='ocrx_word' id='word_1_782' title='bbox 972 4685 1241 4759; x_wconf 85' lang='lat' dir='ltr'><strong>agitpoenitentiam,</strong></span> <span class='ocrx_word' id='word_1_783' title='bbox 1251 4701 1302 4739; x_wconf 92' lang='lat' dir='ltr'><strong>nec</strong></span> <span class='ocrx_word' id='word_1_784' title='bbox 1311 4681 1453 4739; x_wconf 87' lang='lat' dir='ltr'><strong>subtrabit</strong></span> <span class='ocrx_word' id='word_1_785' title='bbox 1463 4682 1498 4736; x_wconf 93' lang='lat' dir='ltr'><strong>de</strong></span> <span class='ocrx_word' id='word_1_786' title='bbox 1510 4680 1630 4753; x_wconf 88' lang='lat' dir='ltr'><strong>peccatis</strong></span> <span class='ocrx_word' id='word_1_787' title='bbox 1641 4680 1709 4747; x_wconf 85' lang='lat' dir='ltr'><strong>anis,</strong></span> <span class='ocrx_word' id='word_1_788' title='bbox 1718 4679 1768 4735; x_wconf 85' lang='lat' dir='ltr'><strong>sed</strong></span> 
     </span>
    </p>

    <p class='ocr_par' dir='ltr' id='par_1_8' title="bbox 128 4769 1769 5117">
     <span class='ocr_line' id='line_1_51' title="bbox 165 4769 1769 4848; baseline -0.004 -18"><span class='ocrx_word' id='word_1_789' title='bbox 165 4774 211 4831; x_wconf 80' lang='lat' dir='ltr'><strong>al.</strong></span> <span class='ocrx_word' id='word_1_790' title='bbox 233 4776 309 4832; x_wconf 86' lang='lat' dir='ltr'><strong>Dixit</strong></span> <span class='ocrx_word' id='word_1_791' title='bbox 329 4777 445 4848; x_wconf 91' lang='lat' dir='ltr'><strong>quidam</strong></span> <span class='ocrx_word' id='word_1_792' title='bbox 466 4792 574 4831; x_wconf 85' lang='lat' dir='ltr'><strong>senex:</strong></span> <span class='ocrx_word' id='word_1_793' title='bbox 599 4776 751 4848; x_wconf 91' lang='lat' dir='ltr'><strong>Nunquam</strong></span> <span class='ocrx_word' id='word_1_794' title='bbox 774 4777 929 4833; x_wconf 90' lang='lat' dir='ltr'><strong>desideravi</strong></span> <span class='ocrx_word' id='word_1_795' title='bbox 970 4782 1000 4830; x_wconf 92' lang='lat' dir='ltr'><strong>et</strong></span> <span class='ocrx_word' id='word_1_796' title='bbox 1008 4772 1289 4846; x_wconf 87' lang='lat' dir='ltr'><strong>iniquitatesadbibet</strong></span> <span class='ocrx_word' id='word_1_797' title='bbox 1298 4789 1384 4846; x_wconf 90' lang='lat' dir='ltr'><strong>supra</strong></span> <span class='ocrx_word' id='word_1_798' title='bbox 1394 4770 1558 4843; x_wconf 87' lang='lat' dir='ltr'><strong>iniquitates</strong></span> <span class='ocrx_word' id='word_1_799' title='bbox 1568 4785 1642 4824; x_wconf 87' lang='lat' dir='ltr'><strong>suas.</strong></span> <span class='ocrx_word' id='word_1_800' title='bbox 1655 4769 1709 4835; x_wconf 89' lang='lat' dir='ltr'><strong>Qui</strong></span> <span class='ocrx_word' id='word_1_801' title='bbox 1719 4786 1769 4825; x_wconf 91' lang='lat' dir='ltr'><strong>au·</strong></span> 
     </span>
     <span class='ocr_line' id='line_1_52' title="bbox 129 4858 1769 4937; baseline -0.002 -18"><span class='ocrx_word' id='word_1_802' title='bbox 129 4880 203 4937; x_wconf 88' lang='lat' dir='ltr'><strong>opus</strong></span> <span class='ocrx_word' id='word_1_803' title='bbox 220 4865 295 4937; x_wconf 91' lang='lat' dir='ltr'><strong>quod</strong></span> <span class='ocrx_word' id='word_1_804' title='bbox 312 4867 382 4922; x_wconf 89' lang='lat' dir='ltr'><strong>mibi</strong></span> <span class='ocrx_word' id='word_1_805' title='bbox 401 4867 470 4922; x_wconf 91' lang='lat' dir='ltr'><strong>utile</strong></span> <span class='ocrx_word' id='word_1_806' title='bbox 490 4871 573 4932; x_wconf 83' lang='lat' dir='ltr'><strong>esset,</strong></span> <span class='ocrx_word' id='word_1_807' title='bbox 590 4871 619 4919; x_wconf 92' lang='lat' dir='ltr'><strong>et</strong></span> <span class='ocrx_word' id='word_1_808' title='bbox 643 4865 725 4920; x_wconf 91' lang='lat' dir='ltr'><strong>fratri</strong></span> <span class='ocrx_word' id='word_1_809' title='bbox 742 4882 804 4920; x_wconf 90' lang='lat' dir='ltr'><strong>meo</strong></span> <span class='ocrx_word' id='word_1_810' title='bbox 819 4865 930 4937; x_wconf 90' lang='lat' dir='ltr'><strong>dispen·</strong></span> <span class='ocrx_word' id='word_1_811' title='bbox 970 4869 1028 4920; x_wconf 85' lang='lat' dir='ltr'><strong>tem</strong></span> <span class='ocrx_word' id='word_1_812' title='bbox 1046 4881 1121 4937; x_wconf 88' lang='lat' dir='ltr'><strong>aqua</strong></span> <span class='ocrx_word' id='word_1_813' title='bbox 1147 4864 1247 4936; x_wconf 92' lang='lat' dir='ltr'><strong>implet</strong></span> <span class='ocrx_word' id='word_1_814' title='bbox 1266 4863 1428 4928; x_wconf 90' lang='lat' dir='ltr'><strong>cisternam,</strong></span> <span class='ocrx_word' id='word_1_815' title='bbox 1443 4860 1527 4914; x_wconf 90' lang='lat' dir='ltr'><strong>homo</strong></span> <span class='ocrx_word' id='word_1_816' title='bbox 1549 4864 1593 4914; x_wconf 87' lang='lat' dir='ltr'><strong>est</strong></span> <span class='ocrx_word' id='word_1_817' title='bbox 1613 4858 1662 4931; x_wconf 89' lang='lat' dir='ltr'><strong>qui</strong></span> <span class='ocrx_word' id='word_1_818' title='bbox 1682 4874 1769 4932; x_wconf 86' lang='lat' dir='ltr'><strong>opera</strong></span> 
     </span>
     <span class='ocr_line' id='line_1_53' title="bbox 129 4948 1769 5027; baseline -0.003 -18"><span class='ocrx_word' id='word_1_819' title='bbox 129 4952 210 5009; x_wconf 86' lang='lat' dir='ltr'><strong>dium</strong></span> <span class='ocrx_word' id='word_1_820' title='bbox 224 4954 337 5024; x_wconf 89' lang='lat' dir='ltr'><strong>faceret,</strong></span> <span class='ocrx_word' id='word_1_821' title='bbox 347 4955 508 5027; x_wconf 86' lang='lat' dir='ltr'><strong>hujusmodi</strong></span> <span class='ocrx_word' id='word_1_822' title='bbox 518 4954 624 5010; x_wconf 88' lang='lat' dir='ltr'><strong>habens</strong></span> <span class='ocrx_word' id='word_1_823' title='bbox 634 4971 724 5026; x_wconf 88' lang='lat' dir='ltr'><strong>spem,</strong></span> <span class='ocrx_word' id='word_1_824' title='bbox 743 4954 809 5025; x_wconf 85' lang='lat' dir='ltr'><strong>quia</strong></span> <span class='ocrx_word' id='word_1_825' title='bbox 818 4955 929 5010; x_wconf 90' lang='lat' dir='ltr'><strong>lucrum</strong></span> <span class='ocrx_word' id='word_1_826' title='bbox 971 4955 1086 5026; x_wconf 91' lang='lat' dir='ltr'><strong>quidem</strong></span> <span class='ocrx_word' id='word_1_827' title='bbox 1097 4952 1164 5008; x_wconf 86' lang='lat' dir='ltr'><strong>facit</strong></span> <span class='ocrx_word' id='word_1_828' title='bbox 1177 4951 1259 5018; x_wconf 86' lang='lat' dir='ltr'><strong>bona,</strong></span> <span class='ocrx_word' id='word_1_829' title='bbox 1272 4952 1321 5006; x_wconf 92' lang='lat' dir='ltr'><strong>sed</strong></span> <span class='ocrx_word' id='word_1_830' title='bbox 1331 4948 1495 5023; x_wconf 87' lang='lat' dir='ltr'><strong>quiahabet</strong></span> <span class='ocrx_word' id='word_1_831' title='bbox 1509 4949 1594 5004; x_wconf 90' lang='lat' dir='ltr'><strong>etiam</strong></span> <span class='ocrx_word' id='word_1_832' title='bbox 1609 4948 1639 5003; x_wconf 93' lang='lat' dir='ltr'><strong>in</strong></span> <span class='ocrx_word' id='word_1_833' title='bbox 1655 4948 1696 5004; x_wconf 91' lang='lat' dir='ltr'><strong>eis</strong></span> <span class='ocrx_word' id='word_1_834' title='bbox 1706 4965 1769 5021; x_wconf 92' lang='lat' dir='ltr'><strong>per-</strong></span> 
     </span>
     <span class='ocr_line' id='line_1_54' title="bbox 128 5036 1768 5117; baseline -0.002 -19"><span class='ocrx_word' id='word_1_835' title='bbox 128 5041 226 5099; x_wconf 87' lang='lat' dir='ltr'><strong>fratris</strong></span> <span class='ocrx_word' id='word_1_836' title='bbox 240 5045 306 5112; x_wconf 92' lang='lat' dir='ltr'><strong>mei,</strong></span> <span class='ocrx_word' id='word_1_837' title='bbox 322 5061 393 5117; x_wconf 91' lang='lat' dir='ltr'><strong>opus</strong></span> <span class='ocrx_word' id='word_1_838' title='bbox 406 5044 631 5100; x_wconf 83' lang='lat' dir='ltr'><strong>fructificationis</strong></span> <span class='ocrx_word' id='word_1_839' title='bbox 647 5050 690 5099; x_wconf 87' lang='lat' dir='ltr'><strong>est</strong></span> <span class='ocrx_word' id='word_1_840' title='bbox 704 5043 784 5097; x_wconf 93' lang='lat' dir='ltr'><strong>mihi.</strong></span> <span class='ocrx_word' id='word_1_841' title='bbox 971 5043 1059 5097; x_wconf 90' lang='lat' dir='ltr'><strong>mixta</strong></span> <span class='ocrx_word' id='word_1_842' title='bbox 1072 5046 1101 5096; x_wconf 93' lang='lat' dir='ltr'><strong>et</strong></span> <span class='ocrx_word' id='word_1_843' title='bbox 1116 5041 1200 5107; x_wconf 84' lang='lat' dir='ltr'><strong>rnala,</strong></span> <span class='ocrx_word' id='word_1_844' title='bbox 1215 5056 1266 5112; x_wconf 91' lang='lat' dir='ltr'><strong>pro</strong></span> <span class='ocrx_word' id='word_1_845' title='bbox 1279 5040 1332 5094; x_wconf 91' lang='lat' dir='ltr'><strong>hoc</strong></span> <span class='ocrx_word' id='word_1_846' title='bbox 1348 5038 1441 5111; x_wconf 88' lang='lat' dir='ltr'><strong>perdit</strong></span> <span class='ocrx_word' id='word_1_847' title='bbox 1450 5037 1536 5092; x_wconf 89' lang='lat' dir='ltr'><strong>etiam</strong></span> <span class='ocrx_word' id='word_1_848' title='bbox 1552 5042 1582 5092; x_wconf 91' lang='lat' dir='ltr'><strong>et</strong></span> <span class='ocrx_word' id='word_1_849' title='bbox 1595 5036 1670 5093; x_wconf 88' lang='lat' dir='ltr'><strong>bona</strong></span> <span class='ocrx_word' id='word_1_850' title='bbox 1681 5053 1768 5110; x_wconf 86' lang='lat' dir='ltr'><strong>opera</strong></span> 
     </span>
    </p>

    <p class='ocr_par' dir='ltr' id='par_1_9' title="bbox 130 5126 1769 5654">
     <span class='ocr_line' id='line_1_55' title="bbox 165 5126 1767 5211; baseline -0.006 -20"><span class='ocrx_word' id='word_1_851' title='bbox 165 5133 211 5192; x_wconf 73' lang='lat'><strong>25.</strong></span> <span class='ocrx_word' id='word_1_852' title='bbox 221 5134 342 5199; x_wconf 84' lang='lat' dir='ltr'><strong>Quidam</strong></span> <span class='ocrx_word' id='word_1_853' title='bbox 351 5134 439 5189; x_wconf 87' lang='lat' dir='ltr'><strong>frater</strong></span> <span class='ocrx_word' id='word_1_854' title='bbox 448 5139 510 5189; x_wconf 90' lang='lat' dir='ltr'><strong>erat</strong></span> <span class='ocrx_word' id='word_1_855' title='bbox 520 5133 649 5188; x_wconf 86' lang='lat' dir='ltr'><strong>minister</strong></span> <span class='ocrx_word' id='word_1_856' title='bbox 665 5133 810 5211; x_wconf 85' lang='lat' dir='ltr'><strong>cujusdam</strong></span> <span class='ocrx_word' id='word_1_857' title='bbox 825 5133 927 5189; x_wconf 88' lang='lat' dir='ltr'><strong>Patris.</strong></span> <span class='ocrx_word' id='word_1_858' title='bbox 971 5126 1630 5203; x_wconf 85' lang='lat' dir='ltr'><strong>sua.Quapr0pterconvenitomnembominem</strong></span> <span class='ocrx_word' id='word_1_859' title='bbox 1640 5127 1767 5183; x_wconf 87' lang='lat' dir='ltr'><strong>sobrium</strong></span> 
     </span>
     <span class='ocr_line' id='line_1_56' title="bbox 130 5216 1768 5296; baseline -0.004 -17"><span class='ocrx_word' id='word_1_860' title='bbox 130 5223 257 5296; x_wconf 83' lang='lat' dir='ltr'><strong>Contigit</strong></span> <span class='ocrx_word' id='word_1_861' title='bbox 265 5228 361 5279; x_wconf 87' lang='lat' dir='ltr'><strong>autem</strong></span> <span class='ocrx_word' id='word_1_862' title='bbox 374 5229 407 5278; x_wconf 91' lang='lat' dir='ltr'><strong>ut</strong></span> <span class='ocrx_word' id='word_1_863' title='bbox 421 5224 522 5278; x_wconf 88' lang='lat' dir='ltr'><strong>vulnus</strong></span> <span class='ocrx_word' id='word_1_864' title='bbox 533 5225 614 5279; x_wconf 89' lang='lat' dir='ltr'><strong>fieret</strong></span> <span class='ocrx_word' id='word_1_865' title='bbox 627 5222 781 5294; x_wconf 89' lang='lat' dir='ltr'><strong>incorpore</strong></span> <span class='ocrx_word' id='word_1_866' title='bbox 795 5223 880 5287; x_wconf 87' lang='lat' dir='ltr'><strong>senis,</strong></span> <span class='ocrx_word' id='word_1_867' title='bbox 901 5228 930 5278; x_wconf 90' lang='lat' dir='ltr'><strong>et</strong></span> <span class='ocrx_word' id='word_1_868' title='bbox 972 5238 1033 5277; x_wconf 91' lang='lat' dir='ltr'><strong>esse</strong></span> <span class='ocrx_word' id='word_1_869' title='bbox 1051 5221 1081 5275; x_wconf 91' lang='lat' dir='ltr'><strong>in</strong></span> <span class='ocrx_word' id='word_1_870' title='bbox 1101 5219 1312 5275; x_wconf 86' lang='lat' dir='ltr'><strong>considerandis</strong></span> <span class='ocrx_word' id='word_1_871' title='bbox 1331 5216 1463 5289; x_wconf 91' lang='lat' dir='ltr'><strong>operibus</strong></span> <span class='ocrx_word' id='word_1_872' title='bbox 1487 5216 1556 5279; x_wconf 88' lang='lat' dir='ltr'><strong>suis,</strong></span> <span class='ocrx_word' id='word_1_873' title='bbox 1571 5233 1607 5271; x_wconf 92' lang='lat' dir='ltr'><strong>ne</strong></span> <span class='ocrx_word' id='word_1_874' title='bbox 1621 5216 1650 5272; x_wconf 91' lang='lat' dir='ltr'><strong>in</strong></span> <span class='ocrx_word' id='word_1_875' title='bbox 1666 5231 1768 5273; x_wconf 87' lang='lat' dir='ltr'><strong>vanum</strong></span> 
     </span>
     <span class='ocr_line' id='line_1_57' title="bbox 130 5306 1387 5383; baseline -0.008 -13"><span class='ocrx_word' id='word_1_876' title='bbox 130 5313 224 5370; x_wconf 86' lang='lat' dir='ltr'><strong>sanies</strong></span> <span class='ocrx_word' id='word_1_877' title='bbox 247 5315 339 5369; x_wconf 87' lang='lat' dir='ltr'><strong>multa</strong></span> <span class='ocrx_word' id='word_1_878' title='bbox 351 5329 387 5371; x_wconf 86' lang='lat' dir='ltr'><strong>ex</strong></span> <span class='ocrx_word' id='word_1_879' title='bbox 400 5329 433 5367; x_wconf 92' lang='lat' dir='ltr'><strong>eo</strong></span> <span class='ocrx_word' id='word_1_880' title='bbox 445 5329 510 5367; x_wconf 91' lang='lat' dir='ltr'><strong>cum</strong></span> <span class='ocrx_word' id='word_1_881' title='bbox 532 5313 620 5367; x_wconf 85' lang='lat' dir='ltr'><strong>fetore</strong></span> <span class='ocrx_word' id='word_1_882' title='bbox 635 5313 798 5383; x_wconf 90' lang='lat' dir='ltr'><strong>proflueret.</strong></span> <span class='ocrx_word' id='word_1_883' title='bbox 813 5311 930 5367; x_wconf 89' lang='lat' dir='ltr'><strong>Dicebat</strong></span> <span class='ocrx_word' id='word_1_884' title='bbox 971 5311 1100 5365; x_wconf 86' lang='lat' dir='ltr'><strong>videatur</strong></span> <span class='ocrx_word' id='word_1_885' title='bbox 1113 5309 1252 5364; x_wconf 89' lang='lat' dir='ltr'><strong>sustinere</strong></span> <span class='ocrx_word' id='word_1_886' title='bbox 1269 5306 1387 5363; x_wconf 82' lang='lat' dir='ltr'><strong>labores.</strong></span> 
     </span>
     <span class='ocr_line' id='line_1_58' title="bbox 130 5393 1769 5475; baseline -0.007 -16"><span class='ocrx_word' id='word_1_887' title='bbox 130 5409 227 5459; x_wconf 88' lang='lat' dir='ltr'><strong>autem</strong></span> <span class='ocrx_word' id='word_1_888' title='bbox 238 5403 370 5475; x_wconf 90' lang='lat' dir='ltr'><strong>cogitatio</strong></span> <span class='ocrx_word' id='word_1_889' title='bbox 380 5419 432 5457; x_wconf 89' lang='lat' dir='ltr'><strong>sua</strong></span> <span class='ocrx_word' id='word_1_890' title='bbox 441 5401 523 5456; x_wconf 88' lang='lat' dir='ltr'><strong>fratri</strong></span> <span class='ocrx_word' id='word_1_891' title='bbox 532 5401 573 5456; x_wconf 92' lang='lat' dir='ltr'><strong>illi</strong></span> <span class='ocrx_word' id='word_1_892' title='bbox 584 5402 631 5473; x_wconf 91' lang='lat' dir='ltr'><strong>qui</strong></span> <span class='ocrx_word' id='word_1_893' title='bbox 644 5401 669 5455; x_wconf 94' lang='lat' dir='ltr'><strong>ei</strong></span> <span class='ocrx_word' id='word_1_894' title='bbox 680 5401 871 5456; x_wconf 88' lang='lat' dir='ltr'><strong>deserviebat:</strong></span> <span class='ocrx_word' id='word_1_895' title='bbox 885 5402 930 5457; x_wconf 92' lang='lat' dir='ltr'><strong>Di·</strong></span> <span class='ocrx_word' id='word_1_896' title='bbox 1005 5400 1032 5455; x_wconf 89' lang='grc'><strong>3.</strong></span> <span class='ocrx_word' id='word_1_897' title='bbox 1049 5398 1181 5454; x_wconf 87' lang='lat' dir='ltr'><strong>Narravit</strong></span> <span class='ocrx_word' id='word_1_898' title='bbox 1201 5399 1305 5453; x_wconf 89' lang='lat' dir='ltr'><strong>iternm</strong></span> <span class='ocrx_word' id='word_1_899' title='bbox 1320 5395 1406 5451; x_wconf 86' lang='lat' dir='ltr'><strong>abbas</strong></span> <span class='ocrx_word' id='word_1_900' title='bbox 1431 5396 1539 5463; x_wconf 89' lang='lat' dir='ltr'><strong>Daniel,</strong></span> <span class='ocrx_word' id='word_1_901' title='bbox 1557 5394 1673 5450; x_wconf 90' lang='lat' dir='ltr'><strong>dicens:</strong></span> <span class='ocrx_word' id='word_1_902' title='bbox 1693 5393 1769 5449; x_wconf 89' lang='lat' dir='ltr'><strong>Dixit</strong></span> 
     </span>
     <span class='ocr_line' id='line_1_59' title="bbox 131 5485 1767 5564; baseline -0.007 -15"><span class='ocrx_word' id='word_1_903' title='bbox 131 5492 212 5549; x_wconf 83' lang='lat' dir='ltr'><strong>sceda</strong></span> <span class='ocrx_word' id='word_1_904' title='bbox 227 5492 300 5560; x_wconf 91' lang='lat' dir='ltr'><strong>binc,</strong></span> <span class='ocrx_word' id='word_1_905' title='bbox 314 5492 381 5564; x_wconf 90' lang='lat' dir='ltr'><strong>quia</strong></span> <span class='ocrx_word' id='word_1_906' title='bbox 396 5507 453 5547; x_wconf 90' lang='lat' dir='ltr'><strong>non</strong></span> <span class='ocrx_word' id='word_1_907' title='bbox 462 5497 542 5563; x_wconf 90' lang='lat' dir='ltr'><strong>potes</strong></span> <span class='ocrx_word' id='word_1_908' title='bbox 554 5491 694 5546; x_wconf 88' lang='lat' dir='ltr'><strong>sustinere</strong></span> <span class='ocrx_word' id='word_1_909' title='bbox 707 5491 825 5545; x_wconf 88' lang='lat' dir='ltr'><strong>fetorem</strong></span> <span class='ocrx_word' id='word_1_910' title='bbox 836 5497 930 5562; x_wconf 87' lang='lat' dir='ltr'><strong>putre·</strong></span> <span class='ocrx_word' id='word_1_911' title='bbox 971 5491 1056 5546; x_wconf 87' lang='lat' dir='ltr'><strong>Pater</strong></span> <span class='ocrx_word' id='word_1_912' title='bbox 1063 5487 1251 5544; x_wconf 90' lang='lat' dir='ltr'><strong>nosterabbas</strong></span> <span class='ocrx_word' id='word_1_913' title='bbox 1263 5487 1399 5542; x_wconf 87' lang='lat' dir='ltr'><strong>Arsenius</strong></span> <span class='ocrx_word' id='word_1_914' title='bbox 1410 5485 1446 5540; x_wconf 91' lang='lat' dir='ltr'><strong>de</strong></span> <span class='ocrx_word' id='word_1_915' title='bbox 1454 5486 1575 5558; x_wconf 87' lang='lat' dir='ltr'><strong>quodam</strong></span> <span class='ocrx_word' id='word_1_916' title='bbox 1584 5487 1681 5549; x_wconf 65' lang='lat' dir='ltr'><strong>68ss</strong></span> <span class='ocrx_word' id='word_1_917' title='bbox 1690 5498 1767 5546; x_wconf 88' lang='lat' dir='ltr'><strong>sene,</strong></span> 
     </span>
     <span class='ocr_line' id='line_1_60' title="bbox 134 5569 1769 5654; baseline -0.008 -14"><span class='ocrx_word' id='word_1_918' title='bbox 134 5581 208 5640; x_wconf 83' lang='lat' dir='ltr'><strong>dinis</strong></span> <span class='ocrx_word' id='word_1_919' title='bbox 217 5582 367 5641; x_wconf 85' lang='lat' dir='ltr'><strong>istius.llle</strong></span> <span class='ocrx_word' id='word_1_920' title='bbox 376 5597 443 5640; x_wconf 89' lang='lat' dir='ltr'><strong>vero</strong></span> <span class='ocrx_word' id='word_1_921' title='bbox 452 5580 549 5650; x_wconf 87' lang='lat' dir='ltr'><strong>frater,</strong></span> <span class='ocrx_word' id='word_1_922' title='bbox 557 5584 589 5637; x_wconf 93' lang='lat' dir='ltr'><strong>ut</strong></span> <span class='ocrx_word' id='word_1_923' title='bbox 595 5580 761 5654; x_wconf 87' lang='lat' dir='ltr'><strong>reprimeret</strong></span> <span class='ocrx_word' id='word_1_924' title='bbox 769 5580 931 5653; x_wconf 78' lang='lat' dir='ltr'><strong>huiusmodi</strong></span> <span class='ocrx_word' id='word_1_925' title='bbox 971 5578 1020 5652; x_wconf 89' lang='lat' dir='ltr'><strong>qui</strong></span> <span class='ocrx_word' id='word_1_926' title='bbox 1035 5586 1098 5637; x_wconf 87' lang='lat' dir='ltr'><strong>erat</strong></span> <span class='ocrx_word' id='word_1_927' title='bbox 1106 5593 1225 5652; x_wconf 86' lang='lat' dir='ltr'><strong>magnus</strong></span> <span class='ocrx_word' id='word_1_928' title='bbox 1237 5577 1267 5635; x_wconf 90' lang='lat' dir='ltr'><strong>in</strong></span> <span class='ocrx_word' id='word_1_929' title='bbox 1280 5577 1332 5635; x_wconf 85' lang='lat' dir='ltr'><strong>bac</strong></span> <span class='ocrx_word' id='word_1_930' title='bbox 1344 5576 1411 5645; x_wconf 87' lang='lat' dir='ltr'><strong>vita,</strong></span> <span class='ocrx_word' id='word_1_931' title='bbox 1420 5576 1538 5650; x_wconf 89' lang='lat' dir='ltr'><strong>simplex</strong></span> <span class='ocrx_word' id='word_1_932' title='bbox 1552 5577 1648 5629; x_wconf 88' lang='lat' dir='ltr'><strong>autem</strong></span> <span class='ocrx_word' id='word_1_933' title='bbox 1660 5571 1691 5629; x_wconf 92' lang='lat' dir='ltr'><strong>in</strong></span> <span class='ocrx_word' id='word_1_934' title='bbox 1703 5569 1769 5640; x_wconf 78' lang='grc' dir='ltr'>ιιι,</span> 
     </span>
    </p>
   </div>
   <div class='ocr_carea' id='block_1_3' title="bbox 0 0 1914 6116">
    <p class='ocr_par' dir='ltr' id='par_1_10' title="bbox 0 0 1914 6116">
     <span class='ocr_line' id='line_1_61' title="bbox 0 0 1914 6116; baseline 0 0"><span class='ocrx_word' id='word_1_935' title='bbox 0 0 1914 6116; x_wconf 95' lang='lat' dir='ltr'><strong> </strong></span> 
     </span>
    </p>
   </div>
  </div>
 </body>
</html>
