3832 6120
166 217 213 280 tot
361 221 453 281 -Vl'ld
469 221 692 286 sanctourm
706 225 882 289 amman
899 229 1074 294 nummati
1090 229 1137 292 ET
1154 223 1339 291 rostrum
1356 222 1470 287 INDOE
1487 223 1605 287 REGIS.
1752 224 1806 288 idi

198 346 271 405 ΟΜ
280 348 379 423 igliur,
394 349 490 424 inquit
506 351 650 424 rumpunt,
665 358 725 410 tem
739 356 857 430 antiqua
869 363 899 415 et
911 376 962 415 ne·
969 361 996 424 A
1004 361 1101 417 lumen
1114 360 1224 416 dctema
1237 356 1309 413 lacis
1322 359 1501 413 contuentur:
1510 353 1546 410 ed
1554 352 1685 410 eumdem
1690 368 1803 427 quoque

164 439 286 495 cessaria
300 439 464 512 hujusmodi
476 442 654 514 philosophia
666 443 712 509 sit,
736 445 803 516 quid
815 463 907 503 causus
921 455 964 504 est
1005 452 1119 507 modum
1129 448 1337 505 Christilumen
1345 444 1475 501 omnibus
1481 443 1595 516 quidem
1606 443 1804 516 illucet,splen·

162 529 347 601 quamobrem
357 531 495 588 hodierna
508 532 554 587 die
568 532 650 604 pauci
665 533 780 606 sintqui
794 536 866 592 hanc
875 537 962 594 uitam
1004 541 1160 612 duramque
1175 554 1258 593 suum
1273 535 1354 592 nobls
1363 534 1470 591 affatim
1481 534 1607 606 impertit
1620 539 1743 603 ;atrero
1751 549 1802 605 piu

163 617 311 674 imitentur
318 620 330 673 ²
1004 645 1054 685 sua
1075 629 1195 701 quisque
1216 626 1369 698 cupiditate
1383 624 1526 695 animique
1547 622 1693 678 alacritate
1711 621 1803 694 ipsum

197 707 354 780 Respondit
363 727 447 767 senex
458 729 464 765 :
475 712 557 768 Multi
568 713 681 785 quidem
695 731 757 770 eam
773 714 876 771 imitati
884 722 960 785 sunt,
1004 719 1133 792 percipit.
1148 718 1221 772 Nam
1236 732 1288 770 nec
1301 714 1348 768 ille
1359 713 1476 785 justitia
1488 712 1530 768 sol
1544 712 1632 767 ullum
1648 729 1681 766 ex
1695 710 1739 766 his
1754 712 1802 784 qui

163 797 353 854 etetiamnum
363 800 521 856 imitantur.
534 801 773 876 Atmultoplures
783 812 959 874 cunctantur,
1003 800 1802 876 oculorumacieminipsumintenderecupiuntbenelicio

162 902 193 941 ac
204 903 300 944 moras
312 895 441 946 nectunt.
451 891 537 946 Pauci
547 893 623 948 enim
633 899 709 959 sunt,
722 895 800 949 utait
812 895 960 964 Dominus,
1003 914 1037 952 eo
1061 895 1162 970 privat,
1187 911 1238 951 neo
1260 908 1373 949 rursum
1395 891 1441 945 his
1455 889 1511 945 vim
1530 889 1616 945 infert
1638 889 1687 960 qui
1702 894 1802 963 suapte

162 977 209 1048 qui
222 994 275 1048 per
287 985 395 1035 arctam
409 984 439 1035 et
452 987 603 1053 angustam
613 983 686 1037 viam
698 982 839 1052 incedant;
851 983 899 1057 qui
913 1001 962 1041 au·
1002 992 1103 1058 sponte
1113 983 1244 1041 tenebras
1254 983 1379 1054 eligunt;
1396 996 1492 1034 verum
1507 995 1564 1036 sua
1575 978 1692 1050 quisque
1706 977 1801 1034 libera

160 1070 218 1120 tem
231 1067 405 1138 perfacilem
421 1070 645 1143 ctlatam,qnam
659 1072 891 1143 plurimitldottlr.
902 1087 959 1143 v11;
1001 1075 1139 1130 uoluntati
1160 1078 1190 1129 et
1203 1069 1342 1138 electioni,
1359 1068 1485 1139 quandiu
1499 1067 1529 1123 in
1545 1068 1597 1122 huc
1611 1067 1669 1122 vitu
1687 1072 1738 1134 est,
1754 1082 1801 1122 re·

161 1156 223 1210 luc.
235 1155 328 1228 xxm).
344 1158 418 1214 Nam
428 1159 961 1235 quisemelpeouniarumcupiditete‚et
1001 1163 1148 1236 linquitur.

159 1243 294 1300 vitiorum
310 1262 372 1318 quae
387 1264 420 1302 ex
433 1249 625 1322 voluptatibus
639 1251 778 1317 oriuntur,
795 1268 959 1309 amorecor-
1037 1252 1107 1307 Cum
1119 1256 1215 1306 autem
1225 1250 1362 1322 Josaphat
1370 1247 1505 1321 quidnam
1516 1245 1626 1301 arbitrii
1634 1242 1750 1300 libertas
1759 1248 1801 1300 at·

159 1335 243 1405 repti,
259 1350 395 1407 vunaeque
408 1341 438 1392 et
450 1337 528 1392 inani
542 1339 640 1410 gloriae
657 1340 761 1395 addicti
775 1345 851 1407 sunt,
867 1343 911 1397 vix
924 1342 959 1397 ab
1004 1358 1058 1413 que
1073 1340 1172 1396 electio
1182 1344 1257 1395 esset
1270 1343 1417 1412 quaereret,
1427 1335 1673 1409 responditsenex:
1682 1331 1800 1389 arbitrii

157 1421 227 1494 ipsis
239 1423 335 1480 divelli
351 1431 480 1498 possunt,
495 1427 591 1499 utqui
610 1428 702 1484 alieno
717 1429 840 1498 domino,
856 1431 960 1503 quique
1001 1430 1117 1486 libertas
1131 1435 1174 1485 est
1187 1430 1288 1485 anima
1297 1429 1407 1483 ratione
1417 1427 1522 1481 utentis
1534 1421 1800 1490 rolunnsnineullo

159 1513 266 1580 ⁰¹¹¹ssi⁸r
286 1520 385 1569 contra
400 1531 434 1570 uc
448 1516 531 1578 Deus.
548 1517 679 1589 imperat,
696 1524 782 1590 atque
799 1519 875 1591 ipsos
898 1526 960 1575 tan·
1001 1520 1205 1592 impedimento
1218 1518 1254 1573 ad
1268 1517 1297 1573 id
1321 1517 1395 1589 qnod
1413 1517 1482 1582 vult,
1502 1515 1555 1569 hoc
1568 1517 1611 1569 est
1624 1512 1682 1567 sivo
1699 1511 1800 1567 addr-

156 1616 243 1671 quam
257 1603 365 1658 catenis
374 1603 542 1675 quibusdam
553 1606 660 1662 vinctos
669 1612 756 1675 tenet,
768 1608 959 1680 ultraseipsos
1001 1614 1101 1674 tutem,
1117 1609 1175 1664 sive
1189 1608 1225 1663 ad
1239 1606 1349 1674 vitium,
1367 1605 1493 1671 incitata,
1510 1609 1596 1675 atque
1605 1617 1741 1657 asummo
1750 1601 1799 1657 illo

155 1689 334 1760 manciparit
351 1692 471 1747 Animus
486 1693 600 1766 qnippe,
614 1711 678 1750 cum
688 1696 775 1755 semel
789 1696 888 1751 salutis
902 1705 988 1768 suan
1000 1703 1117 1771 parente
1132 1703 1161 1753 et
1184 1696 1337 1752 architecto
1351 1694 1392 1749 ita
1406 1694 1513 1748 allecta.
1533 1691 1666 1758 Rursum,
1680 1688 1799 1745 Arbitrii

154 1793 236 1849 spem
247 1778 391 1849 abjecerit,
410 1781 532 1837 habenas
545 1784 870 1840 suasaversisaratione
880 1786 957 1858 cupi·
997 1786 1113 1842 libertas
1129 1793 1172 1842 est
1189 1783 1387 1840 intellectualis
1401 1783 1503 1837 animae
1522 1797 1573 1853 pro
1591 1795 1644 1836 suo
1658 1778 1797 1834 arbitratu

154 1865 292 1947 ditatibus
306 1869 482 1939 permittens,
495 1888 725 1945 quaquaversum
734 1873 878 1929 ferturnc
889 1892 956 1947 pro·
997 1876 1123 1947 agitatio.
1132 1875 1237 1931 Electio
1252 1879 1347 1930 autem
1362 1878 1406 1928 est
1419 1888 1517 1927 eurum
1531 1885 1626 1925 rerum
1642 1885 1704 1940 qua
1713 1868 1743 1923 in
1753 1884 1797 1923 ar·

153 1954 957 2033 indeProphecoonusomaeeuhuJusmooienimisamcn·
997 1964 1081 2020 bitrio
1096 1971 1192 2020 nostro
1206 1965 1267 2020 site
1276 1968 1351 2029 sunt,
1366 1977 1430 2017 cum
1445 1959 1561 2016 consilio
1580 1959 1731 2029 conjuncta
1744 1973 1796 2029 up·

153 2042 225 2097 tium
233 2043 660 2122 deplorans,caliginisqueipsos
667 2052 792 2122 urgentis
799 2053 954 2108 crassitiem
995 2054 1105 2127 petitio.
1118 2053 1264 2126 Siquidem
1277 2068 1338 2107 rem
1346 2066 1408 2107 eam
1419 2067 1481 2122 quae
1493 2049 1563 2104 inito
1572 2046 1689 2103 consilio
1696 2045 1796 2101 melior

152 2130 312 2202 lugens‚his
324 2134 415 2191 verbis
434 2137 579 2194 utebatur:
592 2139 656 2194 Filii
671 2140 829 2209 hominum,
850 2158 954 2214 usque·
992 2143 1119 2215 judicata
1134 2149 1185 2210 est,
1201 2143 1336 2214 eligentes
1352 2140 1520 2213 appetimus.
1535 2137 1690 2193 Consilium
1698 2141 1742 2190 est
1749 2134 1795 2190 in-

152 2223 299 2292 qnograri
313 2225 462 2281 cordelut
471 2227 539 2299 quid
549 2228 668 2300 diligitis
676 2230 873 2297 vanitatem,et
881 2248 954 2303 quse·
994 2233 1156 2305 instigatrix
1182 2231 1319 2304 appetitio
1344 2231 1379 2285 de
1402 2228 1487 2284 rebus
1508 2226 1650 2300 gerendis,
1672 2239 1793 2298 quarum

151 2309 424 2369 ritismendaciuml
437 2316 679 2381 Quemadmodum
687 2319 773 2374 etiam
784 2320 897 2391 quidum
907 2338 953 2376 sa·
993 2339 1080 2395 penes
1090 2339 1141 2377 nos
1156 2325 1281 2394 potestas
1290 2326 1343 2375 est.
1358 2317 1502 2374 Deliberat
1510 2317 1586 2372 enim
1599 2315 1739 2387 quispiam
1748 2329 1794 2368 ex-

150 2398 280 2470 pientum
295 2404 496 2475 magistrorum
509 2412 680 2473 nostrorum,
697 2408 738 2462 sir
745 2424 839 2464 rerum
847 2409 953 2465 divina-
993 2410 1126 2482 pediatne
1145 2409 1252 2481 aliquid
1266 2425 1360 2481 agere,
1379 2422 1477 2462 necne.
1497 2404 1614 2470 Deinde,
1630 2402 1704 2476 quod
1720 2418 1792 2473 prae·

148 2504 215 2542 rum
221 2490 418 2560 peritissimus,
428 2494 626 2550 eamdemcum
632 2496 773 2568 Propheta
781 2498 952 2555 cantilenam
993 2498 1115 2554 stantius
1129 2503 1181 2565 est,
1196 2499 1315 2570 judicat,
1331 2514 1364 2553 ac
1374 2496 1513 2568 judicium
1525 2493 1654 2549 efficitur.
1667 2493 1729 2547 llos
1739 2506 1791 2546 au·

146 2592 299 2642 mensae
310 2581 439 2651 quedam
453 2599 471 2637 a
484 2583 577 2655 seipso
591 2584 758 2657 adjungens,
765 2591 901 2659 tanquam
918 2605 951 2644 ex
991 2593 1050 2644 tem
1073 2588 1204 2655 astatur,
1220 2593 1306 2659 atque
1326 2587 1356 2641 id
1371 2585 1446 2658 quod
1459 2602 1492 2641 ex
1504 2582 1621 2639 consilio
1631 2581 1792 2653 judicatum

148 2666 208 2720 alta
214 2667 338 2738 quodam
346 2675 376 2723 et
385 2670 660 2744 editissimuspecula
668 2674 798 2730 omnibus
805 2676 948 2732 inclamat:
992 2682 1044 2745 est,
1060 2683 1147 2744 amat,
1163 2695 1195 2733 ac
1210 2676 1351 2732 sententia
1364 2669 1791 2742 dicitur.NamsiitaJ'udicetut

147 2752 214 2809 Filii
226 2754 384 2821 hominum,
398 2775 545 2832 usquequo
558 2761 638 2832 gravi
648 2763 752 2818 corde?
764 2769 797 2820 ut
808 2765 875 2837 quid
889 2766 950 2821 dili·
991 2770 1086 2822 tumen
1096 2783 1163 2838 eiga
1173 2766 1201 2821 id
1211 2767 1284 2839 quod
1292 2765 1449 2836 judicatum
1458 2759 1789 2826 estminimeailiciatur,

145 2842 217 2913 gitis
223 2844 386 2911 sanitatem,
400 2853 430 2901 et
436 2849 563 2919 quaeritis
572 2851 749 2907 mendacium
764 2855 947 2924 (Psot.xt1v);
991 2855 1044 2910 hoc
1057 2860 1108 2922 est,
1135 2856 1164 2910 id
1180 2855 1297 2910 minime
1311 2858 1397 2919 amet,
1415 2853 1556 2908 sententia
1570 2849 1789 2920 haudquaquam

148 2934 428 3002 magnumuimirum
439 2938 545 3010 aliquid
559 2939 905 3013 hanovitam‚etdelicius,
920 2951 949 3002 ct
990 2944 1158 3016 appellatur.
1179 2945 1251 3000 Tuto
1261 2950 1325 3016 post
1340 2942 1519 2998 allectionem
1538 2941 1572 2995 tlt
1585 2937 1694 2993 electio.
1716 2937 1790 2991 Nam

145 3018 279 3090 exiguam
288 3023 658 3098 gloriolam(etmendacem
667 3022 979 3105 prosperitatemesseC
990 3034 1089 3088 electio
1100 3033 1169 3090 nibil
1185 3033 1262 3089 uliud
1272 3038 1316 3087 est
1331 3047 1416 3103 quem
1432 3047 1448 3085 e
1466 3028 1576 3084 duabus
1589 3026 1674 3083 rebus
1689 3039 1789 3098 propo-
1813 3040 1822 3050 ·

144 3107 342 3167 existimantes
355 3115 449 3184 (Nor,
466 3133 527 3171 orn.
542 3119 574 3172 dc
588 3123 646 3174 sais
668 3136 721 3176 scr.
736 3126 761 3176 ct
782 3125 819 3178 od
837 3127 948 3181 lulium
989 3122 1050 3178 sitis
1064 3123 1181 3179 alterum
1196 3139 1254 3195 prae
1276 3122 1366 3177 alters
1379 3119 1512 3192 amplecti
1525 3123 1555 3173 et
1568 3117 1680 3189 eligere.
1694 3106 1803 3184 Atque*

143 3196 322 3271 motandi
334 3202 402 3267 Quae
416 3205 529 3276 quidem
541 3223 597 3262 non
610 3209 702 3280 magis
715 3226 813 3266 eorum
823 3219 890 3268 sunt
899 3215 948 3285 qui
989 3211 1059 3267 illud
1066 3213 1109 3267 uel
1124 3229 1157 3267 ex
1168 3212 1231 3284 ipsa
1242 3210 1414 3284 etymologia
1427 3208 1608 3281 perspicuum
1622 3200 1788 3271 catalectic-

143 3284 476 3364 lruuntnrquamquiea
490 3295 520 3350 in
535 3296 835 3368 spehabuerunt;nec
849 3319 947 3360 rursus
989 3317 1053 3356 nem
1067 3317 1129 3356 εεεε
1141 3300 1289 3357 consilium
1302 3315 1367 3356 cum
1381 3296 1583 3370 dijudicatione
1593 3296 1783 3365 conjunctum.
1897 3346 1901 3353 .

143 3373 251 3432 horum
261 3380 351 3450 magis
366 3398 451 3453 quam
467 3386 625 3458 eorumqni
639 3403 674 3443 ea
691 3389 806 3460 quidem
820 3407 946 3463 unquam
987 3388 1143 3462 Προαιρετόν
1163 3389 1240 3445 enim
1259 3393 1303 3445 est
1323 3388 1444 3443 alterum
1465 3403 1523 3458 pra
1543 3385 1632 3440 altero
1652 3383 1783 3438 electum.

143 3472 387 3535 asperumntct
396 3488 458 3542 qua
468 3489 525 3528 non
533 3491 613 3530 secus
623 3477 753 3548 aepulvis
764 3479 945 3538 aturbinend
986 3479 1076 3535 Nemo
1091 3495 1175 3550 porro
1190 3478 1345 3551 quidquam
1359 3475 1484 3532 adhibito
1496 3474 1604 3546 iudicio
1619 3471 1700 3527 alteri
1711 3487 1784 3544 prae·

141 3551 383 3626 aliosatquealios
392 3560 511 3617 subinde
525 3565 690 3635 perllantur,
702 3582 735 3622 ac
749 3567 870 3624 vicissim
881 3571 945 3641 jac·
986 3567 1049 3633 lert,
1061 3567 1115 3623 nisi
1127 3568 1207 3640 prius
1216 3567 1366 3623 consilium
1378 3565 1491 3634 inierit;
1504 3579 1557 3619 nec
1570 3577 1682 3619 rursum
1692 3558 1781 3631 eligit,

140 3644 253 3709 tantur,
265 3646 395 3703 sutlumi
403 3649 495 3705 instar
506 3651 644 3721 defluunt,
655 3656 945 3716 acvelutinsomnium
985 3655 1039 3713 nisi
1048 3657 1126 3729 prius
1134 3657 1278 3728 judicarit.
1288 3658 1361 3712 Nam
1372 3655 1505 3728 quoniam
1514 3670 1571 3710 non
1582 3649 1784 3723 eaomniaquue

140 3728 274 3788 homiues
287 3733 476 3805 ludificantur,
487 3744 516 3794 et
529 3741 668 3797 utumbra
676 3745 793 3801 retineri
801 3755 945 3819 nequeunt
986 3745 1151 3802 nobisrecta
1163 3754 1192 3803 et
1202 3748 1336 3819 praeclara
1349 3746 1550 3802 esscridentur
1561 3745 1591 3799 in
1603 3758 1673 3815 opus
1682 3740 1784 3814 pardu-

139 3834 176 3873 ac
187 3819 312 3895 denique
325 3823 367 3879 ita
382 3832 483 3882 natura
497 3836 660 3903 comparatu
673 3838 749 3900 sunt,
767 3839 798 3890 ut
811 3846 863 3891 nec
878 3854 942 3893 curn
984 3852 1047 3891 cere
1071 3835 1228 3903 studemus,
1250 3841 1310 3892 tum
1331 3836 1452 3909 denique
1466 3834 1564 3890 electio
1578 3838 1607 3888 et
1620 3829 1782 3903 eligendum

138 3905 341 3975 absunteese
350 3913 497 3971 habituros
506 3935 568 3974 esse
582 3919 710 3977 homines
720 3922 880 3996 desperant,
891 3943 942 3982 nec
983 3924 1104 3981 efficitur
1120 3925 1149 3980 id
1169 3924 1243 3997 quod
1263 3942 1296 3981 ex
1320 3925 1437 3981 oonsilio
1453 3922 1629 3997 propositum
1644 3925 1697 3988 est,
1717 3933 1781 3974 cum

136 4012 205 4052 cum
218 3999 334 4068 adsunt,
354 4003 561 4074 possidentibus
573 4015 651 4064 certa
660 4016 689 4066 et
698 4010 810 4068 stabilia
819 4014 886 4069 sint.
982 4015 1185 4086 appetitionem
1196 4015 1327 4071 comitem
1342 4014 1481 4071 asciverit.

176 4086 249 4141 Cum
269 4088 359 4160 igitur
369 4092 404 4146 nd
423 4093 498 4149 hunc
511 4096 627 4152 modum
646 4099 773 4155 Salvator
784 4103 938 4175 praecipiat,
1018 4104 1057 4159 Ex
1071 4105 1321 4176 quoconcluditur,
1335 4105 1499 4161 electionem
1509 4119 1569 4159 esse
1579 4099 1780 4174 appetitionem

136 4174 287 4246 pmphetre
299 4185 329 4233 et
342 4182 462 4252 apostoli
467 4200 495 4255 pr
503 4184 630 4253 adirent,
644 4190 774 4245 acsancti
785 4192 940 4248 omnesviri
981 4207 1045 4246 cum
1057 4191 1258 4248 deliberatione
1268 4194 1447 4264 conjunctam
1457 4208 1556 4247 earum
1569 4205 1666 4246 rerum
1678 4188 1780 4261 quaein

136 4267 202 4318 tum
216 4279 249 4318 re
259 4264 331 4337 ipsa,
341 4273 402 4324 tum
414 4287 544 4328 sermone
558 4275 594 4329 ad
604 4275 715 4332 virtutis
729 4277 803 4333 viam
811 4278 847 4334 ab
862 4282 940 4336 omni
980 4286 1078 4336 nostra
1085 4287 1224 4354 potestate
1230 4282 1291 4337 sitse
1302 4282 1368 4337 sint.
1380 4281 1492 4337 Etenim
1501 4280 1530 4336 id
1538 4279 1612 4352 quod
1621 4295 1654 4334 ex
1663 4276 1780 4333 consilio

135 4367 238 4409 more
260 4357 381 4414 manure
401 4359 557 4418 immunem
576 4380 628 4419 nos
648 4365 805 4438 impellant,
828 4368 1163 4442 etiamsiDpimpositum
1178 4376 1230 4438 est,
1246 4371 1383 4443 eligentes
1394 4370 1564 4443 appetimus.
1575 4366 1778 4440 Omnequippe

135 4442 222 4512 pauci
230 4443 303 4500 banc
315 4450 441 4517 teneant,
447 4457 546 4506 contra
560 4459 656 4510 autem
665 4455 747 4510 multi
755 4457 844 4513 latam
853 4464 939 4532 atque
979 4461 1126 4517 consilium
1138 4460 1255 4518 actionis
1264 4478 1349 4519 causa
1354 4468 1383 4518 et
1389 4468 1505 4536 propter
1514 4462 1653 4518 actionem
1662 4455 1779 4531 suscipi·

134 4528 169 4584 in
179 4531 299 4590 exitium
312 4536 462 4594 ducentem
475 4540 528 4595 sibi
541 4542 674 4615 deligant,
691 4561 747 4601 non
766 4550 863 4603 temen
876 4566 939 4622 pro·
979 4555 1036 4606 tur.
1054 4553 1098 4607 lta
1106 4551 1255 4608 consilium
1265 4552 1379 4626 quidem
1388 4553 1551 4610 electionem
1562 4547 1711 4614 antecedit,
1724 4547 1778 4603 ele·

135 4623 238 4690 pterea
244 4622 346 4681 cirine
358 4627 444 4699 huius
454 4630 637 4703 philosophiae
646 4633 808 4692 institutum
821 4638 937 4695 minoris
979 4639 1034 4695 ctio
1047 4646 1142 4696 autem
1156 4657 1269 4698 omnem
1283 4643 1433 4699 actionem.
1458 4642 1594 4709 Quocirca
1615 4654 1672 4694 non
1692 4637 1777 4695 modo

134 4708 335 4769 mcum
346 4722 398 4771 est.
410 4717 528 4775 Utenim
537 4722 655 4789 solcum
665 4723 843 4782 illuminandi
853 4744 939 4785 causa
978 4730 1111 4798 actiones,
1134 4732 1183 4787 sed
1198 4749 1232 4788 ea
1252 4733 1338 4788 etiam
1353 4748 1415 4804 quae
1429 4731 1524 4787 animo
1543 4731 1690 4802 agitantur
1702 4729 1775 4802 (qua

134 4798 268 4856 exoriens
280 4803 378 4860 radios
397 4823 462 4863 suos
476 4809 626 4866 affluenter
643 4812 765 4882 emittat,
781 4831 937 4891 omnesque
978 4820 1093 4892 quidem
1100 4822 1251 4878 electiones
1257 4821 1474 4891 exhibent),tum
1480 4824 1671 4889 comnas,tum
1677 4834 1776 4892 poenas

134 4884 378 4962 sdexcipienduur
389 4895 485 4953 lumen
495 4900 666 4969 cohortetur,
678 4902 825 4975 siquidem
834 4906 936 4962 clausis
977 4915 1135 4966 accersunt.
1145 4911 1256 4966 Etenim
1265 4910 1363 4966 electio
1371 4909 1450 4966 inhis
1459 4909 1647 4983 rebusquein
1656 4909 1775 4967 arbitrio

134 4975 226 5032 oculis
239 4980 417 5051 splendorem
426 4985 515 5058 ipsius
522 4989 626 5045 intueri
636 4991 735 5059 nolint,
743 5009 800 5049 non
810 5001 937 5069 propter·
976 5004 1073 5055 nostro
1083 5001 1144 5056 sita
1153 5006 1220 5056 sunt
1228 5005 1420 5067 rei-sans,tum
1429 5000 1548 5073 peccati,
1557 5005 1618 5056 tum
1629 4999 1774 5073 justiope·

134 5078 172 5119 es
186 5069 436 5139 reprehensionem
451 5082 585 5145 meretur,
601 5085 651 5135 aut
666 5081 813 5154 areliquis
827 5086 933 5159 negligi
976 5088 1015 5144 ris
1030 5090 1109 5162 origo
1120 5095 1173 5147 est.
1188 5091 1260 5145 Nam
1280 5106 1400 5162 quarum
1410 5107 1506 5147 rerum
1520 5091 1668 5147 facultates
1686 5107 1774 5164 penes

132 5151 229 5257 debet,
240 5174 293 5214 nec
301 5161 458 5232 splendoris
472 5165 560 5237 ipsius
572 5167 663 5239 gloria
675 5168 711 5224 ob
720 5170 832 5228 illorum
842 5176 935 5232 stulti·
974 5196 1026 5235 nos
1036 5186 1111 5247 sunt,
1126 5180 1228 5235 barum
1240 5180 1326 5236 ctiam
1334 5181 1458 5238 actiones
1466 5181 1772 5240 ncnluuhnsconsen-

132 5247 205 5343 hum
214 5256 417 5348 incontemptu
430 5261 560 5311 versatur
570 5275 576 5325 ;
585 5257 653 5329 quin
661 5259 753 5331 potins
767 5261 808 5318 illi
819 5264 933 5336 quidem
973 5274 1063 5325 tanea
1074 5285 1161 5342 penes
1176 5285 1228 5326 nos
1240 5277 1315 5327 sunt.
1336 5272 1523 5339 Quamobrem
1537 5291 1601 5331 cum
1624 5275 1772 5333 facultates

131 5346 241 5404 seipsos
261 5335 368 5393 lumine
381 5339 522 5410 orbantes,
551 5349 684 5418 tanquam
708 5349 782 5417 coeci,
808 5353 932 5423 parietes
972 5359 1070 5415 virtuti
1085 5365 1279 5417 consentanea
1294 5360 1323 5417 in
1331 5368 1429 5420 nostra
1441 5370 1581 5436 potestate
1595 5365 1663 5434 siut,
1678 5366 1708 5422 in
1722 5382 1771 5421 no-

130 5421 258 5523 pulpant,
275 5430 360 5499 atque
373 5428 403 5484 in
416 5431 521 5488 multas
534 5472 540 5487 .
555 5434 648 5491 ombes
662 5437 818 5510 precipites
832 5449 929 5511 ruunt,
973 5453 1149 5520 atraquoque
1161 5450 1399 5521 potestatew‘s
1406 5452 1522 5510 virtutes
1532 5455 1769 5510 sintnecesseest.

130 5511 288 5585 malusque
300 5517 389 5589 spinis
396 5536 494 5577 eorum
503 5522 577 5580 oculi
585 5532 751 5598 punguntur
761 5546 768 5598 ς
780 5529 824 5587 sol
833 5538 933 5590 contra
972 5536 1089 5609 Proprie
1096 5538 1173 5595 enim
1183 5538 1213 5595 in
1222 5539 1340 5599 arbitrio
1353 5548 1450 5600 nostro
1459 5544 1617 5601 consistunt
1630 5560 1664 5599 ea
1673 5541 1769 5598 omnia

130 5599 313 5672 splendorem
326 5623 407 5666 suum
419 5611 554 5683 retinens,
569 5630 617 5672 eos
635 5615 761 5676 illustrat
773 5621 822 5693 qui
842 5622 931 5696 ipsius
972 5643 1035 5699 quse
1048 5627 1174 5687 animam
1185 5629 1338 5705 attingunt,
1354 5633 1431 5690 etde
1448 5631 1549 5706 quibus
1568 5631 1765 5692 deliberamus.
