3818 6120
154 281 206 339 395
659 277 707 331 DE
725 277 820 333 VlTlS
839 274 986 330 PATRUM
1005 274 1112 328 LIBER
1131 275 1275 331 PRIMUS.
1485 240 1497 253 ·
1732 274 1788 334 396

154 409 233 463 desse
248 408 417 478 potuerunt;
434 402 482 455 sed
496 406 668 471 etquantum
679 401 758 455 inme
771 382 1109 469 suamartemlipanitur
1123 400 1217 454 dicens
1230 419 1235 453 :
1247 400 1355 454 Suadeo
1366 399 1415 453 tibi
1424 416 1539 454 emerea
1549 415 1594 454 me
1604 399 1788 470 aurumigni-

153 496 424 556 demonstraverunt,
442 491 471 544 in
485 495 596 544 trintum
611 502 663 563 epo
683 490 788 545 misera
806 488 948 545 doloribus
987 495 1049 559 tum
1065 489 1223 560 probatum,
1234 495 1268 546 ιιι
1280 490 1402 563 locuples
1419 491 1470 543 fias
1485 496 1512 542 et
1530 489 1704 543 vestimentis
1716 489 1791 543 albis

153 572 948 647 dissolvebar.Undeobsecrosanctitatemtuanruldigne·
987 562 1123 643 induaris,
1136 574 1168 631 ut
1181 593 1236 631 non
1252 584 1387 649 appareat
1415 578 1538 631 conlusio
1566 577 1703 631 nuditatis
1729 583 1788 632 tuae

152 676 191 729 ris
208 672 405 727 tantummodo
426 670 649 723 dexteramtuam
661 684 746 738 super
761 668 854 720 oculos
870 684 946 721 meos
989 667 1259 735 (Apoc.1n).hururn
1274 667 1401 737 ergohoc
1416 665 1535 736 ignitum
1550 666 1699 737 probatum
1706 665 1788 720 Chri-

150 765 179 817 in
193 762 307 816 nomine
317 758 422 815 Christi
436 757 478 812 tui
496 758 651 828 imponere,
666 762 694 810 et
703 756 786 811 crede
796 756 869 826 quod
883 756 946 811 mo'x
988 758 1047 812 stus
1061 755 1196 810 Dominus
1210 761 1304 811 noster
1318 759 1369 809 est.
1383 742 1480 821 stan,
1496 742 1673 826 quivoluerit
1682 772 1749 809 enrn
1758 755 1786 809 in

150 867 277 904 meorum
291 846 431 902 luminum
446 846 515 899 visio
530 860 580 915 per
590 851 617 897 te
630 843 699 898 mihi
709 843 858 897 tribuatur.
869 844 947 897 Tunc
987 846 1051 899 sede
1066 845 1109 898 sui
1121 830 1788 915 pecterishabere,statimdivitiascoelestespro-

150 945 263 994 sanctus
290 937 432 1008 Epictetus
455 935 597 988 atlrnirans
626 934 710 1002 hujus
725 932 834 985 luminae
849 932 943 999 tidem,
986 934 1149 998 merebitur,
1162 940 1190 987 et
1200 934 1371 987 vestimentis
1382 933 1640 997 albisinduetur,id
1650 940 1704 1000 est,
1719 933 1784 1000 tide,

149 1029 293 1082 dexteram
308 1043 387 1080 suam
402 1024 588 1093 superoculos
603 1023 663 1091 ejus
673 1021 775 1091 posuit,
784 1021 944 1090 glorificans
987 1041 1034 1093 spe
1050 1030 1078 1077 et
1092 1023 1238 1087 charitate,
1252 1040 1300 1093 per
1311 1040 1380 1092 quas
1395 1023 1430 1075 de
1440 1022 1548 1092 relique
1562 1039 1617 1075 non
1632 1022 1709 1081 hunc
1722 1022 1785 1076 visi-

148 1117 261 1172 Domini
277 1115 441 1177 bonitatem,
459 1119 487 1166 et
508 1112 602 1165 dicens
617 1110 652 1163 ad
672 1127 752 1163 earn:
785 1110 944 1163 Secundum
985 1112 1069 1167 bilem
1077 1113 1340 1178 rnnndumtuntum,
1352 1112 1400 1191 sed
1408 1111 1687 1189 etdiabolum,quem
1696 1119 1786 1165 vosut

149 1206 221 1278 qued
234 1203 387 1267 credidisti,
401 1219 416 1255 ο
432 1202 499 1267 stlia,
515 1202 564 1253 liat
573 1199 634 1253 tibi.
646 1199 745 1254 Adhuc
759 1194 843 1253 verba
855 1196 885 1252 in
895 1198 944 1253 bre
985 1201 1129 1256 dominum
1139 1201 1239 1267 colitis,
1247 1216 1311 1256 cum
1317 1198 1454 1256 universis
1472 1200 1580 1270 angelis
1592 1201 1653 1272 ejus
1676 1201 1785 1271 poteris

148 1296 250 1353 Christi
266 1293 418 1347 sacerdotis
429 1289 618 1354 volvebantur,
636 1295 664 1342 et
673 1292 788 1359 repente
798 1288 943 1358 patefactis
985 1307 1127 1360 superare.
1145 1290 1216 1343 Nam
1246 1295 1274 1342 et
1298 1295 1378 1359 pater
1391 1296 1456 1342 tuus
1469 1289 1521 1343 iste
1538 1289 1585 1358 qui
1596 1288 1718 1355 videtur,
1731 1290 1781 1355 tili,

149 1385 238 1440 oculis
263 1382 365 1436 mulier
389 1382 484 1433 lumen
498 1378 613 1449 aspexit,
628 1378 752 1433 clamans
776 1381 805 1432 ot
824 1378 940 1433 diceus:
984 1395 1040 1451 non
1054 1386 1097 1434 est
1124 1395 1206 1433 verus
1229 1386 1316 1448 pater,
1333 1379 1381 1431 sed
1400 1377 1575 1448 omnipotens
1589 1377 1694 1432 dicitur
1709 1377 1785 1432 Deus

148 1473 243 1528 Gloria
257 1471 317 1537 tibi,
334 1470 408 1524 Deus
426 1468 660 1531 Christianorum,
680 1466 727 1536 qui
749 1482 805 1520 nen
822 1450 943 1535 despicis
982 1454 1152 1533 PatertuuS,
1168 1474 1196 1520 et
1210 1468 1271 1520 ideo
1285 1466 1786 1537 aeliusdiciturille,etallusistepro-

146 1568 306 1634 peccatores
330 1561 358 1614 in
383 1576 476 1614 errore
492 1558 605 1629 positos,
618 1556 667 1609 sed
682 1562 796 1626 propter
810 1572 942 1623 maguam
983 1555 1786 1625 nuntiaturllleoel:triamqueinvisibilisetinenurrabi·

146 1650 367 1705 misericordiam
381 1656 460 1702 tuam
472 1645 624 1717 suscipiset
634 1645 724 1697 salvas
739 1644 774 1697 ad
789 1650 816 1697 te
831 1660 942 1697 conver·
983 1644 1016 1697 lis
1027 1646 1130 1709 existit,
1147 1645 1192 1698 hic
1202 1663 1265 1699 vero
1282 1645 1396 1699 visibilis
1411 1650 1439 1698 et
1452 1644 1642 1715 corruptibilis
1660 1653 1715 1699 est.
1733 1646 1786 1700 Ille

143 1736 235 1797 'tentes
246 1756 285 1793 se.
302 1737 336 1792 Et
346 1752 410 1791 eum
420 1736 477 1790 haec
492 1735 616 1797 dixisset,
634 1739 729 1787 statim
742 1732 941 1786 cumuniversa
952 1713 974 1773 Β
984 1733 1272 1805 incomprehensibilis
1282 1738 1428 1805 permanet
1438 1737 1466 1788 et
1475 1734 1650 1799 immortalis,
1660 1734 1710 1788 hic
1719 1737 1784 1790 cor·

144 1820 227 1882 domo
241 1824 449 1882 suacrediditin
455 1823 734 1878 DeumSalvatorem.
752 1822 786 1875 Et
796 1821 863 1892 quia
872 1820 940 1874 satis
982 1822 1122 1893 ruptibilis
1133 1830 1161 1877 et
1170 1823 1297 1877 mortalis
1311 1822 1341 1877 in
1355 1823 1483 1877 omnibus
1494 1822 1580 1892 degit.
1589 1822 1785 1894 Perilliusigi-

142 1910 864 1987 longumest,sivelimusuniversamirabiliaqnaepei
875 1925 940 1964 eum
981 1918 1029 1966 tur
1043 1912 1280 1982 dispensationem
1288 1912 1561 1973 constantuniversa,
1570 1926 1621 1983 per
1627 1911 1784 1967 istiusvero

142 2006 279 2061 Dominus
288 2010 420 2076 operatus
431 2009 473 2057 est
484 2003 609 2056 studioso
617 2000 712 2054 lectori
722 2015 870 2070 exponere,
881 1998 940 2052 hac
981 2001 1187 2055 ordinationem
1200 2001 1268 2055 nihil
1282 2005 1430 2072 permanet
1442 2000 1607 2055 stabilitum.
1620 2000 1670 2055 Ille
1682 2001 1782 2072 jussit,

142 2095 255 2149 iuterim
268 2109 357 2166 pauca
366 2090 399 2147 de
414 2092 510 2146 multis
525 2091 554 2144 in
569 2097 732 2144 transcursu
743 2089 939 2159 perstrinxisse
982 2089 1110 2144 attactus
1124 2108 1168 2157 es3
1181 2090 1332 2151 mandavit,
1344 2096 1372 2144 et
1385 2090 1414 2143 in
1432 2095 1512 2143 utero
1528 2095 1626 2144 matris
1640 2089 1784 2145 fortnatrt's

141 2176 270 2239 sufficiat.
281 2182 433 2237 Nuncvero
443 2181 477 2234 ad
488 2180 662 2253 propositum
674 2195 743 2250 opus
753 2182 936 2231 revertamur.
981 2196 1010 2233 es
1020 2180 1170 2250 praecepit,
1187 2184 1216 2233 et
1230 2195 1360 2249 egressus
1376 2196 1423 2244 es,
1443 2178 1601 2250 imperavit,
1617 2185 1646 2233 et
1660 2177 1783 2234 adhunc

176 2274 241 2327 Cer.
258 2270 395 2326 V.-Una
405 2271 500 2340 itaque
516 2286 530 2322 e
545 2267 652 2331 diebus
665 2268 731 2320 dum
745 2267 859 2339 quidam
871 2266 938 2319 ado·
977 2267 1128 2340 Juvenilom
1148 2273 1259 2322 aetatem
1270 2266 1421 2338 perductus
1435 2266 1512 2321 esllt
1521 2266 1633 2336 quidem
1646 2267 1701 2322 iste
1715 2267 1782 2322 visi-

140 2360 246 2416 lescens
260 2360 381 2415 nimium
397 2358 513 2413 decorus
528 2358 615 2422 vultu,
641 2362 670 2410 et
681 2354 799 2426 pulcher
812 2360 936 2425 aspectu,
979 2354 1041 2410 bilis
1052 2355 1318 2426 paterhonorandus
1330 2362 1385 2421 est,
1393 2355 1442 2422 nli,
1453 2370 1508 2409 non
1521 2355 1699 2409 tamensicut
1708 2354 1758 2411 ille
1771 2375 1780 2423 ς

139 2448 238 2505 hstion
248 2450 372 2513 nornine,
382 2445 646 2516 visitationisgratia
655 2445 690 2497 ad
701 2459 765 2497 eum
782 2443 937 2497 devenisset
978 2462 1010 2498 eo
1026 2446 1100 2515 quod
1112 2446 1204 2499 illaad
1216 2446 1367 2514 imaginem
1376 2451 1404 2499 et
1412 2444 1625 2499 similitudinem
1636 2461 1719 2499 suam
1727 2460 1780 2500 nos

139 2544 223 2610 atque
231 2540 311 2609 juxta
325 2554 354 2591 se
361 2535 529 2590 eumsedere
539 2528 791 2603 beatuspr'esbyter
797 2537 932 2602 rogasset,
977 2534 1138 2589 condiditet
1147 2535 1780 2606 creavit,intellectumquoqueacprudentiam

139 2642 368 2698 penensmanum
380 2638 464 2695 super
473 2628 558 2694 caput
572 2624 641 2693 ejus,
655 2621 738 2692 coepit
752 2638 817 2674 eum
827 2619 936 2674 blandis
977 2624 1099 2689 donarit,
1112 2640 1225 2677 sensum
1236 2623 1409 2694 pervigilem,
1421 2623 1623 2677 etmemoriam
1636 2622 1778 2679 benorum

137 2713 544 2770 sermonibustaliteradfidcm
553 2709 811 2765 Dominicohortari
820 2709 914 2763 diceus
928 2728 933 2762 :
976 2712 1080 2766 habere
1091 2712 1236 2777 concessit,
1248 2718 1331 2782 atque
1349 2729 1433 2782 super
1449 2711 1543 2766 omnia
1558 2727 1644 2782 opera
1658 2726 1778 2767 suanos

138 2805 215 2870 Quis,
229 2788 332 2875 inquit,
348 2802 433 2867 estu,
451 2819 467 2856 ο
482 2801 641 2855 dulcissime
655 2799 704 2861 fili.
717 2804 749 2852 et
763 2799 837 2852 unde
848 2799 934 2861 venis,
977 2804 1122 2858 constitnit
1147 2804 1345 2867 dominatores,
1368 2821 1400 2857 ex
1420 2803 1506 2857 servis
1515 2802 1625 2856 infilios
1636 2803 1776 2858 ettmtrcs

139 2900 189 2948 aut
201 2909 255 2964 que
270 2880 359 2946 vadis?
367 2896 416 2945 aut
431 2892 510 2961 cujus
521 2890 595 2944 filius
606 2906 654 2943 seu
668 2888 826 2959 generissis
841 2887 935 2941 indica
977 2899 1061 2962 atilae
1075 2893 1180 2947 arnicos
1186 2910 1236 2946 nos
1244 2892 1296 2946 sibi
1307 2908 1357 2962 per
1367 2907 1447 2946 suam
1453 2893 1574 2961 gratiam
1585 2891 1777 2963 adoptatitmt

136 2982 217 3037 mihi.
229 2982 266 3036 ht
275 2982 323 3036 ille
339 2980 513 3053 respondens
527 2980 596 3033 dixit
606 2976 641 3032 ad
651 2994 713 3032 curn
725 2997 730 3030 :
741 2977 933 3046 Onm'nenrt'cl
975 2980 1037 3035 ideo
1052 2983 1126 3035 hunc
1135 2998 1232 3035 verum
1247 2987 1367 3051 patrem,
1391 2980 1438 3050 qui
1453 2979 1532 3034 nobis
1547 2986 1629 3034 tanta
1644 2981 1776 3051 praestitit

135 3086 225 3143 genus
236 3086 339 3134 meum,
357 3069 479 3141 qualiter
498 3068 666 3122 beatitudini
681 3074 737 3121 ture
752 3083 898 3137 exponam,
917 3043 1057 3136 oCbona,
1078 3086 1190 3141 semper
1213 3069 1349 3133 convenit,
1374 3069 1423 3135 sili,
1436 3085 1587 3139 agnoscere
1599 3076 1628 3123 et
1643 3069 1771 3124 adorare.

135 3156 297 3214 beatissime
313 3164 401 3231 pater,
421 3158 530 3229 ignoro.
548 3158 606 3210 Hoc
620 3174 686 3227 ergo
700 3156 774 3227 qued
789 3156 855 3219 scio,
871 3160 933 3208 tau·
973 3160 1045 3212 Nam
1072 3164 1101 3212 et
1114 3159 1168 3212 isto
1182 3158 1284 3212 visibili
1294 3158 1367 3229 patri
1383 3157 1418 3212 ad
1432 3159 1485 3211 hoe
1499 3162 1611 3212 tantum
1627 3158 1774 3213 honorent

135 3242 281 3304 'tummodo
292 3247 445 3303 breviteret
454 3247 482 3301 in
490 3253 654 3300 transcursu
666 3244 717 3299 tibi
727 3244 864 3299 indicabo.
877 3236 931 3297 Pu-
959 3246 1150 3311 deserendus,
1172 3246 1246 3317 qnod
1260 3247 1332 3301 servi
1350 3245 1538 3300 ministerium
1553 3261 1620 3316 erga
1635 3261 1688 3300 nos
1700 3262 1772 3318 sape

134 3342 179 3392 ter
193 3334 518 3409 mcus'primariusurbis
528 3333 931 3406 hujusetnimiumditissimus
973 3337 1098 3390 exercuit
1106 3337 1136 3391 in
1149 3353 1234 3407 parva
1249 3341 1330 3390 aetate
1347 3335 1522 3402 constitutos,
1547 3335 1713 3406 frequenter
1722 3351 1771 3390 nos

134 3425 269 3492 habetur;
285 3431 376 3480 mater
387 3442 452 3481 vero
461 3425 495 3479 de
507 3425 660 3479 illustrium
670 3439 773 3493 genere
785 3428 812 3475 et
826 3421 930 3476 Juliani
973 3426 1039 3478 dum
1052 3425 1137 3496 pavit,
1153 3425 1255 3496 sepius
1270 3425 1337 3478 dum
1353 3424 1486 3478 sollicitus
1500 3423 1554 3477 t'uit
1566 3423 1604 3477 ad
1617 3440 1653 3478 ea
1664 3441 1725 3495 quae
1732 3424 1772 3479 in·

135 3515 458 3577 senatorisexstititlilia,
477 3515 524 3584 qui
537 3529 582 3567 mc
592 3512 804 3583 quotidieqnasi
816 3509 931 3564 unicum
972 3514 1065 3568 fantiae
1080 3520 1181 3568 nostem
1196 3519 1277 3567 erant
1294 3513 1459 3578 necessarie,
1488 3512 1557 3566 dum
1581 3513 1708 3567 osculata
1730 3516 1772 3567 est

133 3605 237 3676 pignus
246 3622 278 3658 ac
292 3603 523 3674 pretiosissimam
532 3598 932 3672 inspiciuntmargaritam-Et
972 3620 1035 3658 caro
1055 3619 1116 3675 quse
1126 3603 1218 3656 carnis
1232 3602 1377 3667 sunt,dum
1385 3601 1600 3656 sollicitudinem
1608 3599 1770 3673 habuitpro

134 3700 247 3747 sanetus
267 3684 301 3745 ad
324 3693 399 3746 haec:
412 3690 488 3744 Bene
503 3691 606 3754 dixisti,
624 3690 663 3742 mi
686 3693 760 3749 nate,
776 3688 842 3759 quia
855 3687 932 3741 velut
971 3692 1124 3746 visceribus
1142 3692 1272 3763 propriis
1291 3693 1359 3745 Ecce
1385 3693 1481 3762 itaque
1493 3706 1544 3761 pro
1559 3690 1666 3746 talibus
1680 3690 1769 3746 causis

135 3781 317 3851 margaritam
327 3779 497 3851 inspiciunt,
513 3796 567 3832 non
584 3778 658 3832 enim
671 3779 729 3848 jam
742 3776 864 3844 habent;
882 3776 929 3829 sed
972 3782 1061 3835 honor
1074 3781 1099 3834 ei
1114 3780 1280 3834 deferendus
1298 3787 1351 3834 est.

134 3868 287 3940 inspiciunt
302 3867 506 3933 tantummodo,
533 3884 564 3921 eo
587 3867 660 3939 quod
676 3865 823 3919 benedicta
835 3866 931 3919 anima
1008 3871 1062 3924 Sed
1087 3875 1116 3923 et
1138 3877 1229 3923 mater
1250 3875 1346 3923 nostra
1357 3869 1413 3923 alia
1431 3868 1558 3935 habetur,
1571 3869 1621 3923 fili.
1634 3870 1698 3924 Non
1714 3868 1769 3925 hac

133 3952 931 4029 tuapretiosioromnimargaritaomniquemetallohabe·
971 3959 1097 4025 visibilis
1125 3959 1173 4012 sed
1187 3958 1353 4012 immertalis
1367 3963 1532 4029 permanet;
1558 3963 1587 4013 et
1603 3975 1667 4031 quae
1685 3959 1769 4030 digne

132 4052 181 4101 tur
190 4044 310 4111 Christo,
320 4060 403 4116 quam
411 4045 531 4116 sibiipse
545 4044 671 4100 Salvator
693 4049 789 4098 noster
813 4044 873 4113 jam
902 4043 930 4096 in
973 4048 1109 4102 Salvatori
1129 4054 1225 4102 nostro
1241 4054 1283 4102 est
1301 4048 1477 4118 desponsata,
1491 4054 1576 4117 atque
1589 4063 1643 4119 per
1655 4044 1769 4119 angelos

133 4152 216 4190 suum
229 4135 417 4189 ministerium
430 4140 457 4189 et
467 4132 500 4188 ad
510 4134 687 4188 serviendum
695 4133 788 4203 elegit,
797 4139 829 4186 ut
838 4131 927 4185 video.
971 4142 1014 4191 est
1027 4138 1173 4201 adornata,
1189 4152 1240 4207 por
1254 4137 1405 4208 prophetas
1412 4142 1553 4203 cremata,
1563 4150 1616 4207 per
1629 4137 1769 4208 apostolos

132 4225 204 4279 Veni
219 4240 296 4295 ergo,
307 4224 346 4278 mi
361 4229 436 4292 nate,
453 4228 481 4276 et
493 4239 593 4294 respue
606 4239 639 4276 ea
654 4238 716 4294 quse
726 4222 756 4276 in
766 4221 931 4275 mnnlohoc
970 4228 1193 4298 glorificata,per
1205 4233 1343 4298 martyres
1359 4231 1387 4279 et
1397 4224 1569 4281 confessores
1581 4225 1715 4291 exaltata,
1730 4230 1769 4280 at-

130 4314 280 4380 habentur,
296 4318 328 4367 ut
337 4312 649 4367 cumsanctisomnibus
660 4313 709 4365 illa
720 4311 750 4365 in
764 4310 859 4364 futuro
869 4326 931 4380 per·
972 4333 1025 4387 que
1034 4315 1064 4369 in
1077 4315 1198 4378 Christo,
1215 4322 1243 4369 et
1257 4331 1308 4386 per
1329 4313 1472 4369 Christum
1483 4313 1512 4367 in
1522 4314 1629 4367 coelesti
1645 4311 1768 4369 thalamo

132 4404 218 4475 cipias
233 4419 295 4474 quae
305 4402 350 4456 hic
364 4419 420 4456 non
434 4401 573 4456 videntur.
589 4400 646 4456 Ista
660 4401 734 4455 enim
759 4399 853 4453 emnia
871 4392 1014 4469 quaeDest
1024 4407 1139 4469 elevata,
1156 4422 1217 4476 quae
1231 4410 1259 4458 et
1270 4404 1304 4458 ab
1314 4402 1474 4457 hominibus
1493 4402 1552 4458 haec
1565 4409 1665 4458 sancta
1680 4409 1769 4458 mater
1802 4419 1820 4433 -

131 4492 177 4547 hic
183 4493 337 4557 intuentur,
346 4489 581 4546 transitoriasunt
591 4495 618 4543 et
626 4491 751 4562 peritura
761 4490 822 4553 ;illa
833 4494 928 4542 autem
969 4495 1091 4549 Ecclesia
1103 4494 1311 4566 pronuntiatur.
1328 4493 1415 4563 Cujus
1429 4509 1489 4559 vox,
1500 4497 1531 4546 ut
1545 4492 1667 4546 turturis
1680 4490 1769 4546 habe-
1795 4519 1820 4530 -

132 4582 284 4653 bucolicus
299 4580 351 4635 sibi
373 4576 557 4634 servientibus
578 4579 753 4650 praeparavit,
769 4577 928 4632 mallentin
968 4590 1024 4648 tur,
1036 4585 1070 4637 ad
1082 4580 1769 4654 cujuslabiadistillantaromata,scilicetapesto-
1786 4607 1820 4619 -

133 4676 279 4738 aternum,
292 4667 431 4742 quomodo
444 4674 472 4723 et
483 4669 680 4740 ipsemanetin
695 4674 841 4723 aeternum.
855 4669 927 4722 Nam
968 4671 1297 4742 lerumdoctrina.anus
1303 4671 1386 4736 oculi,
1396 4670 1451 4724 duo
1460 4668 1592 4724 suntcoali
1603 4668 1767 4725 luminaria!
1793 4666 1820 4719 Ξ

132 4774 232 4814 aurum
246 4760 307 4814 hoc.
324 4761 374 4827 lili,
388 4758 462 4830 quod
477 4758 595 4824 videtur,
612 4773 668 4811 non
684 4763 726 4811 est
751 4773 858 4822 verum,
879 4756 927 4809 sed
968 4765 1048 4833 enjus
1061 4763 1158 4816 dentes
1166 4767 1231 4815 sunt
1238 4758 1359 4825 candidi,
1372 4759 1486 4830 etqnasi
1496 4759 1606 4813 lavacro
1618 4758 1820 4815 ascenden-

133 4847 260 4917 quaedam
282 4849 391 4903 venitus
420 4852 462 4902 est
490 4845 653 4918 phantasia,
670 4862 721 4918 per
742 4863 826 4916 quam
838 4845 866 4898 in
876 4845 928 4898 hoc
968 4851 1013 4905 tis.
1030 4852 1119 4915 Quem
1138 4847 1820 4921 mysticumsensumvigintiquatuorlibritl.

133 4937 237 4989 mundo
251 4937 518 4991 illudunturanimse
525 4937 677 5006 justorum.
694 4934 830 4989 Similiter
844 4940 872 4988 et
886 4951 929 4987 ar·
970 4941 1158 4995 sacratissima
1181 4937 1286 4992 hebent
1302 4938 1331 4991 in
1355 4937 1457 5008 figura.
1471 4936 1613 5006 De‘cujus
1637 4934 1801 4991 mandra&

129 5033 246 5093 gentum
264 5024 337 5097 quod
353 5024 412 5079 istis
427 5025 514 5079 oculis
529 5023 662 5090 cernitur,
676 5023 778 5077 falsum
804 5023 929 5094 possidet
969 5029 1057 5083 stillat
1070 5027 1269 5101 myrrhaquod
1280 5033 1322 5081 est
1340 5025 1451 5096 justitia
1459 5029 1487 5078 et
1498 5025 1567 5079 fides
1582 5041 1660 5079 vera.
1682 5026 1785 5097 Cujus

128 5113 244 5177 nomen,
256 5114 330 5183 quod
345 5113 380 5166 ab
395 5113 523 5168 omnibus
529 5113 684 5167 fabricatur
694 5112 849 5180 etlimatur,
861 5118 925 5166 tan·
968 5119 1064 5172 decem
1074 5118 1165 5188 digiti,
1179 5116 1305 5185 decalogi
1315 5115 1447 5169 virtutem
1462 5113 1608 5168 continent
1619 5120 1651 5168 et
1674 5130 1782 5170 sacra-

130 5196 277 5254 tummodo
290 5207 321 5255 ut
331 5201 451 5272 decipiat
465 5219 579 5273 rapaces
587 5208 615 5256 et
627 5201 925 5272 suadeatinsipientes,
968 5214 1045 5261 ment
1054 5225 1110 5261 um.
1119 5206 1216 5277 Cujusi
1230 5205 1317 5259 ubera
1331 5203 1386 5257 duo
1402 5208 1470 5257 sunt
1484 5202 1677 5270 Testamenta,
1688 5202 1768 5276 bloy-

130 5290 201 5343 Veni
217 5306 291 5360 ergo,
319 5295 347 5342 et
371 5290 437 5343 audi
455 5307 509 5353 me,
527 5291 566 5344 sili
580 5291 749 5358 dulcissime,
766 5296 795 5344 et
810 5307 860 5360 ege
874 5289 925 5344 tibi
968 5297 1041 5351 saica
1057 5295 1227 5355 scilicetlox,
1256 5300 1285 5348 et
1296 5292 1440 5363 Evangelii
1456 5291 1557 5362 gratia.
1574 5292 1665 5364 Oujus
1680 5293 1768 5367 pedes

131 5378 247 5433 ostendo
262 5378 343 5450 quale
356 5394 458 5431 aarum
472 5378 522 5431 tibi
534 5384 576 5432 est
588 5380 757 5449 eligendum,
779 5380 820 5432 vel
844 5379 925 5449 quale
967 5387 1073 5439 similes
1094 5390 1160 5439 sunt
1187 5383 1360 5449 auxietatem
1378 5383 1458 5451 cujus
1472 5387 1571 5436 venter
1586 5387 1616 5436 et
1630 5382 1766 5439 interiore

130 5456 280 5538 argentum
299 5469 337 5522 sit
349 5467 609 5538 concupiscendum,
635 5468 705 5523 illud
727 5467 832 5523 scilicet
852 5470 926 5539 quod
968 5470 1260 5525 sacratissimifontem
1268 5466 1571 5538 Baptismictomnium
1581 5466 1765 5538 gentiumde·

127 5558 265 5615 Dominus
277 5563 373 5613 noster
387 5563 471 5628 atque
482 5557 609 5612 Salvator
617 5557 681 5613 inse
690 5558 926 5616 credentibusim·
968 5549 1078 5616 clarent
1101 5557 1353 5632 regenerationem.
1370 5554 1440 5611 Veni
1455 5568 1532 5630 ergo,
1549 5553 1716 5613 dulcissime
1728 5559 1767 5616 mi
