3818 6120
93 256 149 314 2‘29
473 251 559 308 VITA
579 254 708 310 SANCTI
728 256 905 310 PACHOMlI
924 255 1076 313 ABBATIS
1095 258 1360 317 TABENNENSIS.
1684 275 1738 335 230

92 385 207 448 cietate,
223 399 280 437 nen
295 385 355 435 tam
365 380 492 434 locorum
508 397 592 451 quam
608 398 719 434 ntorum
727 380 956 436 dissimilitudine
966 382 1132 437 dividamur.
1145 385 1202 438 Nec
1213 385 1341 441 videatur
1348 389 1470 460 cuipiam
1479 394 1592 461 mirum,
1605 402 1678 469 quod
1686 404 1736 459 hu.

89 474 217 545 jusmodi
235 477 328 544 pestes
344 469 380 538 a)
394 469 479 540 justis
492 469 653 523 hominibus
668 472 860 541 adversentur,
878 473 989 553 quando
999 473 1073 542 pleni
1084 473 1165 533 dolis,
1180 473 1254 543 pleni
1268 476 1384 531 tallaciis
1399 479 1451 533 sibi
1468 499 1579 554 quoque
1595 505 1651 542 non
1670 509 1736 562 par.

90 569 168 631 cant,
184 569 211 617 et
225 578 320 616 secum
334 560 388 631 ipsi
402 560 567 630 plerumque
582 560 758 615 dissentiant.
775 563 856 617 Tales
868 566 999 631 expeti-us
1008 561 1050 613 vir
1063 560 1161 615 beatus
1172 569 1256 633 atque
1270 565 1407 634 gloriosus
1417 572 1528 638 genitor
1536 581 1626 630 vester
1638 577 1673 642 (3)
1683 582 1737 635 Do-

90 654 188 706 minus
202 668 291 715 rseus,
310 666 366 704 non
379 649 468 703 solum
483 648 623 718 patienter
637 665 669 701 ac
684 649 794 703 sortiter
807 649 1003 703 insectationes
1017 666 1115 703 eorum
1130 667 1188 703 servi
1192 668 1242 720 per
1256 669 1305 721 pro
1315 656 1426 722 justitia
1440 663 1564 728 pertulit,
1584 667 1631 719 sed
1651 669 1736 726 etiam

59 732 70 747 '
87 743 172 810 [apice
188 743 243 809 fine
257 757 307 811 pro
319 738 437 807 veritate
453 738 528 819 (quae
536 737 665 804 Christus
679 743 731 806 est)
746 744 909 801 constanter
919 744 1003 808 atque
1018 738 1174 794 sublimiter
1186 740 1271 794 totius
1284 744 1381 796 mundi
1396 747 1512 803 adversa
1522 757 1673 822 superavit.
1683 760 1733 813 Cu·

86 834 135 903 jps
150 830 303 902 perfectam
316 829 380 887 vitae
400 827 527 897 regulam
543 832 705 891 sauctorum
720 827 829 881 meritis
840 827 1044 898 propemodum
1059 830 1350 885 consonantemuimis
1360 841 1459 905 exopto
1469 840 1735 907 perlectorumvivu-

87 940 153 991 uim
167 921 252 983 <locta
262 925 346 989 atque
360 916 481 986 iucunda
493 916 620 981 oratione
635 916 781 985 perscribi,
792 923 824 970 ut
837 922 917 981 tanta
932 916 1070 973 claritudo
1084 916 1169 971 vestri
1183 919 1304 986 generis,
1317 926 1483 994 tantumque
1499 928 1583 984 decus
1595 950 1627 985 ex
1640 935 1735 1005 aliqua

78 1016 224 1079 meatur
238 1012 328 1080 parte,
344 1011 373 1061 et
386 1006 474 1075 virtus
483 1004 651 1069 admiranda
661 1004 712 1058 viri
721 1006 764 1059 vix
776 1004 899 1075 antiquis
912 1004 1040 1069 etlabilis,
1056 1022 1116 1075 quae
1127 1005 1238 1062 favente
1250 1007 1361 1063 Oluisto
1372 1028 1390 1065 a
1398 1012 1475 1068 vobis
1486 1016 1663 1076 tiaereditario
1670 1024 1734 1094 jure

86 1099 243 1173 perficitur,
259 1095 387 1160 lectionis
402 1093 492 1147 officio
511 1092 632 1164 posteris
646 1092 803 1156 intimetur.

556 1319 889 1507 Decioque
948 1320 1252 1456 auctoris.

118 1559 260 1623 Dominus
266 1566 600 1634 nosterlesusOhristus,
612 1566 757 1638 sapientiae
769 1567 841 1633 fons,
853 1572 882 1622 et
890 1556 1015 1625 scientie
1029 1587 1125 1626 verum
1137 1572 1242 1633 lumen,
1259 1584 1413 1639 verumque
1425 1568 1477 1622 Dei
1491 1567 1580 1638 patris
1599 1563 1732 1634 Verbum,

84 1664 134 1718 per
140 1653 219 1720 quod
227 1653 373 1709 factasunt
380 1657 484 1720 omnia,
493 1657 584 1710 sciens
593 1657 789 1711 infirmitatem
801 1663 926 1712 nostram
937 1659 971 1712 ad
981 1666 1096 1730 peecata
1105 1677 1222 1732 pronam
1232 1666 1316 1735 atque
1326 1657 1507 1729 praecipitem,
1514 1656 1594 1726 plura
1603 1655 1675 1710 circa
1683 1673 1734 1710 nos

83 1739 212 1794 remedia
225 1758 283 1796 sue
298 1744 410 1814 pietatis
423 1745 555 1799 ostendit.
567 1745 710 1799 Abraham
719 1763 840 1816 namque
853 1752 1045 1816 paternoster,
1058 1765 1122 1802 cum
1133 1748 1232 1801 divinis
1245 1746 1330 1818 jussis
1338 1746 1543 1816 obtemperans,
1552 1745 1641 1798 silium
1651 1761 1734 1798 suum

82 1827 200 1884 efferret
213 1832 244 1884 in
257 1833 402 1897 sacrificio,
416 1834 521 1904 placuit
531 1835 598 1901 Deo,
609 1840 639 1888 et
648 1835 749 1889 merito
760 1836 933 1890 lideimoxet
946 1837 1086 1891 haeredem
1097 1838 1202 1907 recepit
1212 1842 1240 1890 et
1250 1835 1396 1906 praemium
1408 1834 1483 1901 (Gen.
1495 1842 1572 1895 xxu).
1585 1833 1637 1887 Oui
1647 1833 1733 1887 etiam

83 1931 133 1986 per
147 1921 334 1990 semetipsum
344 1922 419 1976 Deus
425 1911 541 1992 juravit,
557 1924 653 1977 dicens
665 1942 670 1975 :
683 1924 743 1978 Nisi
752 1924 920 1978 benedicens
937 1924 1104 1980 benedixero
1118 1931 1157 1989 te,
1174 1931 1202 1980 et
1218 1925 1406 1995 multiplicans
1417 1921 1608 1993 multiplicabo
1623 1927 1651 1976 tc
1661 1923 1734 1978 sicut
1782 1908 1786 1913 ⁴

82 2005 178 2059 stellas
193 2008 257 2062 coeli
268 2009 298 2063 in
312 2010 533 2077 multitudinem,
549 2018 577 2065 et
588 2012 660 2066 sicut
674 2029 789 2066 arenam
805 2030 866 2083 quae
880 2019 923 2068 est
936 2014 970 2068 ad
982 2031 1061 2068 eram
1075 2014 1161 2068 maris
1171 2012 1394 2068 innumerabilis,
1405 2013 1439 2065 Et
1450 2012 1569 2065 iterum:
1586 2012 1617 2065 ln
1628 2011 1733 2065 semine

79 2099 129 2148 tuo
145 2093 349 2153 benedicentur
362 2116 459 2154 omnes
464 2107 563 2171 gentes
570 2107 652 2156 terrae
665 2102 768 2167 (laid).
785 2103 825 2156 De
840 2120 895 2172 quo
905 2103 1012 2157 semine
1023 2102 1171 2156 manifeste
1191 2119 1242 2156 nos
1257 2102 1354 2155 edocet
1367 2101 1526 2171 Apostolus,
1539 2099 1650 2154 dicens:
1670 2101 1733 2154 Non

79 2182 150 2238 dicit
161 2190 192 2238 et
202 2187 365 2254 seminibus,
382 2191 462 2259 quasi
475 2190 505 2243 in
520 2190 626 2255 multis,
643 2191 692 2244 sed
708 2191 787 2261 quasi
797 2191 827 2244 in
837 2207 903 2256 uno,
921 2196 950 2245 et
961 2191 1061 2245 semini
1077 2198 1135 2257 tuo,
1152 2191 1226 2261 (quod
1245 2196 1288 2244 est
1302 2189 1431 2244 Christus
1451 2188 1521 2258 (Gal.
1548 2193 1601 2256 111).
1628 2188 1732 2244 Omnes

80 2272 272 2333 eiamsancti
290 2277 442 2349 propheta,
463 2284 548 2333 anta
561 2279 661 2333 salutis
675 2293 809 2333 arcanum
824 2280 964 2335 revelante
987 2280 1091 2351 Spiritu
1108 2285 1214 2344 sancto,
1230 2278 1423 2350 praevidentes
1443 2277 1619 2347 scientesque
1642 2276 1732 2332 Deum

81 2363 159 2417 nullo
172 2365 259 2418 modo
270 2383 351 2436 posse
365 2368 488 2433 mentiri,
496 2369 531 2422 ad
545 2368 685 2422 sanandos
700 2370 849 2439 languores
863 2373 974 2445 nostros
989 2369 1130 2423 coelestem
1145 2366 1285 2422 medicum
1305 2365 1474 2421 nuntiabant
1488 2382 1549 2434 esse
1570 2371 1730 2432 venturum,
1830 2392 1836 2401 ·

33 2487 39 2500 ·
80 2455 166 2522 atque
181 2459 215 2506 nt
228 2455 312 2508 celeri
327 2457 477 2526 praesentia
487 2473 539 2510 sua
549 2458 853 2528 prospicerethumano
864 2457 972 2528 generi,
984 2457 1117 2512 continua
1130 2457 1332 2529 supplicatione
1344 2455 1504 2526 poscebant.
1521 2457 1558 2509 At
1571 2456 1731 2512 misericors

81 2539 224 2612 Deus,qui
238 2543 284 2613 pia
299 2551 363 2598 vota
373 2561 484 2616 semper
493 2546 832 2617 antevenitmecunquam
846 2546 1005 2600 deseriteos
1018 2547 1170 2616 quisetoto
1183 2546 1265 2600 corde
1276 2544 1446 2621 quaesierint,
1458 2544 1656 2614 promissiones
1666 2562 1731 2601 suas

81 2629 242 2684 novissimis
255 2632 354 2686 diebus
368 2634 504 2705 implevit,
522 2635 636 2688 mittens
651 2635 753 2689 Filium
768 2651 852 2689 suum
862 2641 959 2689 natum
970 2653 1003 2688 ex
1015 2635 1140 2702 muliere,
1151 2635 1254 2689 facturn
1265 2635 1393 2703 sublege,
1412 2639 1501 2709 με)
1510 2633 1557 2703 qui
1566 2651 1617 2704 pro
1627 2634 1731 2688 simili-

81 2717 179 2775 tudine
194 2721 376 2796 mortalitatis
390 2729 492 2777 nostrae
506 2740 591 2777 carne
605 2728 758 2796 pateretur,
777 2738 897 2794 eumque
913 2724 962 2793 qui
986 2723 1108 2778 habebat
1121 2725 1220 2778 mertis
1236 2724 1385 2794 imperium
1402 2715 1454 2776 sua
1468 2727 1559 2776 morte
1574 2723 1732 2778 destrueret

81 2806 170 2875 (debr.
184 2812 230 2876 ιι),
243 2810 369 2881 Denique
379 2812 526 2866 divinitate
542 2830 593 2867 sua
599 2829 716 2867 manens
728 2812 916 2883 impassibilis,
932 2814 1136 2884 acorruptione
1146 2819 1231 2884 atque
1240 2813 1356 2867 interitu
1366 2828 1417 2865 nos
1427 2812 1556 2871 redemit,
1569 2818 1597 2866 et
1607 2813 1732 2869 avincu-

80 2895 113 2950 lis
123 2896 247 2959 absolvit
257 2899 453 2955 insolubilibus
462 2901 616 2957 interorum
629 2921 635 2968 ς
650 2903 828 2974 perfectaque
843 2901 1051 2974 dispensatione
1063 2908 1166 2956 nostrae
1176 2901 1386 2972 redemptionis,
1399 2900 1529 2954 omnibus
1542 2901 1673 2971 gentibus
1681 2919 1732 2973 per

81 2985 224 3051 lavacrum
239 2989 462 3058 regenerationis
477 2997 653 3061 peccatorum
664 2991 868 3060 indulgentiam
876 2991 1003 3056 contulit,
1016 2998 1186 3062 cunctosque
1197 2991 1232 3044 ad
1243 3007 1338 3043 veram
1347 2990 1432 3043 iidem
1439 3008 1490 3063 per
1499 2991 1656 3044 doctrinam
1667 3008 1731 3062 apo-

81 3076 207 3133 stolicam
225 3078 407 3144 confluentes,
421 3081 502 3148 juxta
515 3080 585 3134 illud
600 3079 675 3150 quod
685 3080 714 3133 in
729 3079 880 3149 Evangelio
892 3079 941 3142 ait,
954 3080 1058 3134 Euntes
1071 3080 1168 3133 docete
1177 3096 1273 3132 omnes
1287 3085 1395 3148 genteS,
1406 3078 1581 3149 baptizantes
1590 3080 1673 3133 cosin
1683 3097 1732 3135 no·
1758 3150 1762 3157 .

82 3165 155 3220 mine
168 3165 276 3231 Patris,
288 3172 317 3221 et
326 3167 399 3233 Filii,
409 3173 437 3222 et
448 3168 570 3239 Spiritus
580 3168 669 3223 sancti
681 3170 787 3236 (Multis.
804 3175 912 3237 xxviii),
923 3167 1037 3238 gremiis
1051 3168 1167 3222 infinitae
1184 3167 1296 3239 pictatis
1308 3183 1364 3221 suae
1376 3168 1521 3238 amplexus
1535 3172 1586 3221 est.

114 3255 209 3325 igitur
224 3274 289 3312 cum
303 3274 355 3328 per
367 3258 527 3312 universam
540 3265 648 3313 terram
663 3258 806 3329 Evangelii
823 3256 964 3330 praeconia
977 3261 1166 3322 coruscarent,
1190 3262 1218 3310 et
1232 3257 1327 3326 plures
1352 3257 1381 3309 in
1405 3257 1584 3328 adoptionem
1608 3257 1732 3312 liliorum

83 3359 133 3413 per
144 3347 269 3415 genuam
283 3346 390 3401 Christi
405 3354 612 3413 concurrerent,
630 3348 761 3402 inimicus
775 3346 891 3401 humani
906 3345 1018 3416 generis
1035 3346 1213 3399 vehementer
1232 3345 1350 3411 exarsit3
1362 3346 1507 3416 multoque
1521 3344 1661 3399 severiora
1672 3352 1732 3400 ten-

84 3433 226 3489 tationum
241 3435 348 3506 praeha,
362 3451 446 3506 quarn
458 3436 536 3506 prius
550 3436 638 3490 servis
652 3437 703 3491 Dei
716 3436 893 3500 excitaverat,
908 3433 986 3488 nisus
1001 3438 1044 3486 est
1060 3450 1249 3500 commovere;
1267 3433 1424 3504 suspicatus
1440 3432 1534 3487 infelix
1550 3434 1623 3503 quod
1638 3439 1732 3504 posset

83 3521 162 3580 nobis
177 3524 233 3577 iter
248 3524 429 3594 indulgentie
444 3525 564 3579 caelestis
578 3524 734 3579 obstruere.
749 3524 802 3581 Sed
817 3525 869 3577 hac
883 3524 944 3594 ipsa
960 3523 1115 3577 intentione
1135 3539 1186 3576 sua
1201 3522 1333 3594 deceptus
1348 3528 1391 3576 est
1415 3528 1443 3576 et
1466 3523 1559 3576 elisus,
1583 3522 1730 3592 Adjutorio

85 3626 208 3683 namque
221 3613 310 3668 divini
326 3614 461 3675 muneris
479 3630 496 3666 a
510 3612 639 3666 fidelibus
654 3619 682 3667 et
696 3613 876 3682 vigilantibus
889 3612 990 3666 virium
1006 3612 1067 3681 eius
1080 3616 1262 3682 proteruntur
1276 3611 1394 3677 insidiae,
1411 3616 1443 3664 ut
1464 3611 1517 3681 ipsi
1531 3600 1644 3681 quidem
1664 3628 1730 3665 con-

84 3699 164 3767 lusio,
179 3701 295 3756 famulis
309 3708 404 3756 aunem
418 3699 523 3756 Christi
542 3701 674 3773 perennis
701 3701 793 3771 gloria
819 3706 1005 3771 corriperetur.
1032 3701 1104 3754 Nam
1124 3701 1205 3771 juxta
1230 3700 1341 3755 Domini
1365 3700 1588 3771 permissionem,
1613 3701 1731 3767 eumad

85 3805 202 3846 examen
216 3792 360 3861 patientie
374 3808 406 3845 ac
419 3791 484 3845 fidei
503 3807 600 3844 eorum
617 3790 665 3861 qui
679 3789 837 3861 spiritualia
857 3788 929 3844 bella
953 3790 1108 3860 prudenter
1130 3797 1268 3853 exercent,
1294 3790 1396 3860 pagani
1420 3789 1607 3863 imperatores
1630 3789 1732 3844 existe-

84 3886 155 3946 rent,
170 3886 202 3934 et
216 3879 320 3952 ubique
334 3885 433 3935 cantia
454 3879 628 3935 Christianos
652 3879 856 3950 persecutionis
885 3878 1007 3949 procella
1029 3878 1192 3943 desevirem
1219 3878 1299 3932 multi
1321 3878 1395 3948 apud
1417 3879 1567 3949 AEgyptum
1594 3884 1732 3951 martyres

86 3968 173 4023 nacti
184 3984 238 4039 per
256 3969 334 4023 varia
352 3969 489 4040 supplicia
506 3968 642 4039 usquead
661 3973 781 4022 mortem
800 3967 829 4022 in
842 3966 946 4021 Christi
962 3968 1075 4021 nomine
1091 3968 1285 4038 perstiterunt,
1299 3972 1328 4021 et
1342 3968 1426 4021 simul
1441 3984 1505 4023 cum
1522 3969 1732 4023 PetroAlexan·

84 4055 171 4115 Dino
183 4057 307 4112 danaus
317 4058 456 4129 episcopo,
469 4064 619 4129 perpetuas
631 4073 749 4111 coronas
760 4061 789 4109 et
802 4056 974 4109 immortalia
983 4056 1099 4127 praemia
1114 4062 1181 4110 sunt
1195 4056 1298 4127 adepti.

119 4147 272 4203 Grembat
285 4153 381 4202 autem
394 4150 424 4201 in
439 4148 499 4202 dies
513 4146 639 4201 sideham
652 4145 813 4211 multitudo,
825 4150 855 4198 et
873 4161 924 4216 per
938 4146 1031 4199 omnia
1043 4145 1105 4219 loca
1118 4145 1285 4199 mirabiliter
1295 4143 1468 4217 augebatur;
1484 4163 1600 4200 necnon
1610 4147 1732 4201 ecclesie

85 4251 169 4306 quam
181 4236 314 4307 piurima
326 4242 356 4290 et
375 4243 533 4307 martyrum
555 4235 697 4289 memorie
719 4233 956 4288 construebantur
978 4233 1149 4304 impensius3
1180 4233 1351 4287 monasteria
1372 4251 1483 4304 quoque
1504 4234 1732 4304 frequentissima

86 4340 184 4388 mm
206 4322 257 4399 qui
279 4325 459 4380 continentiae
487 4324 641 4389 studentes,
669 4322 904 4376 renuntiaverunt
926 4323 1036 4386 saeculo,
1057 4322 1217 4376 solitudinis
1241 4323 1329 4393 ipsius
1352 4329 1460 4376 secreta
1492 4322 1670 4376 decorabant.
1695 4323 1730 4377 Hi

85 4415 267 4486 nmquequi
278 4415 313 4470 de
327 4413 458 4485 gentibus
471 4413 501 4467 in
513 4413 628 4468 Christo
639 4413 825 4478 crediderant,
842 4410 1050 4466 considerantes
1064 4417 1221 4483 martyrum
1243 4412 1395 4483 passiones,
1419 4428 1572 4482 eorumque
1590 4411 1731 4466 sincerum

86 4503 157 4559 aaa
168 4503 319 4559 Christian
331 4502 516 4559 consessionis
530 4502 670 4567 affectum,
688 4507 833 4572 coeperunt
845 4506 874 4555 et
886 4499 940 4571 ipsi
953 4517 1004 4570 per
1017 4499 1137 4569 gratiam
1160 4500 1272 4554 Domini
1292 4506 1453 4554 sanctorum
1477 4500 1564 4554 vitum
1584 4517 1731 4555 conversa·

86 4591 249 4663 tionemque
262 4591 374 4657 sectari,
388 4597 418 4645 et
431 4591 516 4661 hujus
527 4589 713 4644 institutionis
725 4606 794 4656 esse,
812 4595 844 4643 ut
858 4590 943 4644 etiam
957 4589 1002 4644 bis
1020 4589 1090 4643 illud
1103 4594 1248 4660 aptaretur
1261 4590 1405 4661 Apostoli:
1424 4588 1601 4644 Circuierunt
1622 4589 1651 4643 in
1671 4605 1731 4642 me·
1837 4588 1844 4600 '

86 4679 202 4741 latisin
216 4680 336 4752 pellibus
345 4679 477 4751 caprinis,
495 4684 618 4749 egentes,
635 4678 798 4748 angustiati,
819 4677 926 4759 ailliqtp,
943 4679 1043 4755 quibus
1057 4695 1114 4732 non
1126 4683 1188 4732 erat
1205 4679 1306 4750 dignus
1329 4677 1460 4742 mundus,
1485 4678 1515 4731 in
1534 4677 1732 4733 solitudinibus

87 4776 216 4825 mutes
230 4775 260 4824 et
272 4768 424 4834 montibus,
440 4768 470 4822 in
482 4767 622 4839 speluncis
637 4771 665 4821 et
679 4766 806 4821 cavernis
818 4771 901 4821 terrae
917 4768 1006 4837 (Heba.
1022 4770 1070 4839 xv).
1085 4768 1212 4832 Quietem
1232 4768 1351 4838 denique
1375 4767 1533 4827 solitudinis
1557 4770 1731 4840 appetentes,

88 4861 190 4931 gaudia
201 4859 322 4932 proprie
335 4856 435 4921 salutis
448 4873 482 4911 ac
492 4856 560 4910 adsi
572 4855 666 4910 divino
682 4872 799 4910 munere
813 4862 880 4911 sunt
893 4857 1043 4921 consecuti,
1060 4857 1224 4928 caeterisque
1239 4873 1302 4910 rnox
1326 4855 1453 4925 exempla
1475 4853 1646 4911 sublimioris
1669 4856 1732 4910 vitae

86 4949 302 5018 nuntiari-sque
313 4945 502 5017 praebuerunt.
519 4943 656 4999 Omnibus
664 4945 740 4999 enim
750 4945 874 5005 terrenis
893 4946 967 5000 exuti
982 4945 1111 5017 negotiis,
1126 4945 1217 4999 adhuc
1226 4948 1369 4998 morantes
1383 4943 1412 4998 in
1426 4961 1551 5016 corpore,
1568 4946 1734 5016 angelorum

85 5038 207 5095 mutati
220 5036 492 5093 snutsantstitstem:
506 5050 559 5105 per
573 5050 657 5104 quam
667 5033 783 5103 tastigia
797 5034 962 5089 scandentes
973 5035 1047 5089 celsa
1056 5035 1202 5100 virtutum,
1213 5032 1288 5087 ultra
1295 5033 1513 5088 admirationem
1523 5035 1649 5090 enituere
1659 5051 1735 5090 mev-

85 5129 193 5191 tntum,
210 5128 254 5182 ita
268 5131 300 5181 ut
314 5125 342 5180 in
357 5124 435 5179 nullo
450 5138 566 5194 prorsus
580 5121 782 5192 antiquissimis
795 5122 926 5178 Patribus
937 5123 1083 5177 inferiores
1099 5122 1268 5176 existerent:
1286 5114 1493 5192 aequiparantes
1509 5124 1595 5178 etiam
1618 5108 1732 5180 illorum

86 5218 188 5273 urite
201 5216 252 5289 qui
266 5232 317 5287 pro
331 5214 444 5269 nomine
453 5213 557 5268 Christi
570 5213 637 5266 lesu
651 5211 762 5265 Domini
775 5213 865 5266 nostri
878 5217 1056 5267 certaverunt
1067 5227 1155 5282 usque
1168 5210 1203 5264 ad
1216 5210 1393 5282 sanguinem,
1410 5212 1591 5267 invisibilium
1607 5213 1732 5268 hostium

87 5307 233 5361 melimine
242 5306 431 5368 destruentes,
440 5300 589 5373 dequibus
597 5300 639 5354 ait
648 5301 812 5371 Apostolus:
824 5302 887 5355 Non
895 5301 1024 5356 estnobis
1035 5300 1334 5355 colluctatioadversus
1344 5303 1673 5372 carncmetsanguinem,
1683 5302 1733 5356 sed

89 5396 221 5451 dvm
230 5394 409 5466 pincipatus
418 5397 448 5445 et
457 5397 619 5462 potestates.
632 5394 729 5442 contra
739 5389 836 5443 mundi
850 5397 972 5445 rectores
980 5389 1162 5445 tenebrarum
1173 5391 1284 5457 barum,
1302 5398 1400 5445 contra
1415 5391 1552 5462 spiritalia
1562 5390 1692 5463 nequitiae
1702 5391 1732 5445 in

89 5484 246 5541 missibus
260 5484 366 5552 (apua.
382 5484 431 5544 vr).
443 5481 572 5545 Quorum
587 5478 772 5532 multiformes
784 5485 971 5549 praecaventes
986 5479 1122 5538 incursus.
1138 5486 1165 5534 et
1178 5486 1262 5551 caput
1277 5481 1414 5552 serpentis
1424 5480 1532 5550 antiqui
1546 5466 1655 5533 fortiter
1664 5494 1730 5532 con-

73 5580 222 5641 tuentes,
237 5571 418 5644 sempiternis
431 5570 554 5642 praemiis
568 5575 634 5624 sunt
648 5568 739 5641 potiti,
755 5569 790 5622 de
802 5569 902 5640 quibus
913 5568 1047 5638 scripturn
1062 5575 1117 5622 est:
1129 5568 1208 5632 Quod
1223 5569 1320 5623 oculus
1335 5586 1391 5623 non
1404 5569 1481 5632 vidit,
1500 5584 1550 5621 nec
1560 5567 1636 5642 auris
1650 5564 1731 5619 audi·
1827 5562 1834 5583 ⁸

88 5665 134 5736 vit,
146 5680 204 5720 aec
217 5661 249 5717 in
257 5659 442 5723 carheminis
455 5657 659 5730 ascenditque
672 5656 839 5730 preparavit
852 5657 929 5714 Deus
937 5656 1118 5728 diligentibus
1130 5673 1161 5712 se
1178 5659 1242 5727 tlte.
1257 5670 1337 5725 tx1v3
1352 5659 1368 5713 1
1381 5657 1441 5713 Gor.
1457 5659 1500 5723 ιι).
