3818 6120
134 256 186 321 281
406 352 410 365 Ι
654 272 739 327 Vl'I'A
758 272 887 328 SANGTl
906 271 1065 328 ABRAHAE
1083 271 1261 327 EREMlTAE.
1549 295 1553 307 ·
1720 267 1773 327 282

133 398 202 446 tum
217 392 306 448 laxius
325 393 365 448 ire.
389 394 613 465 permittebatur,
628 395 694 465 fuga
715 397 768 451 sibi
789 397 1037 458 consulereAride
1050 415 1083 451 ea
1094 398 1246 468 quaestione
1254 396 1365 467 egregie
1375 395 1565 467 disputantem
1575 399 1670 449 utrum
1682 395 1774 449 cultus

133 464 263 536 cupiens,
287 466 399 520 avolare
422 465 572 520 nitebatur.
593 469 630 520 At
648 484 718 537 puer
741 469 819 522 silum
848 486 934 523 manu
976 470 1170 541 exsequiarum
1186 469 1323 522 defunctis
1335 468 1452 538 prosint.

133 538 247 597 tenens,
264 542 413 591 retractam
429 537 561 609 usquead
573 554 602 591 se
617 537 774 608 dejiciebat,
789 541 878 594 ethoc
893 541 935 594 in·
1010 541 1101 611 Atque
1120 541 1155 594 ad
1171 541 1271 594 horum
1291 546 1450 592 sanctorum
1476 539 1620 592 doctorum
1636 543 1770 603 mentem,

155 622 208 660 ens
219 608 352 678 gaudium
370 609 409 661 illi
424 616 494 662 erat.
510 608 626 662 Factum
642 616 684 662 cst
704 610 729 663 id
750 611 932 681 frequentius.
976 627 1055 666 mens
1071 629 1181 683 quoque
1198 611 1339 665 Pachomii
1354 609 1508 663 revocanda
1530 615 1582 662 est.
1605 609 1665 661 lluc
1686 609 1773 663 etiarn

132 621 216 741 {uod
233 687 312 749 pater
339 680 485 750 aspiciens,
503 680 611 733 miserie
627 680 769 734 condoluit
783 682 836 743 ari,
853 699 884 736 ac
904 688 936 736 ut
975 682 1072 736 referri
1089 687 1188 753 potest,
1207 683 1280 752 quod
1302 680 1386 735 habet
1400 683 1530 735 loannes.
1547 679 1628 740 infra,
1645 679 1738 734 libello
1751 695 1771 745 1,

132 755 220 819 nupto
244 751 290 803 tilo
316 749 438 805 libertati
467 750 641 815 redderetur,
670 753 785 808 otarit.
813 754 847 807 Et
872 770 935 808 cccc
995 753 1024 807 ui
1048 761 1091 809 est
1113 755 1148 807 de
1171 754 1365 817 Praevidentia,
1383 770 1411 805 n.
1436 750 1475 813 (3,
1498 750 1772 821 ubiNilopolidives

132 818 216 873 tilam
229 821 378 893 rumpitur,
395 822 452 876 aris
467 822 570 886 avolat,
586 838 657 892 puer
671 769 771 892 piorat,
789 831 869 894 pater
887 842 934 878 ex·
975 770 1124 879 damnatus
1138 825 1288 879 honorilice
1310 824 1452 894 sepelitur,
1471 821 1564 892 utqui
1585 838 1684 892 parum
1705 821 1771 876 boni

130 890 232 945 sultat.
263 893 298 946 Et
321 894 426 947 vocatis
451 892 532 946 nobis
556 911 562 945 ε
590 893 802 959 considerastis
831 895 931 965 inquit,
975 895 1108 950 rivensin
1122 895 1409 950 hocsreculot'ecerat.
1426 910 1524 964 parum
1538 908 1648 964 quoque
1663 893 1727 946 boni
1741 893 1771 946 in

127 961 228 1032 jocum
244 964 323 1033 pueri
336 965 348 1017 l
363 972 391 1019 et
406 963 538 1018 confessis
551 963 751 1026 considerasse,
765 965 806 1018 ait
821 984 826 1018 :
844 966 934 1020 Simili
975 966 1027 1020 hoc
1040 968 1140 1020 saeculo
1155 967 1298 1037 reciperet.
1321 967 1426 1020 Contra
1440 981 1504 1018 rcro
1520 963 1638 1017 eremita
1656 969 1770 1018 sanctus

131 1034 688 1105 considerationeJ'ocaturdiaboluscum
703 1036 935 1091 multishomini-
975 1053 993 1090 a
1010 1036 1110 1091 belluis
1125 1038 1290 1103 comeditur,
1305 1037 1370 1107 quia
1404 1053 1483 1089 arum
1501 1035 1628 1105 culpaein
1648 1036 1700 1088 hac
1713 1035 1769 1088 rita

129 1101 195 1159 bus.
208 1121 279 1175 quos
292 1107 350 1160 suis
360 1106 470 1177 laqueis
484 1107 607 1161 irretitos
622 1123 672 1177 pro
683 1123 735 1160 sua
748 1107 891 1162 voluntate
905 1109 933 1162 in
974 1117 1159 1171 contraxerat,
1175 1126 1236 1180 quae
1250 1110 1289 1162 ita
1303 1054 1476 1179 expiaiiatur.

129 1174 246 1228 diversa
256 1177 322 1230 vitia
333 1178 480 1248 pertrahit.
500 1179 572 1232 Sunt
585 1179 658 1231 enim
675 1178 799 1247 quidam,
812 1186 844 1233 ut
857 1179 933 1233 verbi
1012 1179 1065 1244 tlh)
1077 1179 1225 1253 Aristaee]
1241 1179 1326 1248 lnlra,
1341 1196 1401 1250 cap.
1416 1180 1447 1232 li
1464 1197 1470 1232 :
1485 1199 1496 1229 ι
1509 1177 1593 1230 Venit
1606 1177 1641 1230 ad
1658 1176 1768 1239 fratres,

185 1247 226 1300 tia
236 1247 337 1311 dicam,
350 1255 401 1302 aut
414 1250 546 1309 avaritia,
558 1249 742 1313 autluxuriae,
758 1257 787 1305 et
800 1250 934 1305 similium
976 1251 1023 1321 qui
1037 1251 1172 1322 psiathios
1182 1251 1380 1323 operabantur.
1400 1270 1410 1298 ι
1427 1250 1463 1303 Et
1475 1265 1536 1319 cap.
1551 1247 1584 1303 52
1602 1267 1608 1301 :
1629 1268 1640 1298 ι
1655 1248 1771 1318 Semper

151 1317 258 1372 aminis
276 1319 411 1385 succensi,
427 1327 456 1373 et
476 1338 508 1373 cx
527 1336 630 1390 magna
653 1321 855 1375 consuetudine
879 1322 934 1376 illis
975 1328 1069 1375 autem
1089 1323 1224 1393 psiathios
1236 1321 1413 1393 operabatur.
1433 1340 1444 1370 ι
1462 1322 1533 1373 Sunt
1549 1325 1644 1373 autem
1657 1320 1769 1387 psiathi,

128 1387 248 1443 addicti.
264 1389 314 1444 llis
328 1390 465 1461 contingit
479 1391 629 1461 aliquando
644 1397 676 1446 ut
690 1408 742 1446 sua
756 1391 829 1446 sacta
846 1393 932 1447 consi·
973 1395 1097 1462 psiathii,
1109 1401 1137 1447 et
1150 1396 1271 1462 pa'atlr'o
1283 1393 1418 1446 mattula.
1431 1391 1556 1445 Ridicule
1569 1391 1696 1460 quaedam
1710 1388 1771 1442 edi-

128 1458 243 1525 derent,
263 1461 394 1523 defleant,
410 1478 496 1532 seque
510 1463 611 1516 amodo
632 1463 765 1517 atrilibus
777 1471 934 1518 cessaturos
974 1464 1065 1519 nones
1083 1467 1185 1518 ciathos
1201 1464 1315 1518 hahent.
1332 1463 1460 1518 Occurrit
1469 1480 1542 1533 saepe
1553 1462 1611 1515 haec
1624 1478 1674 1515 ror
1683 1461 1713 1514 in
1727 1459 1769 1513 his

128 1527 183 1583 sibi
200 1532 379 1600 promittant.
397 1534 436 1587 En
449 1551 527 1588 more
542 1534 602 1588 aris
616 1551 646 1588 se
661 1535 754 1587 volare.
770 1534 871 1588 liberos
885 1552 934 1589 au·
975 1536 1090 1589 Patrum
1103 1535 1183 1589 Vitis.
1200 1536 1270 1588 Vide
1286 1535 1493 1589 Onomasticon.

128 1604 256 1659 tument.
266 1603 320 1658 Sed
337 1605 402 1686 quia
413 1622 500 1675 praro
515 1622 568 1660 usu
582 1605 684 1659 irretiti
698 1605 733 1658 ab
748 1606 933 1660 hostetenen-
1010 1607 1044 1673 (4)
1064 1608 1117 1674 Oai
1129 1611 1312 1674 septimanum
1325 1605 1464 1674 furiebat]
1484 1603 1635 1659 Dicebatur
1648 1603 1693 1656 hle
1707 1603 1770 1655 bod·

129 1676 179 1727 tur
194 1673 330 1735 volantes,
344 1692 373 1729 m
388 1677 486 1729 eadem
496 1676 563 1730 vitia
574 1677 752 1747 dejiciuntur.
767 1677 866 1747 Fitque
880 1678 933 1731 hoc
973 1679 1162 1737 ‹lonradcrr'ua
1174 1678 1217 1731 cui
1229 1680 1366 1733 minister.
1382 1676 1423 1730 uti
1440 1685 1469 1729 et
1482 1675 1537 1741 hic,
1550 1673 1768 1743 adjungebatur.

128 1744 244 1815 saepius
257 1746 485 1800 necomnimodis
495 1747 659 1801 liberantur.
668 1747 722 1801 nisi
736 1764 839 1817 magno
851 1764 932 1802 eona·
973 1748 1171 1819 Hieronymus,
1186 1748 1348 1819 prelatione
1361 1747 1390 1801 in
1409 1747 1545 1817 Regulam
1561 1744 1650 1800 sancti
1666 1744 1771 1798 Pacho-

127 1818 161 1869 tu
170 1831 224 1887 per
230 1824 388 1887 respectum
395 1818 493 1888 gratia
500 1818 560 1879 Dei,
572 1819 648 1871 tilam
658 1819 931 1889 praraeconsuetudi-
941 1793 964 1851 B
974 1820 1022 1873 mii
1034 1838 1039 1871 ι
1054 1841 1067 1866 α
1085 1819 1194 1873 Habent
1204 1836 1253 1889 per
1263 1820 1373 1887 singula
1385 1817 1554 1871 monasteria
1566 1822 1652 1882 [Μ
1664 1821 1768 1886 patres.

129 1885 175 1939 nis
188 1887 377 1958 dirumpatur.
388 1888 482 1952 »Quod
490 1889 573 1943 etiarn
582 1888 668 1942 habes
675 1889 929 1959 apudAnselmum,
974 1895 1002 1944 et
1016 1890 1234 1960 dispensatores,
1248 1896 1277 1943 ct
1286 1889 1527 1948 hebdomadarios,
1545 1904 1577 1941 ac
1590 1886 1768 1940 ministros»

127 1954 517 2023 lib.deSimilitudinibus,ca
541 1959 930 2026 .189.etAntoninurn,tomlI
1009 1960 1064 2029 (42)
1085 1963 1137 2023 Eoo
1159 1977 1221 2015 saar
1244 1961 1391 2030 dinastus]
1411 1959 1501 2014 Simili
1518 1958 1616 2012 fraude
1639 1956 1770 2027 apparuit

128 2027 276 2089 chronic..
301 2030 344 2084 tit.
366 1978 631 2101 xv1,cap.it,§t,
652 2031 735 2101 paulo
755 2032 928 2102 explicatius.
973 2039 1068 2087 sancto
1094 2032 1224 2098 Martino,
1242 2040 1273 2086 ut
1297 2037 1341 2085 cst
1359 2031 1432 2102 apud
1452 2032 1585 2085 Severum
1602 2029 1766 2100 Sulpicium,

166 2098 226 2170 (38)
251 2105 338 2155 Panos
359 2104 479 2155 civitatis
507 2105 652 2170 episcopua,
688 2103 771 2155 Varus
796 2103 929 2172 reatinae]
972 2104 1007 2157 de
1021 2104 1085 2157 Vita
1098 2104 1185 2158 salicti
1202 2103 1323 2168 ilartini,
1339 2119 1400 2174 cap.
1416 2101 1460 2158 ‘2:3.

127 2171 211 2240 Apud
227 2172 447 2243 llemphrastem
462 2178 513 2234 cst,
525 2189 585 2243 cap.
598 2172 641 2233 tt,
655 2173 780 2226 Ciuitatis
793 2177 930 2242 episcopus
1009 2172 1061 2240 (43)
1072 2177 1231 2228 llludomar
1245 2179 1275 2227 ut
1296 2173 1439 2244 passeres]
1453 2173 1523 2225 Vide
1538 2172 1613 2225 dicta
1627 2186 1713 2241 supra
1732 2169 1768 2224 ad

129 2245 245 2296 samniae
259 2246 429 2307 Pannoniis,
445 2244 517 2313 quod
539 2242 712 2297 hauddubie
740 2260 773 2296 cx
796 2247 884 2298 Panos
903 2251 932 2299 et
972 2244 1065 2299 Vitam
1079 2249 1169 2299 saneti
1184 2245 1307 2307 Antonii,
1322 2242 1440 2316 capiti,
1457 2260 1485 2297 n.
1502 2244 1546 2296 ll.

133 2313 221 2367 l'arm
236 2314 431 2385 depravatum.
1008 2315 1063 2375 itt>
1080 2319 1182 2384 Quarto
1201 2318 1303 2370 decimo
1318 2318 1361 2368 dic
1376 2318 1477 2368 artensis
1487 2314 1604 2377 Pachom,
1616 2314 1767 2366 secandum

163 2382 219 2451 (39)
239 2386 399 2452 quoraetem
418 2390 701 2454 qiraatalamcurnque
716 2388 741 2438 ei
754 2388 875 2453 requiem
890 2389 930 2440 rol
971 2390 1117 2456 ,dqpptioa
1146 2391 1197 2455 qai
1221 2394 1257 2441 cst
1284 2391 1368 2455 jorata
1392 2387 1525 2441 ilorrrouos
1554 2385 1592 2438 ad
1619 2386 1767 2451 septimam

128 2455 930 2527 satisfactionemlhpuddirumGregorium.libroeria-
971 2460 1044 2512 diem
1073 2460 1175 2513 Iduum
1202 2458 1373 2527 statariae]
1400 2457 1431 2511 ln
1459 2455 1546 2509 reteri
1572 2454 1695 2508 editione
1716 2470 1766 2524 pro

128 2524 195 2596 leg,
212 2543 266 2598 cap
294 2524 337 2588 50,
364 2528 481 2598 inquirit
504 2529 602 2581 l‘etrus
617 2544 652 2581 an
674 2528 763 2598 prosit
782 2527 929 2581 animabus
970 2530 1078 2582 Pachon
1094 2534 1137 2582 est
1147 2529 1296 2583 (itonam
1311 2537 1417 2581 rectum
1432 2534 1476 2580 est
1486 2528 1602 2588 Pcclroa,
1615 2530 1647 2578 ut
1662 2523 1767 2578 habent

129 2604 317 2661 mortuorum,
332 2598 355 2652 si
370 2615 486 2669 corpora
500 2598 528 2652 in
539 2600 655 2653 ecclesia
667 2599 724 2652 sint
737 2599 929 2669 sepultnlltc-
971 2600 1164 2670 manuscripti,
1179 2601 1322 2671 quinctus
1340 2605 1383 2653 est
1401 2598 1505 2651 mensis
1524 2598 1598 2668 apud
1610 2595 1765 2667 AEgyptios.

128 2669 251 2739 spondet
261 2670 342 2723 dirus
352 2670 505 2740 Gregorius
517 2689 522 2722 :
535 2692 546 2721 r
557 2670 632 2733 Quos
641 2670 738 2740 gratia
751 2676 861 2740 peccata
873 2686 928 2722 non
972 2671 1055 2736 Recte
1063 2676 1157 2724 autern
1168 2670 1228 2724 dies
1237 2670 1360 2742 illgyptii
1372 2669 1476 2723 mensis
1486 2668 1645 2738 assignatus
1654 2682 1767 2736 respon-

129 2738 303 2811 deprimunt,
320 2741 371 2794 hoc
387 2742 500 2811 prodest
514 2742 642 2804 mortuis,
656 2741 678 2794 si
691 2741 930 2811 inecclesiasepe-
970 2742 1019 2796 det
1041 2742 1095 2796 diei
1116 2743 1221 2795 niensis
1244 2742 1363 2795 llomani
1385 2740 1488 2793 ibidem
1504 2739 1597 2810 positi.
1623 2737 1766 2809 Siquidem

129 2808 328 2883 lianturquod
339 2828 437 2866 eorum
452 2812 580 2884 proximi,
594 2813 703 2883 quoties
712 2812 746 2865 ad
758 2812 854 2866 eadem
870 2813 929 2865 loca
970 2813 1078 2884 primus
1099 2813 1158 2866 dies
1173 2813 1284 2867 Pachon
1298 2812 1397 2883 incipit
1410 2812 1492 2881 justa
1517 2812 1658 2864 Romanos
1673 2808 1718 2861 die
1733 2806 1767 2864 26

129 2896 210 2936 sacra
224 2883 404 2948 conveniunt,
416 2900 530 2937 suorum
547 2900 666 2954 quorum
681 2883 808 2954 sepulcra
822 2882 929 2952 conspi·
970 2884 1074 2938 mensis
1083 2884 1186 2953 Aprilis
1195 2883 1347 2954 quaredies
1366 2881 1395 2938 tt
1409 2881 1514 2936 mensis
1528 2881 1639 2936 Pacbon
1650 2895 1768 2950 respon-

129 2952 215 3020 ciunt,
233 2954 428 3021 recordantur,
446 2961 475 3008 et
497 2971 547 3025 pro
562 2955 602 3008 eis
616 2970 712 3025 preces
726 2953 845 3007 Domino
864 2954 928 3007 lun·
970 2955 1018 3009 det
1040 2955 1159 3026 septimo
1176 2955 1276 3010 lduum
1301 2954 1449 3017 Maiarum,
1468 2969 1518 3006 seu
1537 2952 1603 3006 Maii
1624 2951 1654 3016 9;
1670 2965 1768 3004 name

129 3022 208 3080 dunt.
221 3026 296 3079 Nam
311 3042 381 3096 quos
395 3032 509 3108 peccata
525 3026 620 3096 gravia
641 3025 811 3095 deprimunt,
823 3040 879 3077 non
893 3024 928 3078 ad
969 3026 1016 3079 die
1038 3029 1073 3079 ‘25
1086 3026 1189 3097 Aprilis
1204 3042 1293 3096 usque
1315 3025 1348 3078 ad
1364 3025 1380 3079 9
1396 3023 1462 3078 Maii
1475 3031 1542 3077 sunt
1553 3023 1613 3076 dies
1628 3038 1679 3075 xir.
1696 3020 1766 3073 Vide

130 3094 336 3151 absolutionem
347 3103 439 3168 potrus
450 3114 534 3168 quarn
550 3097 585 3150 ad
597 3097 732 3165 majorem
740 3095 928 3150 damnationis
970 3097 999 3150 in
1015 3098 1193 3152 Onomastico
1205 3097 1329 3150 tabulam
1354 3095 1502 3149 mensium.

129 3168 286 3231 mmulum,
303 3185 400 3222 eorum
415 3184 532 3239 corpora
549 3169 578 3221 in
597 3167 721 3222 ecclesiis
740 3173 891 3236 ponuntur.
913 3169 959 3229 »G
1009 3167 1062 3237 (45)
1074 3170 1211 3222 Orscsiron
1227 3164 1364 3239 reconna]
1378 3167 1418 3221 lle
1428 3182 1460 3218 eo
1475 3163 1637 3218 Gennadius
1648 3162 1676 3216 in
1689 3166 1766 3215 cata-

129 3237 208 3303 Quod
223 3240 365 3311 posterius
382 3239 537 3293 membrum
553 3238 643 3292 tribus
658 3237 839 3308 sequentibus
853 3237 929 3308 capi·
970 3240 1033 3309 logo
1055 3238 1206 3292 illustrium
1224 3239 1351 3292 Ecclesiae
1374 3232 1557 3307 Scriptbrum,
1575 3251 1635 3304 cap.
1651 3233 1668 3287 9
1683 3249 1766 3303 quem

127 3306 201 3365 tibus
213 3328 266 3381 per
275 3310 517 3382 exempluprobat.
529 3311 630 3364 Totum
641 3326 704 3363 eum
716 3311 807 3363 locum
820 3325 930 3390 expres·
970 3311 1029 3381 ipse
1044 3309 1205 3364 Oriesiesim
1220 3316 1299 3364 romt
1315 3325 1321 3355 τ
1337 3327 1351 3361 a
1366 3307 1513 3362 Oriesiesis
1527 3305 1689 3365 monachus,
1699 3320 1765 3385 'am-

128 3396 188 3437 sum
205 3382 338 3436 habesin
364 3382 545 3452 responsione
564 3381 672 3436 Nicolai
695 3382 707 3435 l
734 3379 928 3452 pontificisad
969 3381 1078 3445 horum,
1095 3380 1123 3434 id
1138 3388 1181 3434 est
1194 3379 1339 3434 Pachumii
1357 3386 1386 3432 et
1398 3377 1535 3432 Theodori
1551 3375 1665 3445 collega,
1681 3390 1723 3427 rrr
1737 3390 1766 3426 m

127 3453 257 3507 consulta
272 3453 467 3523 Bulgarorum,
484 3470 544 3525 cap.
566 3453 609 3508 aa.
969 3453 1072 3508 sanctis
1086 3452 1237 3522 Scripturis
1250 3452 1285 3504 ad
1305 3451 1456 3521 pertectum
1471 3448 1635 3512 instructus
1652 3461 1767 3515 compo·

161 3523 225 3588 Quo
235 3524 320 3578 inodo
330 3530 424 3578 autem
440 3524 513 3579 obsit
526 3525 606 3578 malis
620 3540 700 3578 sacra
713 3523 867 3594 sepultura,
880 3538 927 3575 ex·
969 3525 1026 3578 suit
1039 3523 1140 3577 librum
1163 3523 1256 3576 dirino
1271 3522 1413 3575 conditum
1426 3521 1493 3582 sale,
1509 3519 1652 3588 totiusque
1667 3532 1767 3570 mona-

127 3594 213 3664 plicat
228 3596 303 3649 idem
317 3594 479 3665 Gregorius,
502 3613 562 3667 cap.
588 3596 630 3657 aa,
656 3594 771 3647 dicens:
792 3594 857 3647 «Ex
872 3609 929 3663 qua
969 3595 1045 3649 stica
1062 3594 1214 3663 disciplinae
1239 3591 1435 3646 instrumentis
1457 3595 1663 3656 constructum,
1682 3593 1711 3640 et
1735 3591 1766 3640 ut

128 3681 165 3723 re.
179 3666 278 3731 Petre,
293 3666 400 3735 collige,
414 3667 480 3736 quia
494 3667 548 3728 his,
560 3683 629 3735 quos
645 3670 757 3734 peccata
770 3664 868 3734 grauia
883 3664 928 3716 de·
969 3665 1132 3737 simpliciter
1147 3664 1249 3727 dicam,
1263 3663 1290 3716 in
1306 3680 1361 3733 quo
1374 3668 1465 3715 totum
1480 3678 1551 3731 pene
1565 3661 1651 3713 Vetus
1667 3665 1696 3713 et
1712 3659 1766 3712 No·

129 3737 264 3807 primunt.
282 3738 305 3790 si
324 3736 353 3790 in
368 3754 447 3791 sacro
461 3739 521 3790 loco
536 3735 646 3806 sepeliri
663 3752 692 3788 se
706 3735 818 3795 taciant,
839 3741 928 3788 restat
970 3754 1033 3791 vom
1047 3737 1258 3790 Testamentum
1286 3733 1489 3805 compendiosis
1509 3728 1764 3792 dissertationibus,

129 3813 157 3862 ut
170 3807 262 3862 etiarn
277 3807 371 3861 desua
381 3807 596 3878 praesumptione
606 3805 777 3873 judicentur.
787 3812 927 3876 quatenus
965 3809 1045 3879 juxta
1056 3807 1257 3862 monachorum
1267 3806 1404 3860 duntaxat
1413 3803 1618 3866 necessitatem,
1627 3800 1767 3854 invenitur

131 3892 173 3932 eos
187 3895 272 3933 sacra
287 3879 347 3931 loca
359 3895 415 3932 non
427 3878 554 3942 liberent,
570 3877 618 3930 sed
633 3876 719 3930 ctiam
734 3876 816 3946 culpa
837 3883 926 3931 teme·
968 3879 1135 3961 expositum,
1148 3894 1231 3947 quem
1242 3883 1336 3930 tamen
1348 3876 1405 3929 rice
1414 3873 1576 3930 testamenti
1590 3872 1766 3952 propediem

133 3948 220 4003 antis
235 3955 379 4003 accuset.»
968 3950 1060 4005 obitus
1075 3949 1118 4002 sui
1136 3948 1268 4001 iratribus
1283 3947 1392 4001 obtulit.
1410 3965 1423 3998 a
1439 3947 1470 4000 ln
1493 3945 1600 4016 Regula
1622 3943 1766 3997 Pachomn

159 4020 224 4084 Quo
239 4020 323 4074 modo
338 4020 424 4073 etiam
438 4021 518 4073 dirus
528 4020 658 4082 Thomas,
672 4019 700 4072 in
715 4017 924 4088 Supplemento.
968 4038 1018 4093 per
1031 4020 1166 4075 Achillem
1180 4019 1301 4073 Statium
1322 4019 1397 4072 edita
1417 4022 1531 4070 roratur
1546 4018 1680 4070 Orsiesius
1697 4031 1703 4080 3
1720 4029 1766 4066 oc·

136 4104 156 4160 q.
169 4092 216 4157 71,
232 4098 287 4146 art.
308 4091 348 4153 li,
361 4092 395 4145 ad
407 4092 433 4150 5.
445 4092 617 4161 respondens
627 4090 714 4162 priori
724 4089 784 4143 loco
798 4089 925 4158 Gregorii
968 4092 1055 4147 currit
1069 4091 1143 4162 apud
1163 4090 1318 4160 Pelagium,
1335 4089 1417 4147 int'ra,
1434 4088 1527 4141 libello
1542 4104 1577 4149 xi,
1590 4102 1618 4139 n.
1632 4083 1675 4147 37,
1688 4089 1717 4137 et
1731 4084 1765 4136 li-

137 4160 167 4215 tit
182 4180 190 4216 .·
208 4181 224 4214 ι
238 4162 315 4233 quod
331 4162 512 4232 sepulturain
527 4178 605 4215 sacro
617 4163 685 4221 loco,
699 4159 784 4230 impio
797 4159 926 4213 defuncto
967 4162 1040 4217 bello
1055 4181 1097 4225 xv,
1114 4178 1142 4214 n.
1159 4163 1203 4225 51,
1223 4164 1342 4216 dissuas
1372 4159 1477 4213 Oriesis
1493 4158 1605 4227 regulas
1628 4157 1663 4209 de.
1684 4154 1765 4208 insti-

137 4245 183 4287 uon
197 4240 290 4292 nocet.
304 4233 359 4287 nisi
371 4240 508 4303 quatenus
519 4233 591 4287 hanc
606 4233 780 4303 sepulturam
790 4230 843 4283 sibi
852 4229 926 4285 radi·
968 4235 1036 4289 tutis
1051 4232 1212 4287 monasticis
1226 4231 1312 4285 habes
1324 4237 1400 4284 tomo
1415 4228 1518 4281 VBibl.
1531 4229 1657 4281 l‘atrum.

141 4317 215 4370 gaam
225 4304 627 4377 propterhumanamgloriam
635 4302 801 4375 procurarit.
816 4324 828 4354 o
837 4301 925 4365 Quem

847 4577 956 4621 haara
980 4577 1044 4621 XVI.

343 4737 564 4882 VITA
619 4737 967 4880 SANCTI
1021 4736 1546 4903 tantumn,

808 4955 1080 5036 EREMlTAE.

252 5110 436 5172 lucrosa
458 5105 611 5170 sonoro
631 5107 806 5168 aenean
827 5106 870 5186 (a)
891 5105 1078 5181 DIACONO,
1102 5109 1352 5169 tarraconam
1374 5111 1568 5172 incarne
1591 5110 1643 5188 (3).

598 5419 927 5590 Ilroloqas
986 5421 1289 5558 auctoris.
1351 5578 1355 5585 ,

160 5622 275 5720 ΙΡταῐταα
288 5633 354 5700 mei,
369 5636 451 5707 cupio
461 5638 537 5694 robis
548 5655 681 5695 enarrare
691 5643 930 5698 conversationem
943 5642 1045 5698 bonam
1056 5644 1172 5717 perlecti
1185 5652 1271 5718 atque
1282 5645 1459 5700 admirabilis
1473 5643 1526 5697 riri
1540 5638 1671 5704 Abrahae.
1680 5650 1766 5706 quam

147 5725 177 5767 ac
187 5715 331 5789 inchoarit,
344 5728 378 5778 ut
389 5724 418 5779 in
429 5730 670 5785 consummatione
683 5731 744 5801 ejus
753 5731 873 5800 gloriam
886 5738 1051 5805 perpetuam
1060 5741 1226 5790 mereretur.
1235 5735 1289 5790 Sed
1300 5750 1388 5806 pareo
1400 5728 1596 5788 admirandam
1606 5727 1767 5783 etluculen·
