3818 6120
159 318 212 378 sss
347 296 350 300 ’
665 310 711 368 na
729 311 825 368 vrns
843 311 992 370 enmuu
1010 312 1118 372 ursan
1136 315 1281 374 narnus.
1741 320 1795 380 sm

157 443 327 502 salutaribus
337 438 512 498 sermonibus
525 437 700 497 fruebantur.
716 443 756 497 Ex
770 441 870 515 quibus
898 443 1066 511 nonAveni,
1082 450 1122 511 ut,
1141 445 1176 500 ad
1196 446 1333 501 edendam
1348 446 1421 517 grati
1437 447 1524 502 animi
1544 449 1790 521 significationem,

157 535 249 609 pauci,
262 535 328 605 suga
342 531 438 588 relicto
453 547 548 586 errore
570 531 604 585 ad
620 532 772 586 salutarem
795 531 952 587 doctrinam
993 533 1094 589 festum
1109 552 1166 590 una
1179 534 1360 598 celebremus,
1378 542 1462 608 atque
1477 539 1600 609 eleganti
1615 539 1708 596 lorrua
1721 559 1792 614 pre·

156 622 348 680 accurrebant.
361 621 417 677 Alii
430 627 536 687 autem,
553 619 637 676 rebus
652 622 736 691 hujus
754 621 817 677 vitae
836 621 952 692 longum
993 623 1067 679 ditos
1079 624 1269 680 adolescentes
1281 642 1314 680 ac
1324 626 1459 681 formosas
1470 629 1578 698 puellas
1588 629 1793 687 diisimmorta·

155 714 248 768 valere
259 711 355 783 jussis,
381 710 565 766 monasticam
580 711 738 782 palaestram
758 709 950 782 capessebant.
993 712 1597 787 libusimmolemus,tnurosquecentum,ac
1607 720 1792 790 plurimaalia

154 804 217 875 lpse
232 810 326 858 autem
341 801 516 856 orationibus
540 806 569 855 et
580 799 696 871 jejuniis
718 816 832 872 operam
856 799 949 867 dabat,
993 803 1126 857 animalia
1138 804 1205 875 ipsis
1219 806 1377 870 offeramus,
1393 822 1448 876 quo
1465 823 1512 861 eos
1527 823 1639 880 quoque
1652 809 1682 863 in
1699 815 1791 881 poste·

153 891 364 962 identidemque
378 890 451 945 benc
464 907 558 946 vocem
568 889 603 943 ad
614 890 703 944 Deum
718 889 888 944 mittebat:0
899 889 951 943 Do·
993 908 1056 946 rum
1075 893 1340 964 invictosadjutores
1352 893 1514 961 habeamus,
1528 897 1667 967 quinobis
1680 900 1790 954 univer-

152 981 229 1037 mine
243 980 293 1045 mi,
309 997 326 1035 o
340 979 459 1035 Domine
474 980 512 1033 mi
527 996 560 1034 ac
574 979 641 1045 Rex,
660 978 764 1048 cuiego
779 978 898 1044 credidi,
914 978 949 1033 ad
992 997 1055 1035 sum
1069 981 1133 1036 vitae
1148 982 1319 1038 curriculum
1334 984 1448 1055 planum
1464 990 1492 1039 et
1503 986 1639 1056 aequabile
1655 988 1785 1043 reddant.

153 1088 236 1144 quem
249 1087 300 1141 ego
315 1069 435 1141 profugi,
456 1074 541 1141 atque
556 1085 651 1124 ermre
663 1068 798 1123 liberatus
820 1085 892 1133 sum,
905 1068 949 1123 di·
1026 1071 1068 1124 Ad
1081 1071 1139 1125 haec
1153 1088 1220 1126 rex:
1236 1072 1351 1127 Minime
1367 1090 1442 1140 vero,
1460 1075 1561 1146 inquit,
1578 1093 1595 1130 o
1610 1093 1706 1141 senex,
1724 1078 1788 1132 vici·

150 1178 237 1234 gnam
250 1160 356 1214 famulo
365 1165 414 1213 tuo
428 1158 574 1213 Barlaamo
583 1158 740 1213 mercedem
754 1158 885 1230 repende,
898 1174 948 1229 pro
990 1176 1061 1224 mua,
1079 1159 1205 1228 minime,
1217 1160 1342 1232 inquam,
1353 1163 1481 1231 vicimus;
1497 1181 1594 1219 verum
1609 1165 1688 1219 nullo
1699 1166 1789 1238 potius

150 1268 183 1307 eo
195 1250 268 1323 quod
282 1251 350 1305 milri
375 1247 518 1304 oberranti
536 1255 574 1316 te,
592 1249 640 1320 qui
653 1249 707 1314 via,
728 1249 785 1303 vita
802 1255 831 1303 et
843 1254 946 1303 veritas
987 1248 1100 1318 nogotio
1115 1249 1180 1303 victi
1195 1267 1303 1305 sumus.
1320 1251 1453 1322 Numqui
1475 1252 1586 1307 anobis
1606 1253 1730 1320 stabant,
1744 1273 1788 1310 re-

149 1357 179 1396 es
192 1343 280 1401 (doun.
304 1347 366 1407 xlvi,
381 1338 594 1394 demonstravit.
610 1340 650 1392 lle
664 1338 735 1392 mihi
750 1338 802 1392 hoc
816 1337 944 1404 concede,
989 1344 1072 1409 pente
1086 1338 1234 1393 adversum
1251 1357 1303 1394 nos
1316 1340 1493 1400 exstiterunt,
1510 1359 1542 1396 ac
1562 1342 1640 1398 velut
1652 1343 1748 1399 furore
1761 1354 1789 1400 et

150 1436 183 1485 ut
196 1446 308 1486 rursum
323 1429 403 1485 illum
418 1429 447 1483 in
462 1444 579 1499 corpore
599 1428 739 1498 angelum,
756 1444 811 1500 quo
825 1427 948 1482 mundus
989 1426 1099 1481 insania
1108 1427 1282 1482 laborantem
1290 1434 1374 1500 atque
1385 1429 1552 1485 imbecillam
1564 1438 1692 1486 nostram
1699 1434 1786 1489 aciem

151 1519 253 1590 dignus
263 1535 319 1574 non
334 1524 377 1574 est
393 1519 467 1586 (Heb.
483 1533 534 1584 nn,
550 1516 729 1589 conspiciam,
746 1523 831 1589 atque
841 1533 903 1571 cum
915 1533 948 1572 eo
989 1517 1073 1581 nacti,
1085 1534 1268 1588 prorsuseam
1281 1518 1426 1590 fregerunt
1434 1537 1467 1575 ac
1476 1527 1700 1592 prostraverunt.
1710 1523 1789 1579 Nunc

150 1608 222 1679 quod
244 1608 313 1663 mibi
328 1609 390 1663 vitae
413 1611 542 1679 superest
555 1606 708 1672 conficiam,
730 1611 762 1660 ut
785 1606 847 1661 vitae
861 1605 949 1678 ipsius
989 1610 1096 1666 autem,
1112 1606 1136 1661 si
1151 1624 1207 1678 qua
1222 1607 1271 1661 tibi
1287 1607 1404 1663 facultas
1426 1615 1454 1662 et
1468 1609 1508 1663 vis
1523 1610 1658 1681 suppetit,
1681 1627 1739 1681 qua
1758 1616 1787 1666 tn

147 1697 273 1769 vestigiis
288 1697 431 1764 insistens,
447 1696 499 1751 tibi
513 1698 572 1751 Deo
588 1713 620 1751 ac
629 1696 749 1751 Domino
758 1696 894 1768 placeam.
991 1694 1071 1750 humi
1089 1696 1194 1766 jacenti
1219 1697 1348 1767 religioni
1373 1704 1475 1753 nostrae
1500 1699 1643 1770 opitulari,
1671 1716 1790 1773 eamque

184 1788 250 1844 Gne.
265 1789 397 1843 xxm-
410 1787 449 1841 Eo
464 1791 560 1841 autem
569 1792 696 1858 tempore
709 1784 850 1857 publicum
861 1783 947 1839 salso·
957 1768 981 1827 Β
991 1801 1103 1839 rursum
1117 1785 1238 1841 excitare
1254 1803 1350 1858 queas,
1363 1787 1447 1842 velim
1457 1804 1588 1860 exponas.
1601 1790 1735 1844 Theudae
1744 1807 1789 1846 au-

147 1893 212 1932 rum
226 1877 343 1932 deorum
353 1875 455 1931 festum
472 1875 500 1930 in
516 1875 584 1930 urbe
598 1875 649 1929 illa
663 1879 733 1928 erat.
746 1876 851 1945 Regem
862 1890 946 1946 porro
988 1878 1045 1927 tem
1061 1875 1121 1944 regi
1137 1874 1262 1930 adhunc
1282 1876 1399 1932 modum
1419 1877 1565 1948 respondit
1580 1896 1586 1930 :
1603 1878 1787 1934 Galilaeorum

140 1966 213 2022 huic
227 1965 298 2021 festo
320 1966 456 2021 interesse
470 1981 503 2020 ac
523 1964 722 2037 copiosissimis
736 1963 855 2018 victimis
878 1963 947 2017 illud
988 1963 1182 2018 contentiones
1197 1970 1281 2036 atque
1295 1965 1394 2020 inanes
1402 1981 1554 2032 sermones,
1569 1983 1654 2034 orer,
1667 1968 1787 2023 minime

149 2072 284 2112 exornare
299 2055 446 2129 oportebat
472 2055 576 2110 Verum
595 2071 659 2109 cum
682 2051 840 2108 sacerdotes
854 2053 947 2124 ipsum
988 2052 1162 2122 pertimesce.
1180 2054 1247 2118 Quae
1260 2055 1335 2109 enim
1346 2060 1413 2110 sunt
1424 2071 1457 2110 ea
1471 2073 1532 2127 quae
1540 2055 1575 2109 ab
1585 2057 1657 2128 ipsis
1671 2057 1791 2113 atterun-

147 2145 176 2200 in
191 2146 309 2202 deorum
324 2146 401 2202 cultu
414 2162 528 2218 segnem
544 2162 576 2201 ac
589 2144 716 2216 tepidum
729 2160 790 2198 esse
803 2142 946 2214 conspice·
987 2146 1043 2207 tur,
1061 2149 1199 2213 quantum
1214 2144 1326 2214 quidem
1340 2144 1375 2199 ad
1387 2145 1461 2200 viros
1470 2147 1580 2200 ratione
1590 2162 1624 2200 ac
1639 2147 1820 2218 prudentia.

144 2241 219 2304 rent,
234 2234 263 2293 id
276 2237 456 2304 verebantur,
470 2253 506 2291 ne
521 2235 556 2290 ad
571 2235 708 2306 templum
718 2233 813 2288 venire
823 2231 946 2304 neglige·
987 2232 1120 2303 preditos
1135 2233 1254 2288 attinet?
1268 2235 1329 2289 Meo
1344 2235 1457 2305 quidem
1470 2235 1575 2306 judicio
1590 2235 1705 2291 facilius
1720 2236 1818 2307 deii·—

144 2332 198 2392 ret,
210 2325 306 2399 sicque
318 2326 371 2398 ipsi
385 2325 550 2383 muneribus
571 2324 605 2378 iis
628 2341 690 2396 quae
707 2339 805 2394 arege
819 2322 945 2393 accipere
987 2321 1106 2388 cientur,
1122 2340 1217 2408 ¹quam
1246 2323 1344 2379 lolium
1366 2340 1384 2380 a
1404 2330 1486 2379 vento
1508 2341 1668 2380 excussum.
1691 2326 1820 2397 Neque

145 2420 357 2483 consueverant,
378 2414 542 2486 caeterisque
562 2412 742 2485 proventibus
766 2411 943 2467 orbarentur.
987 2410 1061 2466 enim
1084 2412 1126 2467 vel
1149 2418 1329 2484 conspectum
1352 2430 1445 2469 meum
1469 2414 1660 2480 sustinebunt,
1677 2421 1820 2474 tantum

145 2504 299 2577 Surgentes
313 2505 418 2576 itaque,
435 2505 470 2559 ad
484 2504 645 2575 speluncam
660 2502 801 2575 quandam
811 2501 840 2556 in
848 2502 945 2556 vastis·
986 2500 1065 2555 abest
1078 2507 1110 2556 ut
1125 2519 1268 2558 sermones
1278 2509 1435 2569 conserant,
1454 2509 1538 2575 atque
1552 2505 1588 2558 ad
1600 2521 1715 2560 mecum
1731 2505 1820 2560 dis—

143 2593 217 2649 sima
231 2594 381 2650 solitudine
393 2593 476 2648 sitam
483 2592 708 2666 proficiscuntur,
720 2591 748 2646 in
759 2607 813 2663 qua
824 2591 865 2645 vir
880 2589 943 2662 qui·
984 2591 1141 2661 putandum
1156 2592 1256 2663 pedem
1270 2599 1428 2648 conserant.
1440 2594 1589 2658 Caeterum,
1600 2599 1672 2649 utet
1688 2611 1814 2666 propo-

144 2682 211 2738 dam
225 2683 340 2755 magicis
360 2682 468 2739 artibus
481 2683 602 2749 deditus,
619 2689 704 2752 atque
722 2680 786 2735 salsi
802 2681 941 2735 idolorum
984 2680 1309 2750 situmistudcertamen,
1320 2688 1349 2738 et
1358 2682 1493 2753 quidquid
1503 2683 1577 2737 aliud
1590 2684 1620 2737 in
1631 2685 1730 2739 animo
1741 2684 1813 2738 ba-

144 2773 237 2829 cultus
251 2774 404 2830 acerrimus
425 2777 617 2845 propugnator
633 2770 787 2836 habitabat,
811 2770 942 2825 Theudas
983 2768 1137 2837 buerimus,
1151 2779 1226 2826 recto
1234 2789 1317 2828 cursu
1327 2772 1443 2834 seratur.
1451 2789 1551 2844 resque
1560 2772 1644 2828 nobis
1654 2790 1690 2828 ex
1701 2774 1800 2831 animi

142 2865 266 2929 nomine,
288 2881 372 2937 quem
391 2865 476 2920 etiam
490 2881 538 2918 rex
550 2862 688 2934 singulari
703 2862 808 2915 honore
822 2860 944 2931 comple·
983 2859 1123 2914 sententia
1138 2862 1297 2919 succedant.
1311 2862 1355 2916 sac
1369 2862 1510 2934 publicum
1524 2862 1577 2916 hoc
1585 2861 1693 2917 festum
1708 2879 1790 2917 exor-

144 2954 281 3010 ctebatur.
293 2955 466 3026 charumque
474 2953 641 3024 magistrum
652 2949 840 3016 existimabat,
852 2947 942 3020 ipsius
984 2964 1043 3014 nes,
1069 2948 1242 3021 deorumque
1262 2950 1497 3017 benevolentiam,
1521 2957 1661 3021 tanquam
1682 2952 1784 3007 lirinis·

142 3045 276 3100 nimirum
301 3044 440 3100 vaticiniis
460 3059 578 3115 regnum
594 3058 676 3097 suum
700 3040 827 3095 omnium
843 3054 940 3093 rerum
983 3037 1194 3110 simaquaedam
1209 3056 1290 3095 arma
1308 3040 1419 3108 induas,
1440 3058 1472 3096 ae
1495 3041 1675 3099 tum.fausta
1690 3041 1779 3096 omnia

142 3135 222 3207 copia
229 3135 340 3201 llorere,
352 3140 437 3206 atque
447 3133 475 3188 in
484 3133 545 3188 dies
554 3128 763 3203 augeridiceirs.
773 3130 844 3184 Cum
852 3127 941 3198 igitur
984 3125 1131 3183 habiturus
1145 3145 1184 3183 es.
1208 3129 1273 3184 Haec
1288 3146 1351 3184 cum
1366 3129 1413 3183 ille
1424 3131 1570 3200 jactasset,
1588 3130 1649 3200 qui,
1676 3135 1710 3184 ut
1723 3147 1777 3186 cun

141 3225 319 3281 sacerdotum
332 3224 455 3280 cultores
471 3223 506 3278 ad
521 3223 613 3294 ipsum
622 3219 771 3283 venissent,
784 3219 846 3288 ejus
857 3232 940 3288 opem
982 3215 1085 3271 Davidc
1099 3217 1209 3288 loquar,
1224 3217 1253 3272 in
1269 3218 1377 3273 malitia
1385 3225 1483 3290 potens
1497 3224 1568 3277 ant.
1585 3225 1674 3290 atque
1684 3219 1777 3290 iniqui·

141 3322 226 3388 atque
238 3315 373 3371 auxilium
388 3304 942 3386 implorabant,eiquedeorumimproba·
981 3309 1069 3359 tatem
1083 3310 1143 3360 tota
1157 3306 1202 3361 die
1216 3306 1774 3382 meditabaturtl'sol.n1),turbidamque,

140 3405 248 3462 tionem
263 3406 293 3460 in
308 3421 393 3478 quam
408 3421 456 3459 rex
466 3401 605 3458 inciderat
619 3397 803 3472 exponebant,
820 3411 939 3468 quaeque
982 3399 1015 3449 ut
1026 3394 1105 3450 Isaiae
1116 3397 1127 3420 ⁶
1137 3396 1228 3450 verbis
1243 3403 1316 3462 utar,
1330 3397 1538 3451 subversionem
1549 3397 1643 3452 amico
1658 3415 1712 3453 suo
1723 3414 1775 3470 pro

140 3495 216 3566 regis
231 3495 305 3551 lilius
322 3493 442 3559 fecisset,
464 3497 494 3547 et
514 3488 753 3562 quemadmodum
774 3486 888 3541 Nachor
903 3485 939 3538 ad
981 3483 1097 3554 pinabat
1112 3486 1223 3552 (Haboc.
1241 3489 1279 3552 nl,
1300 3485 1494 3558 improborum
1517 3486 1685 3558 spirituum,
1716 3504 1773 3559 quos

140 3583 229 3656 ipsius
242 3585 416 3639 voluntatem
426 3587 511 3653 atque
526 3578 697 3635 sententiam
712 3575 873 3631 concionem
888 3574 940 3628 ha·
981 3573 1040 3645 ipse
1051 3574 1167 3629 comites
1178 3574 1309 3642 habebat,
1321 3592 1374 3647 ope
1384 3581 1470 3647 atque
1480 3575 1648 3645 adjumento
1658 3575 1773 3647 perfecit,

140 3672 256 3728 buisset.
269 3674 309 3728 hc
325 3672 378 3729 nisi
394 3677 425 3726 tu
435 3670 606 3743 ipscvenias,
616 3666 789 3743 inquiebant,
801 3663 938 3736 nobisque
980 3668 1013 3716 ut
1029 3679 1077 3717 rex
1095 3664 1278 3734 cogitationes
1295 3681 1342 3718 eas
1357 3681 1418 3735 quae
1433 3665 1527 3734 ipsum
1551 3663 1656 3719 salutis
1668 3664 1773 3720 submo-

142 3778 224 3834 opem
245 3762 355 3828 offeras,
380 3777 443 3833 spes
464 3759 556 3815 omnia
569 3757 692 3812 extincta
716 3758 768 3814 est,
792 3751 938 3824 omnisque
980 3751 1086 3806 nebant
1099 3769 1214 3824 prorsus
1227 3750 1248 3808 e'
1258 3753 1395 3808 memoria
1404 3753 1527 3823 ejiceret,
1535 3753 1715 3826 eisdemque,
1724 3753 1775 3826 qui·

141 3853 258 3907 deorum
275 3852 367 3908 cultus
381 3869 413 3906 ac
425 3848 568 3905 veneratio
578 3845 673 3920 periit.
689 3845 764 3901 Nam
777 3848 808 3898 tu
824 3841 938 3897 unicum
979 3839 1032 3896 bus
1045 3840 1154 3897 solebat
1167 3842 1267 3897 studiis
1282 3842 1379 3897 sedulo
1393 3841 1522 3897 haereret.
1531 3843 1573 3897 Ac
1582 3843 1706 3913 proinde
1719 3858 1774 3898 cun

65 3972 70 3982 .
140 3939 222 3995 nobis
234 3940 402 3997 calamitatis
423 3938 554 3995 solatium
576 3935 690 3992 relictus
709 3951 747 3996 es,
766 3939 850 4004 atque
864 3931 893 3985 in
909 3937 938 3986 te
980 3930 1065 4002 regiae
1081 3931 1181 3987 litterae
1196 3948 1421 4004 quaquaversum
1444 3937 1665 3999 commeassent,
1682 3931 1775 4005 quibas

140 4045 197 4085 uno
212 4043 276 4103 spes
290 4046 387 4085 omnes
402 4033 513 4085 nostras
528 4026 633 4099 positas
648 4023 795 4078 habemus.
980 4036 1078 4074 omnes
1103 4022 1138 4075 ad
1153 4021 1354 4077 exsecrandum
1377 4022 1495 4076 deorum
1511 4021 1615 4075 festum
1634 4021 1775 4076 convenire

174 4119 304 4175 Theudas
325 4119 421 4191 itaque
436 4134 499 4173 cum
518 4115 642 4171 satanico
665 4130 698 4168 eo
714 4111 839 4167 exercitu
853 4125 937 4181 quem
976 4107 1157 4178 jubebantur,
1174 4126 1289 4166 cernere
1299 4115 1361 4165 erat
1374 4111 1518 4182 ingentem
1528 4109 1681 4165 hominum
1692 4109 1776 4165 multi

138 4226 234 4266 secum
247 4207 369 4263 habebat
380 4207 408 4262 in
417 4205 621 4278 expeditionem
630 4201 731 4275 pergit,
742 4207 827 4271 atque
841 4197 937 4253 adver·
977 4197 1105 4253 tudinem
1119 4202 1317 4266 continentem,
1327 4204 1411 4272 atque
1421 4217 1485 4255 oves
1496 4205 1524 4255 et
1534 4197 1630 4266 boves,
1648 4200 1775 4271 variaque

137 4299 342 4357 saeveritatem
353 4299 598 4367 armacomparat:
609 4291 706 4348 accitis
717 4289 850 4346 nimirum
862 4285 936 4342 mul-
980 4287 1115 4342 auimalia
1128 4289 1426 4345 secumadducentem.

139 4392 175 4447 tis
190 4389 282 4462 pravis
296 4386 451 4461 spiritibus,
465 4402 535 4457 quos
544 4385 580 4439 ad
595 4400 641 4437 res
653 4378 796 4453 improbas
807 4382 935 4450 prompte
1014 4377 1084 4431 Cum
1093 4378 1433 4449 igituromneecoiissent,
1443 4393 1561 4448 surgens
1576 4394 1640 4445 rex,
1651 4392 1774 4433 unacum

137 4497 170 4536 ac
178 4485 234 4546 8!
243 4488 272 4547 ἐ
281 4478 403 4534 libenter
413 4474 580 4531 auxiliarem
595 4487 712 4527 mantum
724 4471 825 4524 allerre
842 4472 934 4532 namt,
946 4457 1130 4538 Dimpostore
1141 4468 1258 4524 Theuda
1272 4469 1307 4523 ad
1322 4470 1458 4540 templum
1466 4467 1671 4539 prosectusest,
1682 4473 1773 4523 uttan·

137 4575 166 4626 et
179 4587 250 4642 quos
260 4569 319 4642 ipse
328 4582 441 4639 semper
449 4563 595 4620 ministros
604 4557 827 4626 adhibuerat,his
847 4556 935 4612 eomi—
978 4559 1215 4628 rosacpermulta
1223 4558 1381 4613 animantia
1389 4554 1773 4629 immolarant.Sicque,neta·

135 4665 213 4716 tatu,
224 4660 259 4714 „d
274 4675 370 4732 regem
384 4655 500 4713 accedit.
614 4668 616 4673 v
975 4643 1049 4701 num
1065 4653 1094 4702 et
1108 4651 1297 4703 exsecratione
1311 4647 1431 4717 dignum
1449 4646 1554 4702 festum
1574 4645 1771 4712 celebmbant3

170 4751 209 4806 Ut
217 4754 311 4805 autem
324 4747 413 4821 ipsius
423 4746 560 4801 adventus
567 4740 627 4813 regi
637 4738 783 4796 nuntiatus
794 4741 933 4809 astatque
975 4735 1119 4791 adeoutet
1126 4735 1273 4793 brutorum
1280 4736 1466 4792 animantium
1477 4733 1704 4813 mugitibuatota
1712 4733 1773 4790 urbs

135 4837 196 4910 ipse
205 4840 364 4910 palmarum
377 4837 486 4908 virgam
496 4848 583 4889 manu
592 4838 702 4895 tenens,
714 4827 851 4899 ovinaque
861 4827 934 4899 pelle
977 4831 1150 4897 personaret,
1167 4834 1196 4883 et
1214 4827 1390 4884 victimarum
1411 4827 1510 4882 nidore
1523 4826 1585 4897 ipse
1600 4820 1716 4900 qnoque
1729 4841 1774 4882 aer

135 4926 251 4982 indutus
264 4927 407 4999 ingressus
421 4930 475 4995 est,
489 4940 538 4979 rex
553 4939 569 4978 e
582 4920 684 4976 throno
695 4934 746 4974 suo
760 4914 873 4982 exsiliit,
889 4914 933 4987 ip·
974 4915 1145 4973 inficeretur.
1163 4917 1213 4973 llis
1227 4918 1263 4972 ad
1277 4917 1351 4972 hunc
1365 4917 1480 4974 modum
1491 4914 1638 4982 confectis,
1650 4932 1715 4971 cum
1726 4915 1774 4969 im

134 5016 214 5087 sique
224 5016 332 5071 obviam
345 5015 458 5088 prodiit,
465 5028 586 5084 eumque
597 5009 741 5065 osculatus
749 5005 933 5076 ceruumque
974 5005 1054 5078 probi
1069 5005 1185 5079 spiritus
1198 5006 1233 5061 de
1246 5005 1367 5063 Theudae
1381 5003 1498 5062 victoria
1510 5006 1655 5075 majoram
1670 5006 1703 5060 in
1716 5021 1772 5060 mo-

133 5104 296 5159 cathedram
306 5103 399 5159 atterri
411 5104 551 5174 J'ussisset,
568 5100 662 5173 ipsum
671 5112 758 5170 prope
772 5111 802 5150 se
817 5094 933 5149 colloca-
973 5095 1040 5151 dum
1049 5094 1467 5168 gloriarentur.sacerdotesque
1478 5093 1585 5167 gratias
1597 5094 1654 5167 ipsi
1661 5093 1773 5149 babuis-

132 5193 182 5248 rit.
193 5193 349 5265 posteaque
362 5193 492 5249 Theudae
503 5190 547 5246 his
559 5189 595 5245 ad
609 5204 706 5260 regem
725 5184 817 5240 verbis
831 5183 929 5240 utitur:
973 5190 1045 5247 sent,
1061 5201 1110 5240 rex
1124 5202 1237 5241 rursum
1249 5185 1284 5240 ad
1301 5185 1437 5258 palatium
1452 5200 1482 5239 se
1495 5182 1614 5254 recepit,
1631 5183 1729 5256 aitque
1740 5181 1773 5236 ad

130 5281 200 5349 Rex,
216 5281 247 5336 in
264 5286 400 5337 aternum
418 5281 488 5346 vive,
504 5280 690 5336 maximorum
704 5276 823 5332 deorum
838 5274 932 5330 lavore
971 5275 1117 5330 Theudam
1131 5293 1137 5329 :
1150 5275 1189 5330 En
1203 5275 1439 5348 quemadmodum
1449 5273 1570 5344 jussisti,
1583 5272 1773 5328 nihilomnino

131 5389 165 5428 ac
178 5371 373 5427 benevolentia
387 5376 492 5442 septus.
503 5369 546 5424 nd
562 5385 606 5424 me
620 5367 696 5423 enim
710 5366 827 5420 allatum
843 5370 886 5419 est
903 5368 932 5418 te
973 5364 1059 5420 studii
1074 5381 1091 5419 a
1105 5380 1149 5420 me
1159 5365 1379 5436 praetermissum
1387 5370 1440 5431 est,
1452 5362 1526 5435 quod
1532 5360 1652 5433 quidem
1663 5362 1700 5418 ad
1714 5359 1772 5416 testi

130 5462 231 5535 ingens
241 5467 385 5517 certamen
399 5459 532 5515 adversus
547 5457 676 5514 Galilaeos
688 5454 793 5521 iniisse,
807 5471 839 5510 ac
852 5455 931 5510 lucu·
973 5455 1160 5527 splendorem,
1178 5460 1207 5510 et
1221 5444 1421 5511 sacrificiorum
1432 5451 1680 5524 magnificentiam
1694 5449 1773 5524 perti·

128 5550 315 5610 lautissimam
330 5549 453 5624 palmam
477 5547 617 5609 retulisse.
633 5547 728 5622 quue
747 5543 862 5629 nomine
876 5545 932 5629 huc
972 5544 1349 5621 nerettamitaquotempuo
1363 5548 1453 5600 estut
1466 5557 1528 5615 quae
1543 5537 1773 5617 mihipromisisti

164 5644 176 5668 '
190 5641 334 5701 Memoria
342 5640 438 5717 lapsus
451 5644 504 5700 est.
