3818 6120
124 284 175 348 ubl

632 264 679 336 nt
697 266 791 336 titis
810 256 958 334 parata
976 253 1084 332 illiue
1103 258 1248 333 pallius.

1707 268 1762 336 45²2

125 419 237 492 quidem
251 414 346 487 paucis
367 411 456 463 verbis
471 408 619 477 theologus
639 409 719 460 metis
735 403 771 471 (ill
787 400 857 458 mihi
873 402 922 457 de'-
932 403 953 461 Α
963 400 1081 454 diedesa
1094 388 1222 463 conluta.
1239 394 1271 455 ni
1283 386 1503 458 dementioribus
1518 382 1763 472 sacriiiaoiiorret,

126 507 299 570 monstravit,
307 503 350 556 his
364 496 453 553 vorbis
464 503 563 551 utens:
579 495 665 550 Totm
682 495 803 548 mundus
819 494 847 545 in
866 490 924 545 md·

127 598 202 667 ligno
218 594 323 665 positus
338 591 380 643 ost
397 574 424 653 (i
437 590 516 642 Jooa.
533 594 547 637 'v
563 588 585 639 rl
603 590 644 653 n).
660 585 699 637 Ac
725 587 854 637 rursum:
872 581 926 634 No-

129 685 178 739 lito
193 683 308 751 diligero
319 668 565 745 tnnndnmmeque
576 689 609 727 ea
624 678 684 744 quta
694 672 721 725 in
736 668 925 726 mundo'sdnt.

131 772 269 837 Quoniam
280 784 363 823 omne
378 765 452 837 quoti
468 765 496 817 iit
511 763 674 823 mundoost,
688 756 928 828 autestoonctlpl·

129 860 234 917 scentia
248 858 351 922 oarnls,
363 856 413 909 alit
422 852 648 923 concupiscentia
662 849 816 911 oculorum,
825 852 873 901 aut
883 861 928 899 su·

130 950 228 1022 peritia
239 949 302 1001 sitae
329 946 363 1000 Et
375 942 496 998 mundus
517 940 628 1005 transit,
644 944 673 993 et
690 933 928 1007 conccupiscentia

129 1042 200 1110 elus.
211 1037 264 1102 Qui
274 1041 367 1089 autern
378 1032 446 1086 iacit
454 1032 627 1086 voluntatem
642 1028 702 1091 Dei,
712 1025 841 1081 manetin
852 1030 931 1078 aeter-

134 1130 213 1184 nitin.
229 1124 405 1194 Hanclgitnr
419 1126 472 1191 egd
487 1120 588 1172 bonum
604 1118 654 1171 Del
670 1116 843 1170 veluntatem
858 1116 931 1184 qdae·

130 1226 206 1281 rens,
223 1215 318 1270 omnia
330 1224 380 1284 pro
390 1210 523 1265 derelictd
531 1207 625 1272 habui,
634 1220 698 1260 cum
710 1204 799 1274 iisque
814 1212 859 1256 mo
868 1202 931 1255 oon-

130 1307 211 1377 junxi
226 1305 273 1375 qni
284 1302 381 1357 'eadem
391 1299 544 1369 cupiditate
555 1298 696 1360 tenentur,
706 1298 790 1364 atque
801 1288 932 1344 eunrdem

134 1384 224 1449 Deum
240 1389 550 1462 expetuntlnterquos
561 1383 752 1438 nonsimultas
763 1382 813 1446 ost,
830 1386 886 1432 non
901 1377 933 1430 li-

965 488 1117 560 laudrsque
1131 482 1164 543 ari
1181 491 1318 544 edendam
1331 492 1404 562 grati
1428 490 1514 546 ardori
1528 490 1766 565 significationem

967 572 1156 649 persolveret:
1175 580 1308 649 ignardits
1323 580 1455 635 nimirum
1478 582 1608 653 quisnam
1626 580 1767 638 bonomm

968 664 1094 721 omilium
1104 671 1274 723 veroauetor
1284 658 1408 735 essei‚ad
1420 670 1503 740 que'm
1518 665 1665 743 spirituale
1680 673 1770 726 sacri·

970 756 1063 810 licium
1073 750 1200 812 adbiberi
1211 757 1334 812 deberet.
1347 757 1397 813 Ille
1409 750 1496 829 igitur
1504 752 1587 814 rebus
1597 756 1735 815 inanimis
1746 770 1776 815 et

970 845 1063 899 surdis
1077 838 1126 899 iiiii
1140 851 1233 900 ortum
1253 842 1398 918 acceptum
1413 848 1513 916 serene,
1531 854 1645 921 aquaqua
1659 866 1774 904 semum

971 935 1063 988 missis
1081 934 1187 989 nuntiis
1202 922 1311 1007 piebem
1331 924 1366 990 ad
1386 938 1447 1008 ejus
1462 924 1591 992 nataiitia
1605 928 1774 993 celebranda

971 1017 1772 1098 aagendamcurabat.liocerneroeratomnesregismetu

972 1106 1154 1178 continentes,
1166 1118 1317 1185 secumque
1327 1131 1360 1169 ea
1369 1118 1431 1186 qnae
1440 1115 1475 1169 ad
1484 1114 1653 1170 sacrificium
1666 1132 1774 1169 aecem

973 1198 1086 1256 mndata
1097 1206 1179 1256 erant
1195 1190 1351 1270 aiioroiiteS,
1364 1220 1414 1274 pro
1424 1205 1560 1276 cujusque
1575 1194 1774 1259 scilicetsacui-

973 1284 1063 1344 tattlm'
1079 1282 1202 1354 modulo,
1219 1286 1303 1362 atque
1319 1309 1466 1361 argaeum
1481 1278 1773 1347 beneolentiam

974 1379 1070 1433 sertim
1085 1384 1179 1433 autem
1188 1376 1247 1451 ipse
1255 1376 1384 1435 stimulos
1395 1381 1435 1435 eis
1449 1378 1484 1435 ad
1494 1376 1719 1436 munificentiam
1728 1368 1774 1435 ad-

134 1496 258 1549 vor,non
270 1488 403 1533 maerores
414 1472 442 1529 et
452 1486 539 1540 curam
555 1473 604 1526 sed
620 1462 933 1525 omnosiriemeurricu·
975 1466 1111 1534 movebat,
1129 1464 1222 1539 utqui
1236 1458 1458 1541 quampiurimos
1482 1464 1510 1524 ei
1534 1466 1673 1525 inarimos
1692 1468 1775 1524 bores

136 1573 194 1626 l'um
209 1570 322 1631 obeunt,
339 1572 371 1620 ut
384 1565 419 1618 ad
434 1564 619 1633 sempiternas
635 1576 681 1613 eas
694 1557 853 1612 mansiones
868 1560 933 1626 pe'r'·
974 1557 1136 1611 mactandos
1148 1554 1269 1612 diferret.
1281 1548 1372 1629 Atque
1389 1550 1425 1613 ad
1438 1546 1513 1614 irunc
1523 1557 1638 1613 modum
1653 1558 1777 1614 luculen-

134 1661 257 1720 reniant,
274 1662 343 1727 quas
358 1654 497 1708 luminum
515 1653 599 1705 Pater
612 1649 647 1703 lis
667 1662 683 1702 a
703 1646 803 1718 quibus
822 1644 935 1698 anldtur
975 1644 1084 1700 tissima
1097 1646 1299 1718 lestopera'cto',
1312 1664 1418 1713 omnes,
1431 1648 1490 1702 tam
1501 1640 1775 1719 quisenatom'iordi-

136 1747 303 1820 praepararit
313 1747 380 1807 (iac.
398 1758 424 1796 1·
444 1744 456 1795 l
471 1743 532 1795 t'or.
547 1755 588 1797 nr.
607 1740 662 1792 llos
678 1754 729 1807 ego
745 1746 794 1807 pro
810 1732 935 1805 parenti·
945 1704 968 1773 B
978 1735 1339 1807 nisorantmaglstratuque
1350 1722 1548 1807 fungebantur,
1558 1744 1644 1808 quarn
1655 1732 1777 1791 militum

134 1837 197 1902 bd's,
209 1826 468 1906 lrdsp'roiiatribu's,
479 1831 530 1883 hos
540 1834 591 1899 pro
602 1826 699 1881 amicis
709 1830 737 1879 et
752 1820 937 1877 familiaribus
979 1840 1093 1877 inanum
1109 1831 1192 1895 atquo
1206 1825 1292 1878 etiam
1307 1824 1430 1896 plebeios
1445 1833 1472 1879 ot
1487 1825 1623 1896 ignobiles
1636 1824 1779 1898 amplissi-

136 1925 236 1980 ltabeo.
252 1923 294 1977 nb
306 1923 341 1975 ils
356 1925 449 1975 autom
461 1919 508 1989 qni
520 1904 662 1988 'quondam
673 1914 756 1968 amici
768 1913 821 1966 mel
836 1928 868 1964 ac
884 1910 938 1963 ira-
980 1913 1033 1966 mis
1047 1908 1128 1967 donis
1143 1906 1375 1985 prosequebatur.

136 2020 195 2069 tres
210 2019 293 2067 erant
307 2010 434 2081 elongavi
450 2008 570 2077 lugiens
592 2012 620 2058 et
639 2003 729 2057 mansi
745 2001 773 2056 i'n
788 1997 939 2055 solitudine
1016 1990 1218 2072 inipsoautem
1227 1990 1478 2058 natalitiorumliiil
1487 1994 1606 2059 solemni
1615 1992 1673 2071 die,
1681 1992 1781 2058 delecti

139 2107 220 2174 (Ptol.
240 2105 317 2165 cxli),
338 2101 428 2154 Deum
444 2098 617 2168 exspectans,
632 2094 679 2165 qni
694 2092 800 2147 salvum
817 2087 940 2144 melarii
980 2089 1031 2143 viri
1047 2088 1158 2145 circiter
1171 2091 1385 2162 quinquaginta,
1408 2088 1456 2165 qui
1480 2091 1508 2146 in
1531 2110 1564 2146 ea
1586 2080 1781 2146 chaldeorum

137 2208 154 2246 a
171 2189 402 2263 pusillanimitate
417 2186 543 2258 spilitns,
561 2190 589 2238 et
601 2185 778 2254 tempestate.
981 2172 1227 2251 sapientia,quaein
1239 2176 1633 2252 conspiciendisnotandisque
1643 2176 1783 2235 sideribus

175 2282 240 2335 llaec
249 2286 314 2333 enni
334 2279 373 2331 ita
387 2275 533 2331 cotnm'd'de
548 2290 579 2327 ac
592 2269 716 2343 jocunde
728 2288 745 2323 a
759 2267 808 2324 Dei
827 2267 940 2321 nomine
981 2274 1116 2334 versatur,
1130 2268 1254 2324 studium
1266 2276 1349 2341 atquo
1364 2287 1478 2342 operam
1492 2258 1671 2335 collocarent,
1687 2263 1724 2324 ad
1737 2285 1781 2323 re-

140 2370 214 2424 diota
226 2370 328 2434 essent,
343 2376 391 2421 rex
406 2363 551 2419 iracundia
560 2362 672 2433 quidem
686 2355 893 2430 irirpolicliatur,
909 2364 942 2409 dc
981 2372 1045 2427 gem
1063 2362 1261 2413 convenerunt.
1276 2358 1351 2424 Quos
1364 2377 1427 2413 cum
1442 2377 1491 2413 rox
1505 2356 1621 2433 propius
1644 2358 1681 2412 ad
1695 2375 1726 2442 se
1738 2374 1780 2412 ao·

140 2440 939 2523 sanctumvirumacerbissupplieiisexcruciarecupiebam
982 2444 1080 2500 cedere
1087 2444 1226 2517 inssiss'et,
1235 2436 1269 2501 ‹ie
1278 2446 1395 2518 singulis
1406 2438 1781 2520 percunctabaturquidnam

141 2552 255 2602 rursum
270 2550 364 2599 :autem
375 2560 405 2597 se
416 2540 595 2612 reprimebat.
608 2543 692 2608 atque
707 2537 734 2589 ld
745 2532 861 2605 aggredi
872 2549 941 2587 cun·
983 2548 1053 2605 puer
1063 2536 1090 2589 in
1105 2537 1195 2589 lucem
1211 2534 1302 2590 editus
1315 2530 1428 2591 iuturus
1438 2543 1521 2591 esset.
1534 2536 1578 2590 llii
1593 2542 1690 2590 autern
1701 2536 1784 2617 longa

142 2637 281 2699 etabatur,
293 2631 480 2687 venerandam
496 2629 584 2699 ipsius
595 2627 760 2695 dignitatem
768 2640 800 2678 ac
815 2621 943 2694 splendo-
984 2624 1205 2678 consideratione
1220 2624 1326 2690 habita,
1343 2620 1469 2680 iuiurum
1484 2608 1613 2679 dicebant
1634 2631 1669 2679 ut
1685 2622 1784 2696 opibus

144 2730 205 2779 ldln
224 2723 339 2778 neritus.
362 2722 525 2775 Sermonem
548 2733 613 2770 sero
636 2715 785 2785 excipiens,
808 2710 852 2766 iris
878 2722 943 2765 eum
984 2714 1153 2783 acpotcntia
1167 2714 1288 2779 lloreret,
1307 2720 1392 2786 atque
1406 2732 1502 2768 somnos
1523 2714 1570 2785 qui
1585 2731 1705 2785 regnum
1720 2719 1785 2768 ante

143 2813 233 2868 verbis
248 2817 292 2866 est
305 2811 441 2866 allocutus
460 2827 465 2860 :
984 2803 1078 2873 ipsum
1093 2800 1279 2857 obtinuissent
1287 2806 1442 2875 superaret.
1452 2802 1530 2858 Unus
1541 2820 1605 2857 roro
1614 2792 1784 2873 astrologus,

182 2902 320 2972 Undique,
339 2916 354 2954 ο
371 2899 466 2962 miser,
483 2895 566 2950 exitio
581 2900 629 2948 tuo
644 2891 786 2956 studuisti,
803 2894 834 2945 tlt
849 2889 895 2960 qui
910 2884 944 2942 dri
987 2888 1035 2961 qni
1051 2891 1140 2944 socio's
1148 2892 1245 2945 omnes
1253 2898 1318 2945 'suos
1329 2888 1486 2946 eruditione
1496 2890 1631 2959 anteibat,
1643 2892 1687 2945 his
1695 2890 1786 2945 verbis

145 2993 248 3063 ipsum,
264 2988 386 3053 fortuna,
399 2993 431 3041 at
443 2986 561 3049 videtur,
576 2989 603 3036 te
615 2970 785 3053 impelionto,
796 2986 857 3034 tum
871 2994 948 3032 men·
988 2986 1055 3034 usu's
1070 2984 1112 3034 est
1126 2998 1132 3033 :
1148 2980 1290 3044 Quantum
1300 2997 1332 3034 ex
1342 2978 1466 3035 siderum
1476 2968 1712 3035 cursuaddiscere
1722 2996 1787 3052 pos·

148 3070 690 3148 temtumlinguambeue1·is,ncproinde
700 3056 1059 3140 obscuramquam-Csum,
1075 3084 1090 3123 o
1106 3076 1162 3134 rex,
1181 3060 1231 3123 iiiii
1246 3070 1294 3141 qui
1309 3086 1383 3124 nunc
1396 3087 1429 3124 ox
1443 3075 1471 3124 te
1484 3075 1562 3124 ortus
1577 3076 1620 3124 est
1631 3068 1788 3141 amplitudo

148 3171 212 3224 dam
229 3174 313 3239 atque
328 3167 441 3222 inanem
456 3162 604 3218 sorborum
620 3160 738 3215 naeniam
753 3156 893 3213 oiludorls.
909 3152 948 3211 lic
990 3163 1073 3228 atquo
1088 3157 1228 3228 proiectus
1239 3174 1294 3212 non
1304 3159 1331 3212 in
1342 3164 1391 3213 tuo
1409 3175 1496 3228 regno
1515 3159 1579 3224 orit,
1594 3156 1644 3212 sod
1659 3158 1689 3213 in
1700 3157 1791 3213 altero

149 3259 204 3312 nisi
214 3257 352 3312 sermonis
362 3252 498 3327 principio
509 3250 610 3305 molibi
620 3251 758 3304 iacturum
769 3247 946 3319 recepissem,
991 3242 1194 3317 praestantiore,
1210 3253 1295 3318 atque
1311 3240 1567 3319 incomparabiliter
1581 3247 1787 3301 excellentiore.

148 3348 180 3402 ut
195 3365 210 3401 e
226 3347 318 3400 medio
339 3343 456 3399 concilio
475 3339 651 3395 iracundiam
671 3337 850 3410 depellerem,
875 3348 949 3389 nnnc
991 3324 1789 3408 AtqueipsnmChristianorumquoqueroligionemquam

149 3452 247 3489 carnes
262 3438 325 3488 luas
340 3435 369 3487 in
384 3434 479 3503 ignem
494 3430 687 3499 conjecissem.
702 3427 840 3490 Quoniam
855 3431 949 3481 autern
991 3426 1021 3478 tu
1036 3424 1181 3479 insectaris
1194 3431 1373 3496 arrepturum
1389 3425 1528 3483 existimo.
1543 3442 1595 3479 nec
1609 3433 1675 3479 eum
1689 3424 1726 3480 ab
1738 3425 1788 3479 hoc

149 3526 208 3596 ipse
223 3527 411 3578 antevertens.
428 3519 534 3589 tibique
550 3530 661 3577 carons,
678 3515 838 3586 hujusmodi
858 3510 950 3568 verbis
991 3524 1074 3584 scopo
1088 3531 1120 3567 ac
1134 3530 1182 3584 spo
1198 3508 1395 3568 aberraturum
1411 3521 1489 3586 puto.
1506 3506 1571 3568 Haec
1593 3514 1703 3568 scilicet
1722 3514 1788 3569 dixit

150 3628 196 3667 me
214 3610 370 3674 obvinxisti,
387 3608 533 3663 audaciam
548 3610 626 3660 tuum
643 3604 678 3658 ob
693 3602 840 3674 pristinam
859 3610 950 3656 meam
991 3600 1157 3672 astrologus
1175 3602 1288 3657 utolim
1304 3602 1790 3674 Balaamel'am.xx111),110nquod

150 3704 218 3770 elga
229 3698 259 3753 te
274 3696 428 3752 amicitiam
443 3695 510 3748 lero.
528 3692 716 3758 Quamobrem
723 3704 851 3760 exsurge,
867 3696 951 3761 atque
992 3692 1145 3761 astrologia
1160 3690 1276 3746 rorltato
1289 3693 1405 3757 nitatur,
1420 3690 1468 3747 sed
1480 3693 1553 3763 quod
1570 3694 1647 3747 Deus
1661 3699 1692 3747 ut
1702 3691 1789 3746 omnis

152 3789 187 3842 ab
203 3788 290 3842 oeulis
306 3786 375 3839 ineis
385 3785 518 3855 prologo,
532 3799 587 3836 non
596 3785 692 3852 jamte
702 3776 866 3846 videbo,sed
879 3771 952 3833 maie
993 3781 1087 3851 impiis
1110 3779 1250 3835 excusatio
1272 3788 1475 3851 amputaretur,
1492 3782 1640 3836 veritatem
1654 3798 1706 3853 per
1719 3782 1790 3853 ipsos

155 3875 284 3930 mactabo
995 3871 1168 3924 acirersarios
1183 3870 1353 3927 ostenderet.

189 3966 232 4019 Ita
242 3970 370 4034 egressus
383 3952 748 4016 Deihomolnsolltudinem
762 3958 954 4024 secessitmre-
1032 3958 1089 4012 liei
1104 3964 1209 4025 autem,
1227 3965 1257 4013 ut
1270 3956 1328 4014 haec
1341 3940 1485 4020 inteiletit,
1504 3959 1645 4031 ejusmodi
1661 3960 1792 4015 nuntium

153 4054 218 4108 mle
238 4053 350 4123 quidem
364 4064 398 4105 'reo
414 4051 528 4105 nonrine
544 4048 667 4112 allectus,
694 4044 767 4118 quod
786 4046 953 4119 martyrium
994 4043 1118 4118 graviter
1135 4066 1168 4102 ac
1180 4044 1298 4102 molesto
1317 4046 1411 4103 animo
1426 4049 1542 4120 excepit,
1566 4048 1792 4120 voluptatemque

155 4142 272 4196 minimo
286 4141 409 4206 obiisset,
426 4144 556 4194 catorum
572 4137 649 4192 nullo
674 4152 730 4191 non
745 4137 799 4202 die,
817 4141 953 4207 quantum
995 4128 1793 4208 suamnirestitiainterrumpisensitNihiiominustamea,

155 4221 190 4286 ali
201 4229 398 4286 censcientiam
409 4229 520 4294 attinet,
533 4228 670 4299 martyrio
678 4224 896 4297 drogonemque
904 4218 956 4279 ad-
997 4224 1025 4277 in
1037 4224 1145 4294 p'rirata
1158 4220 1278 4295 quadarn
1289 4221 1409 4291 civitate,
1423 4214 1610 4296 pulcherrimo
1626 4227 1735 4297 palatio
1749 4242 1795 4281 ex·

154 4326 251 4376 celsus
266 4319 437 4392 principatus
449 4323 476 4372 ot
487 4318 649 4388 potestates,
663 4315 901 4370 adsersusmtmdi
911 4329 956 4367 ro·
997 4318 1113 4377 structo,
1138 4310 1339 4384 splendidaque
1362 4312 1444 4368 domo
1459 4315 1609 4379 elaborata,
1627 4312 1684 4368 illic
1707 4314 1796 4370 filium

156 4413 247 4465 ctutes
258 4407 437 4463 tenebrarum
447 4404 532 4477 liujus
543 4404 646 4467 saeculi,
655 4402 789 4458 altrorsus
799 4372 986 4475 spiritudini]
997 4392 1150 4465 collocarit,
1162 4401 1303 4472 jussitque
1320 4398 1352 4456 ul
1371 4402 1473 4456 exactis
1485 4403 1582 4473 primis
1597 4402 1690 4458 aetatis'
1705 4402 1794 4469 annis,

156 4494 298 4571 nequitiae,
309 4496 388 4552 titali
401 4494 502 4549 beatus
516 4492 630 4558 Paulus,
647 4492 783 4547 dimicans
797 4495 954 4561 luporem).
998 4490 1082 4545 nullis
1098 4489 1131 4544 ad
1148 4508 1211 4544 oum
1230 4508 1357 4545 accessus
1376 4497 1496 4563 pateret.
1519 4493 1610 4565 litque
1631 4488 1798 4567 pedagogos

157 4587 229 4640 Corn
244 4582 714 4656 igiturilleabiisset,rexgratiore
729 4574 874 4634 iracundia
890 4584 957 4633 con·
999 4580 1053 4650 ipsi
1068 4584 1097 4633 ot
1117 4580 1259 4634 ministros
1279 4586 1361 4636 aetate
1380 4574 1512 4635 ilorentes
1534 4581 1693 4651 eximiaque
1708 4580 1799 4635 forma

158 4674 270 4741 citatus
283 4675 418 4729 acriorem
434 4671 656 4743 persecutionem
670 4671 803 4723 alrersus
823 4666 958 4722 monasti·
1000 4656 1130 4739 pitoditos
1150 4669 1332 4728 constituens,
1347 4666 1400 4724 hoe
1415 4670 1482 4741 ipsis
1502 4669 1655 4733 mandavit,
1674 4674 1710 4724 ut
1730 4668 1799 4723 nihil

159 4772 224 4817 tum
239 4764 340 4833 agmen
355 4768 493 4827 examore,
511 4758 674 4830 majoreque
693 4754 798 4812 nonore
812 4750 903 4823 *ΣΝ
921 4754 959 4810 si·
1001 4764 1098 4811 eorum
1112 4775 1172 4829 qua
1184 4756 1212 4812 in
1224 4759 1275 4812 bac
1287 4755 1342 4813 rita
1352 4744 1543 4814 maiestasunt
1551 4766 1731 4830 perspectum
1746 4758 1801 4831 ipsi

161 4848 349 4905 inuiacromm
364 4851 485 4905 cultores
504 4866 537 4904 ac
555 4838 714 4903 sacerdotes
735 4844 844 4901 allicere
859 4846 955 4918 ooepit.
1001 4843 1800 4913 iacerent,nonmortemnoasonectutom,nonmorbum.

198 4938 263 4992 on».
278 4934 327 4994 lii.
341 4969 372 4979 -
393 4941 463 4993 Oum
483 4940 578 4994 autem
593 4952 640 4992 rex
654 4938 682 4991 in
696 4942 755 4991 tam
772 4936 849 5005 gravi
865 4938 960 4989 orrdre'
1002 4949 1057 4990 non
1080 4933 1284 5007 paupertatem,
1306 4955 1362 4991 non
1378 4937 1530 5008 quidquam
1549 4925 1627 4991 aliud
1640 4937 1801 5004 molestiae,

161 5025 580 5097 atthlmpustulateisaretur,
589 5024 745 5080 nascituroi
752 5020 961 5094 elegantissima
1002 5025 1130 5096 quodque
1144 5025 1198 5096 ipsi
1209 5025 1423 5081 oliioctationem
1433 5026 1613 5097 interpellare
1632 5031 1748 5100 posset3
1762 5042 1804 5115 ep

163 5117 254 5170 torma
264 5115 349 5179 illius,
359 5116 443 5186 atque
451 5130 483 5168 ex
496 5128 530 5170 ea
539 5112 746 5187 pulchritudino
755 5127 818 5185 quae
826 5106 878 5184 ipsi
888 5110 960 5167 aliu-
1002 5126 1064 5168 rum
1081 5114 1177 5168 onmia
1185 5115 1308 5184 jucundo
1322 5122 1350 5169 et
1370 5132 1433 5169 cum
1449 5115 1526 5170 suavi
1541 5115 1635 5169 fructu
1649 5117 1805 5186 conjuncta
1824 5144 1829 5155 ·

161 5210 193 5259 td
209 5209 269 5258 erat
280 5204 309 5258 ln
320 5203 394 5274 qdod
407 5204 532 5258 lutnrum
546 5211 607 5259 orat
622 5205 803 5276 praesignans.
823 5202 869 5257 sic
884 5198 960 5256 onim
1001 5208 1198 5274 proponerent,
1212 5210 1243 5257 ut
1255 5202 1286 5257 in
1299 5198 1342 5257 iris
1354 5204 1443 5276 ipsius
1457 5205 1567 5258 animus
1581 5221 1645 5258 cum
1658 5204 1805 5276 voluptate

162 5306 292 5348 sannone
301 5291 442 5346 terebatur
453 5292 623 5347 inillatolra
636 5300 753 5364 puerum
763 5293 823 5363 pari
837 5287 961 5363 pulchri·
1003 5308 1035 5345 ac
1049 5291 1155 5345 deliciis
1175 5309 1296 5357 versans,
1316 5292 1513 5348 nihilomnino
1528 5310 1623 5347 rorum
1641 5292 1816 5349 suturarum.

163 5382 261 5440 tudine
279 5398 312 5436 ae
328 5386 473 5436 venustate
489 5394 627 5453 nusquam
642 5370 963 5435 exstitisseinxantom
1004 5380 1173 5449 cogitatione
1189 5383 1334 5453 complecti
1353 5389 1456 5454 posset,
1472 5400 1504 5457 ac
1524 5400 1560 5437 ne
1579 5381 1662 5437 serbo
1688 5383 1806 5454 quidem

163 5472 199 5528 ob
211 5471 290 5545 putri
305 5465 481 5526 nativitatem
496 5471 616 5524 maximo
626 5468 729 5541 gaudio
744 5466 881 5540 potiusne,
899 5474 962 5523 eunt
1004 5466 1086 5524 tenus
1101 5469 1135 5523 de
1150 5468 1253 5525 Christi
1276 5468 1408 5542 reiigione
1429 5473 1573 5545 ipsiusque
1587 5471 1710 5547 decretis
1726 5472 1808 5547 quid·

163 5545 298 5634 lotapirat
307 5555 475 5626 nominarim
488 5565 573 5632 atque
590 5559 625 5614 ad
639 5552 777 5614 idolorum
791 5556 898 5630 templa
913 5556 963 5613 dc*
1005 5566 1088 5631 quam
1104 5554 1302 5618 audiretNam
1311 5554 1363 5616 hoc
1376 5579 1433 5634 pra
1448 5561 1576 5617 omnibus
1588 5561 1674 5617 rebus
1690 5561 1748 5634 ipsi
1756 5580 1809 5618 oc·
