3818 6120
129 231 200 290 ioca
678 230 725 287 DE
745 230 839 288 vius
858 229 1006 288 PATRUM
1024 230 1132 288 claua
1151 230 1212 289 vn.
1706 228 1771 287 loci

165 361 218 416 Καὶ
242 348 307 414 εἶπεν
329 358 343 413 6
364 363 471 430 πρῶτος,
495 354 509 408 6
529 356 568 408 καὶ
589 355 750 426 πρεσθύτερος
772 354 795 419 ἐξ
820 354 900 411 αύτῶν
920 360 962 418 Ἀ
1009 357 1037 410 ι’.
1046 356 1079 411 Ὁ
1090 359 1190 420 δέκατος
1202 347 1262 410 εἷπε·
1277 376 1289 409 ε
1303 355 1394 410 Διόλου
1409 351 1460 426 ἐγὼ
1468 354 1511 409 τόν
1522 355 1651 427 ’Ἄγγελον
1666 353 1711 410 τόν
1725 375 1771 409 πα·

130 433 228 504 αΕγὼ,
237 428 346 502 ἀδελφοί,
355 425 395 518 ἀφ’
406 423 434 482 ού
443 426 555 513 ἠρξάμην
565 425 772 499 ῆσυχάζειν,ύλο·ν
784 427 928 499 ἐσταύρωσα
970 429 1108 503 ραμένοντά
1123 449 1165 500 μοι
1179 432 1266 500 θεωρῶ
1280 428 1395 496 πλήσιον,
1411 427 1451 479 καί
1464 434 1534 498 τηρῶ
1552 425 1660 498 ἐμαυτόν
1681 425 1774 481 ἐννοῶν

129 501 233 576 ἐμαυτόν
255 512 305 562 τοῖς
331 519 481 571 πράγμασιν,
504 506 593 550 εννοῶν
613 495 642 550 τό
661 501 830 570 γεγραμμένον
843 501 927 569 (Psal.
969 502 998 556 τὸ
1012 503 1190 587 γεγραμμένον·
1208 501 1376 570 ΙΙροωρεύμην
1389 495 1431 551 τόν
1444 499 1536 569 Κύριον
1550 497 1655 551 ἐνώπιόν
1670 519 1719 569 μου
1732 496 1770 551 διά

130 591 160 642 ιι,
177 577 215 640 3),
233 570 409 643 Διαρρήξωμεν
424 568 480 631 τούς
496 568 599 639 δεσμούς
615 565 704 632 αύτῶν,
724 572 764 622 καὶ
784 566 929 642 ἀπορρίψω·
970 567 1070 634 παντός·
1087 592 1124 623 οτι
1143 569 1168 624 ἐκ
1187 571 1271 644 δεξιῶν
1292 590 1339 640 μου
1359 568 1432 633 ἐστίν,
1454 570 1492 621 ίνα
1507 569 1540 640 μὴ
1556 571 1671 622 σαλευθῶ
1687 572 1768 633 (Psoi.

131 667 174 718 μεν
190 643 230 714 ἀφ’
245 647 317 715 ἡμῶν
331 640 373 694 τόν
388 639 461 712 ζυγόν
477 637 566 692 αύτῶν.
585 640 636 694 Καί
650 650 733 712 τεῖχος
751 644 835 712 ὥσπερ
855 645 929 709 ποιή-
970 661 1016 708 xv,
1029 642 1067 707 8).
1083 643 1213 713 Φούοῦμαι
1229 645 1270 694 σύν
1285 638 1367 703 αύτόν,
1384 642 1418 701 ὡς
1432 641 1552 711 τηροῦντά
1563 660 1615 725 μου
1628 640 1674 702 τάς
1689 641 1769 704 ὁδούς,

129 737 173 778 σας
187 712 233 767 ἀνά
249 717 322 785 μέσον
337 720 380 780 τῆς
396 713 477 784 ψυχῆς
491 731 537 782 μου
552 712 592 763 καὶ
610 716 660 763 τῶν
680 719 828 782 σωματικῶν
847 733 928 784 πραγ-
969 717 1009 767 καί
1022 715 1075 767 καθ’
1091 714 1193 780 ἑκάστην
1209 708 1373 784 ἀνερχόμενον
1388 711 1449 782 πρός
1463 709 1505 764 τόν
1518 711 1596 777 Θεον,
1612 713 1653 764 καί
1669 710 1771 783 ἐμφανί·

129 788 225 858 μάτων,
247 775 315 838 είπον
335 782 359 837 ἐν
380 788 410 855 τῆ
431 784 526 851 διανοίᾳ
545 802 602 853 μου,
619 781 680 836 ’Ὁτι
695 784 778 851 ὥσπερ
794 783 808 836 6
823 785 872 837 ἐσω
885 789 929 837 τοῦ
969 784 1044 849 ζοντά
1059 805 1105 856 μου
1119 785 1150 836 τά
1165 786 1224 855 ἐργα
1235 785 1275 835 καὶ
1290 783 1346 844 τούς
1360 783 1457 854 λόγους.
1476 804 1489 834 ιν
1825 788 1830 800 ’

131 859 228 930 τείγους
248 853 305 928 ούγ’
324 855 371 926 ὁρᾷ
389 852 431 907 τόν
450 852 497 916 ἔξω
517 855 621 916 ἑστῶτα,
644 854 709 905 οὕτω
728 854 790 922 μηδὲ
808 875 837 907 συ
856 857 929 907 θελέ-
1007 855 1052 909 ια’.
1074 855 1248 930 Ὁμένδέκατος
1262 855 1315 924 ἐφη·
1333 871 1347 906 τ
1369 852 1439 925 Ἐγὼ
1458 853 1592 924 πρόσωπον
1612 851 1702 916 ἐπιθεὶς
1721 865 1771 917 ταῖς

129 921 252 1014 σηςρρᾷν
272 919 303 980 τά
321 933 371 979 τῶν
391 923 458 986 ἐκτός
477 924 620 995 πράγματα,
642 919 706 976 ἀλλά
721 935 733 963 ¹
748 932 831 978 σαυτῶ
849 925 929 998 πρόσ-
971 922 1077 998 ἀρεταῖς,
1094 927 1216 1016 οίονγτίην,
1228 923 1379 1016 ἐγκρατείαν,
1393 925 1444 1012 ντήν
1465 928 1635 1009 φωφροσύνην,
1656 926 1702 992 τὴν
1723 947 1770 997 μα-

818 981 823 998 i

130 1018 181 1073 εγε,
208 997 368 1070 εκδεγόμενος
389 997 433 1063 τὴν
457 993 545 1048 ἐλπίδα
565 1000 609 1048 τοῦ
632 994 700 1050 Θεοῦ
724 1015 777 1048 σου.
802 997 879 1050 Ούτω
903 996 929 1050 δὲ
969 999 1111 1069 κροθυμίαν,
1135 1017 1179 1063 την
1203 1016 1310 1067 αγαπην,
1336 1016 1367 1057 εις
1390 1014 1493 1066 εμαυτον
1518 999 1618 1063 ἔστησα,
1643 1000 1771 1059 κυκλώσας

129 1072 196 1144 ἐγων
219 1062 395 1138 τάςπονηράς
422 1065 557 1137 ἐπιθυμίας,
583 1069 617 1127 ὡς
641 1064 705 1136 ὄφεις
726 1068 766 1119 καί
789 1072 929 1139 γεννήματα
990 1089 1018 1122 ου
1031 1066 1212 1130 αύτάς.”οπου
1227 1069 1249 1120 δ’
1265 1066 1294 1118 ἀν
1310 1063 1420 1131 ἀπέλθω,
1434 1068 1510 1136 λέγω·
1526 1068 1585 1122 Ποῦ
1599 1066 1659 1120 είσίν
1674 1070 1698 1121 oi
1713 1088 1771 1121 παι-

130 1132 246 1214 ἐγήιδνῶν,
262 1137 319 1192 όταν
334 1139 457 1208 αἴσθωμαι
473 1136 496 1190 ἐν
511 1143 541 1209 τῆ
553 1138 641 1207 καρδίᾳ
662 1157 708 1207 μου
728 1141 848 1210 φυομένας
869 1141 929 1191 ταύ-
970 1141 1081 1211 οαγωγοί
1092 1157 1152 1201 σου;
1170 1139 1202 1211 μὴ
1219 1133 1388 1214 όλιγωμήσης,
1405 1138 1438 1207 μὴ
1453 1133 1597 1211 ἀκηδιάαῃς,
1613 1140 1683 1224 ἐγων
1699 1137 1771 1202 αύτάς

128 1233 182 1276 τας,
203 1213 338 1297 προρέγιων
357 1207 439 1271 αύταῖς
460 1206 521 1280 μετά
543 1204 643 1275 ἀπειλῆς
660 1209 700 1260 καί
718 1201 802 1291 ρργῆς,
823 1211 863 1262 καὶ
885 1209 929 1277 ξη-
971 1208 1040 1282 ἐγγύς
1055 1229 1098 1263 σου
1113 1208 1154 1262 διά
1173 1208 1273 1271 παντός·
1290 1213 1330 1261 οία
1348 1195 1424 1270 θέλεις
1444 1209 1523 1281 ὁμίλει
1541 1211 1597 1281 περὶ
1616 1217 1716 1278 αρετῆς,
1733 1211 1771 1263 ἵνα

130 1285 207 1356 φαίνω
231 1302 314 1343 αυτας,
340 1282 381 1333 καί
402 1277 445 1332 ούκ
470 1278 613 1349 ἐπαυσάμην
635 1279 694 1332 ποτὲ
716 1280 871 1350 οργιζόμενος
892 1287 929 1352 τῷ
971 1281 1033 1352 μετά
1051 1280 1155 1334 θάνατόν
1175 1299 1218 1333 σου
1236 1283 1426 1368 μαρτυρήσωσιν
1446 1280 1506 1351 ύπέρ
1525 1301 1569 1334 σου
1587 1289 1624 1353 τῷ
1644 1281 1716 1353 Θεῷ,
1737 1284 1770 1344 ὡς

130 1354 229 1425 σῶματί
247 1373 293 1424 μου
312 1354 352 1405 καί
370 1356 400 1424 τῆ
422 1352 490 1423 ψυχῇ
511 1369 567 1422 μου,
590 1353 629 1402 ἵνα
648 1350 723 1420 μηδὲν
743 1353 835 1422 φαῦλον
855 1355 928 1420 ποιή·
970 1354 1070 1424 εύρῆσαι
1085 1347 1219 1404 ἀνάπαυσιν
1232 1372 1256 1406 εν
1271 1353 1318 1404 σοί.
1338 1368 1351 1403 ν)

131 1444 216 1479 σωσιν.
235 1441 248 1476 υ
598 1479 611 1495 ν
1007 1422 1091 1477 ι6’.Ὁ
1104 1424 1242 1486 δωδέκατος
1256 1423 1310 1492 ἐφη·
1326 1439 1340 1474 α
1357 1421 1444 1493 Ὑμεῖς
1457 1422 1510 1493 μὲν,
1528 1424 1641 1493 πατέρες,
1658 1421 1768 1494 ούράνιον

168 1495 205 1566 β’.
225 1494 258 1550 Ὁ
269 1495 379 1565 δεύτερος
388 1495 463 1564 λέγει·
477 1511 490 1546 (ι
508 1491 578 1563 Ἐγὼ
589 1494 656 1544 εἰπον
667 1488 765 1563 ἐμαυτῷ
776 1487 817 1563 ἀφ’
828 1488 856 1546 ού
867 1490 928 1547 ἀπε·
969 1495 1068 1567 ἔγοντες
1090 1496 1224 1558 πολιτείαν,
1245 1490 1346 1563 ούράνια
1365 1494 1406 1546 καί
1425 1493 1457 1545 τά
1477 1497 1622 1564 φρονήματα
1643 1497 1766 1561 κέκτησθε·

129 1567 241 1637 ταξάμην
263 1570 293 1637 τῆ
307 1571 349 1637 γῆ,
367 1565 428 1619 Ὀτι
447 1568 477 1631 σή
500 1583 554 1635 ερον
574 1558 740 1633 ἀνεγεννήθης,
761 1566 868 1634 σήμερον
889 1563 928 1618 ἐν·
968 1557 1008 1619 καλ
1030 1562 1098 1618 οὐδὲν
1118 1563 1267 1635 θαυμαστόν·
1285 1559 1477 1635 ἀπηρτισμένους
1495 1563 1542 1636 γάρ
1562 1566 1624 1635 ὑμᾶς
1647 1565 1701 1635 ὁρῶ
1720 1575 1769 1627 τοῖς

129 1641 206 1692 ταῦθα
225 1646 349 1708 παροικεῖν
368 1635 444 1707 ἤρξω.
466 1585 548 1696 Θύτος
567 1635 608 1687 ico
629 1634 682 1685 καθ’
698 1634 810 1701 ἑκάστην,
834 1638 868 1698 ὡς
888 1636 928 1699 ξέ-
970 1639 1058 1708 ἔργοις,
1077 1637 1118 1688 καί
1135 1634 1166 1688 τά
1186 1633 1237 1688 ἀνω
1257 1637 1399 1697 διώκοντας.
1423 1635 1485 1699 Καὶ,
1507 1637 1531 1688 τί
1552 1635 1633 1700 είπω;
1658 1638 1699 1688 καί
1718 1647 1769 1698 ταῖς

130 1729 181 1773 νος,
196 1710 237 1761 καὶ
251 1709 334 1777 αύριον
350 1703 577 1777 ἀπαλλαττόμενος.
595 1705 646 1759 Καὶ
666 1709 737 1758 τοῦτο
757 1702 855 1778 ἐμαυτῷ
874 1709 927 1761 καθ’
969 1709 1086 1768 διανοίαις
1101 1705 1236 1778 ἐπαίρεσθε·
1251 1710 1282 1778 τῆ
1296 1705 1343 1777 γάρ
1363 1706 1463 1776 δυνάμει
1482 1708 1638 1777 μετατίθεσθε
1659 1703 1709 1759 ἀπό
1727 1715 1769 1774 τῆς

131 1780 234 1847 ἑκάστην
248 1779 448 1849 συμύουλεύω.»
936 1758 960 1817 Β
987 1786 1023 1846 ῆς,
1050 1778 1073 1830 oi
1095 1777 1193 1839 ἑαυτούς
1217 1778 1344 1840 παντελῶς
1368 1773 1614 1848 άπαλλοτριῶσαντες
1638 1775 1664 1840 ἐξ
1686 1776 1766 1846 αύτῆς.

165 1850 202 1922 γ’.
221 1850 254 1904 Ὁ
268 1851 384 1920 τρίτος·ε
403 1849 474 1920 Ἐγὼ
489 1843 538 1900 ἀπὸ
552 1844 646 1917 πρωίας
661 1841 799 1919 ἀνέρχομαι
813 1848 874 1919 πρὸς
886 1848 928 1904 τόν
968 1799 1002 1904 Κί
1025 1849 1087 1902 είπω
1110 1851 1192 1920 ύμῦς;
1218 1846 1336 1919 ἐπιγείους
1358 1845 1485 1920 άγγελους,
1508 1850 1548 1901 καί
1570 1847 1699 1935 ούρανίους
1723 1846 1766 1902 α’ν·

131 1921 172 1977 Κύ
190 1920 226 1974 ιόν
246 1939 303 2008 μου,
323 1920 363 1973 καί
382 1921 551 1990 προσκυνήσας
570 1914 646 1988 αύτῷ,
668 1918 746 1987 ρίπτω
766 1916 869 1988 ἐμαυτόν
890 1918 928 1974 ἐπί
969 1923 1090 1992 θρώπους,
1106 1921 1146 1973 καί
1163 1917 1206 1972 ούκ
1221 1918 1249 1971 ἀν
1266 1919 1410 1990 ἁμάρτοιμι·
1431 1918 1480 1990 ἐγὼ
1500 1919 1526 1972 δέ
1547 1920 1581 1973 ἔτι
1599 1919 1707 1991 εμαυτόν
1726 1926 1768 1973 τοῦ

131 2013 148 2046 π
167 1942 265 2045 όσωπον
290 2010 347 2061 μου,
373 1988 595 2062 ἐξομολογούμενος
611 1987 642 2040 τά
658 1991 849 2060 παραπτώματά
889 2011 926 2045 ου.
968 1994 1079 2045 τοιούτου
1093 1992 1168 2062 κρίνω
1181 1987 1288 2052 ἀνάξιον·
1303 1987 1364 2043 ὅπου
1377 1991 1400 2042 δΙ
1416 1989 1445 2043 ἀν
1459 1986 1767 2061 ἀπελθωήπεριστραφῶ,

131 2011 185 2119 Καὶ
200 2063 264 2115 οὕτω
279 2062 418 2114 καταύαίνω
433 2066 575 2132 προσκυνῶν
588 2057 789 2130 τούςἈγγέλους
804 2068 848 2114 τοῦ
861 2013 929 2118 Θεοῦ
969 2065 1104 2134 ἔμπροσθέν
1134 2081 1180 2132 μου
1205 2064 1303 2132 καθορῶ
1329 2062 1550 2131 προλαμόανούσας
1578 2061 1622 2124 τίις
1650 2063 1769 2133 ἁμαρτίας

132 2135 245 2206 εύγεσθαι
268 2133 327 2204 ὑπὲρ
350 2130 410 2204 ἐμοῦ
429 2134 469 2185 καί
488 2133 568 2198 πάσης
585 2137 629 2197 τῆς
645 2132 754 2193 κτίσεως.
777 2132 830 2186 Καί
848 2130 885 2186 ὅτ’
900 2132 928 2186 ἀν
970 2154 1026 2205 μου,
1042 2135 1083 2185 καὶ
1099 2135 1109 2156 '
1125 2133 1177 2203 ὁρῶ
1197 2128 1233 2185 ἀεὶ
1252 2132 1319 2194 δεξιά
1336 2134 1376 2184 καὶ
1396 2128 1520 2203 ἀριστερά·
1536 2131 1561 2185 ἐν
1576 2143 1628 2194 τοῖς
1641 2137 1769 2205 καταχθο-

128 2197 202 2260 τοῦτο
222 2202 364 2266 ἐπιτελέσω,
385 2207 539 2295 κατέργομαι
558 2200 582 2254 ἐν
600 2206 630 2272 τῆ
650 2197 758 2273 ἀύύσσῳ.
775 2203 826 2258 Καὶ
845 2207 929 2277 ὥσπερ
969 2206 1027 2266 νίοις
1048 2201 1133 2257 ἑαυτόν
1159 2203 1321 2264 καταδικάσας
1343 2205 1419 2274 λέγω·
1437 2203 1504 2258 Ἔσο
1525 2202 1587 2275 μετὰ
1605 2206 1712 2267 τούτων,
1735 2199 1769 2256 ὧν

131 2276 155 2331 oi
176 2275 293 2330 Ἰουδαῖοί
306 2294 375 2338 ποτε,
392 2273 431 2328 ἐπὶ
451 2272 576 2344 Σοδόμοις
594 2274 634 2324 καὶ
650 2271 789 2344 Γομόρροις
805 2270 926 2341 ἀπιόντες,
970 2264 992 2328 εί
1013 2274 1087 2339 ἄξιος,
1111 2272 1134 2327 ἐν
1155 2276 1248 2336 τούτοις
1266 2275 1314 2346 γάρ
1335 2272 1419 2346 μικρόν
1438 2275 1538 2344 ὕστερον
1558 2277 1767 2346 καταλογισθήση·

128 2348 170 2401 καί
190 2345 398 2419 περιοριζόμενον,
420 2347 460 2398 καί
482 2346 625 2415 δακρύοντες
642 2341 681 2396 ἐπὶ
699 2351 729 2416 τῇ
749 2351 863 2417 συμφορᾷ
878 2354 928 2400 τῶν
969 2349 1056 2417 θεωρῶ
1075 2338 1116 2399 οὖν
1136 2342 1192 2411 ἐκεῖ,
1210 2347 1321 2416 πατέρες,
1343 2343 1453 2416 οἰμωγάς
1471 2347 1511 2397 καὶ
1530 2345 1624 2416 δάκρυα
1645 2345 1767 2405 ἄπαυστα,

129 2420 243 2490 πατέρων
265 2415 354 2479 αύτῶν,
380 2417 445 2470 ούτω
467 2413 536 2486 aaa
557 2417 721 2486 περιέρχομαι
740 2417 783 2478 τάς
805 2417 927 2483 κολάσεις,
969 2418 986 2470 ά
1006 2415 1083 2479 ούδείς
1106 2418 1206 2469 δύναται
1229 2418 1268 2483 διη
1295 2419 1399 2483 γσασθαι.
1423 2416 1522 2487 Θεωρῶ
1542 2437 1609 2479 τινας
1633 2419 1769 2489 βρύχοντας

129 2491 170 2542 καὶ
188 2492 275 2560 θεωρῶ
294 2486 324 2541 τά
345 2489 398 2540 ίδια
417 2489 478 2558 μέλη
498 2437 688 2556 ρασανιζόμενα,
708 2487 749 2538 καί
767 2488 846 2541 κλαίω
866 2490 928 2561 μετά
969 2488 1024 2550 τούς
1041 2483 1153 2552 ὀδόντας,
1169 2488 1210 2539 καί
1224 2489 1276 2540 παλ
1293 2490 1393 2558 ομένους
1410 2485 1463 2558 ὅλῳ
1477 2495 1513 2559 τῷ
1530 2492 1640 2558 σώματι,
1656 2490 1697 2540 καὶ
1712 2492 1768 2560 τρέ-

130 2559 276 2613 κλαιόντων.
295 2576 308 2612 ν
970 2579 1059 2631 μοντας
1079 2555 1128 2612 ἀπό
1147 2560 1252 2644 κεφαλῆς
1272 2560 1318 2620 ἕως
1337 2561 1431 2611 ποδῶν.
1452 2561 1492 2611 καὶ
1509 2560 1582 2681 ρίψας
1601 2557 1709 2630 ἐμαυτόν
1731 2557 1769 2613 ἐπὶ

166 2629 203 2683 δ’.
221 2629 254 2684 Ὁ
266 2629 292 2683 δέ
302 2631 417 2699 τέταρτος
426 2628 480 2698 ἐφη·
495 2645 507 2678 ε
524 2624 594 2696 Ἐγὼ
604 2627 682 2689 ούτως
692 2625 740 2716 είμὶ
751 2632 785 2691 ὡς
797 2626 820 2682 ἐν
830 2635 867 2701 τῷ
877 2628 927 2702 όρει
968 2638 1011 2698 τῆς
1029 2637 1083 2702 γῆς,
1104 2631 1144 2682 καὶ
1163 2632 1255 2682 σποδον
1273 2629 1487 2701 καταπασάμενος,
1517 2632 1608 2683 κετεύω
1628 2629 1671 2683 τόν
1691 2630 1767 2695 Θεὸν,

130 2706 180 2754 τῶν
193 2699 282 2754 ἐλαιῶν
294 2702 439 2772 καθήμενος,
454 2695 515 2769 μετὰ
526 2703 569 2749 τοῦ
582 2697 675 2783 Κυρίου
686 2720 725 2751 και
734 2707 784 2752 τῶν
800 2699 928 2754 Ἀποστό-
968 2708 1017 2755 τῶν
1033 2708 1165 2772 συμφορῶν
1185 2698 1281 2754 ἐκείνων
1296 2709 1381 2772 πεῖραν
1401 2700 1434 2771 μὴ
1455 2702 1547 2753 λαόεῖν.
1567 2702 1663 2754 Βλέπω
1683 2701 1711 2753 δέ
1729 2702 1768 2754 καὶ

130 2773 182 2826 λων
198 2769 281 2835 αύτοῦ,
299 2772 339 2823 καί
355 2768 448 2823 είπονέ
470 2774 545 2840 αυτῷ·
568 2768 634 2822 Ἀπο
652 2775 695 2821 τοῦ
713 2776 754 2822 νῦν
774 2774 867 2841 μηδένα
887 2775 927 2843 γί-
968 2773 1093 2826 θάλασσαν
1117 2769 1202 2842 πυρός,
1227 2771 1400 2843 καχλάζουσαν
1425 2768 1578 2843 ἀμετρήτως,
1612 2774 1653 2824 καί
1681 2775 1770 2843 διαφυ·

130 2863 209 2896 νωσκε
223 2842 285 2896 κατά
299 2842 378 2912 σάρκα
396 2861 401 2874 ·
419 2791 483 2892 ἀλλὰ
499 2839 551 2911 μετ’
567 2836 647 2892 αύτῶν
662 2841 703 2893 ico
716 2840 757 2893 διά
776 2840 866 2904 παντός
884 2842 926 2897 τόν
968 2850 1061 2908 σῶσαν,
1078 2844 1117 2895 καὶ
1133 2845 1287 2913 μυκωμένην·
1305 2846 1338 2904 ῶς
1353 2844 1451 2913 νομίσαι
1469 2843 1522 2896 τινά
1541 2845 1587 2905 ἕως
1600 2849 1647 2896 τοῦ
1663 2841 1770 2930 ούρανοῦ

130 2915 205 2982 ζῆλον
227 2910 306 2966 αύτῶν
324 2913 365 2965 καί
387 2911 430 2979 τὴν
450 2912 573 2964 πολιτείαν
596 2913 753 2982 μιμούμενος,
777 2916 810 2975 ῶς
829 2916 844 2981 ῆ
863 2914 925 2982 καλὴ
968 2914 1063 2986 φθάνειν
1082 2915 1113 2966 τά
1129 2917 1259 2984 μυκήματα
1273 2920 1316 2967 τοῦ
1331 2913 1415 2984 πυρός·
1432 2915 1471 2966 καὶ
1492 2911 1515 2966 ἐν
1529 2920 1559 2986 τῆ
1578 2915 1673 2986 φοόερᾷ
1692 2917 1769 2987 εκείνη

131 2984 219 3056 Μαρία
240 2982 307 3054 παρά
324 2983 379 3044 τούς
398 2981 475 3044 πόδας
494 2986 537 3035 τοῦ
558 2981 651 3069 Κυρίου
669 2985 802 3070 καθημένη,
818 2986 858 3036 καί
876 2992 926 3038 τῶν
967 2986 1078 3056 θαλάσση
1103 2981 1280 3056 ἀναριθμήτους
1305 2980 1447 3055 ἀνθρώπους
1470 2983 1629 3056 ἐρριμμένους
1653 2983 1702 3039 aad
1723 3006 1769 3057 ρο-

129 3053 213 3127 λόγων
228 3052 303 3107 αύτοῦ
317 3049 438 3107 ἀκούουσα
454 3074 460 3087 ·
476 3054 574 3108 Γίνεσθε
590 3072 664 3123 αγιοι,
680 3051 717 3106 ότι
732 3056 780 3125 εγὼ
795 3055 863 3127 ἀγιός
878 3055 927 3128 είμι
968 3058 1046 3128 όερῶν
1061 3056 1100 3108 καὶ
1118 3051 1209 3126 ἀγρίων
1225 3051 1346 3127 ἀγγέλων,
1362 3056 1402 3108 καί
1422 3060 1466 3128 μιᾷ
1485 3061 1554 3128 φωνῇ
1573 3056 1667 3118 πάντας
1687 3059 1771 3127 βοῶν·

131 3129 155 3193 11
168 3130 223 3182 Pa.
240 3141 259 3192 1,
275 3124 344 3193 16)·
365 3126 458 3195 γίνεσθε
472 3122 547 3193 οίκτίρ
568 3143 630 3187 ονες,
648 3127 681 3185 ῶς
695 3125 708 3177 6
722 3126 813 3197 Πατὴρ
825 3129 897 3197 ἡμῶν
913 3127 956 3217 60
967 3147 1020 3190 τας,
1041 3128 1081 3178 καὶ
1100 3120 1262 3190 όλολύζοντας
1281 3126 1353 3197 όμοῦ,
1374 3127 1427 3188 οἵας
1446 3124 1524 3188 ούδεὶς
1545 3129 1648 3194 ήκουσεν
1666 3125 1707 3180 ἐπὶ
1725 3135 1770 3199 γῆς

131 3195 155 3251 ἐν
178 3207 229 3259 τοῖς
252 3194 363 3268 ούρανοῐς
389 3197 473 3262 (Luca
486 3208 524 3261 ι’ῖ,
543 3144 585 3259 66)
606 3197 719 3265 ·γίνεσθε
738 3199 835 3261 τέλειοι,
857 3201 890 3259 ὡς
913 3198 927 3251 6
969 3192 1089 3269 ύλολυγάς
1107 3199 1147 3250 καί
1166 3198 1257 3268 φωνάς·
1278 3199 1318 3249 καὶ
1337 3200 1421 3268 ῶσπερ
1441 3219 1457 3269 φ
1474 3200 1562 3269 ύγανον
1582 3198 1677 3260 πάντας
1699 3218 1770 3252 καιο-

130 3269 222 3341 Πατῆρ
233 3270 306 3341 ἡμῶν
319 3267 332 3320 ό
344 3264 368 3320 ἐν
381 3277 430 3330 τοῖς
445 3265 556 3339 οὐρανοῖς
570 3267 676 3332 (Maeci.
688 3284 713 3333 ν,
726 3266 772 3338 18)
785 3290 790 3301 ·
803 3270 853 3332 καί,
871 3269 928 3323 Μά-
969 3273 1064 3340 μένους·
1085 3270 1126 3321 καί
1147 3268 1202 3330 τούς
1224 3266 1362 3339 οίκτιρμούς
1383 3274 1426 3321 τοῦ
1449 3218 1517 3324 Θεοῦ
1539 3264 1770 3340 ἀποστρεφομένους

129 3342 183 3394 θετε
209 3335 251 3392 ἀπ’
268 3336 338 3409 ἐμοῦ,
363 3334 400 3391 ότι
424 3337 501 3409 πρᾶός
526 3333 574 3407 εἶμι
597 3337 636 3389 καὶ
657 3336 769 3401 ταπεινός
788 3344 818 3412 τῆ
840 3341 928 3412 καρδίᾳ
970 3337 1011 3393 ἀπ’
1028 3338 1118 3403 αύτῶν,
1134 3338 1175 3391 oa
1193 3338 1236 3401 τὰς
1256 3335 1358 3411 ἀνομίας
1378 3336 1467 3392 αύτῶν.
1490 3340 1541 3394 Καί
1560 3339 1616 3393 τότε
1636 3343 1722 3411 θρηνῶ
1740 3337 1769 3394 τό

132 3412 239 3479 (Μαίίίι.
256 3407 365 3476 x1‚29).
383 3429 394 3460 ν
445 3467 458 3482 .
968 3413 1037 3483 γένος
1055 3417 1105 3464 τῶν
1125 3406 1272 3481 ἀνθρώπων,
1293 3417 1346 3472 πῶς
1364 3412 1446 3481 τολμά
1464 3413 1504 3463 καί
1521 3411 1631 3479 λαλῆσαι
1651 3411 1738 3482 λόγον,
1753 3411 1768 3479 ἢ

166 3481 217 3536 στ’.
234 3481 267 3535 Ὁ
278 3480 305 3534 δὲ
314 3482 424 3550 πέμπτος
436 3483 535 3533 είπεν·((
552 3478 622 3550 Ἐγὼ
631 3485 686 3543 τοῦς
699 3480 833 3553 Ἀγγέλους
841 3485 928 3553 θεωρῶ
969 3492 1088 3554 προσχεῖν
1108 3501 1164 3534 τινι·
1186 3483 1310 3534 τοσούτων
1330 3489 1411 3534 κακῶν
1433 3477 1600 3554 ἀποκειμένων
1623 3488 1661 3553 τῷ
1681 3481 1769 3554 κόσμῳ

130 3553 220 3615 πάσαις
243 3555 318 3623 ὥραις
344 3548 523 3624 ἀνεργομένους
545 3552 585 3602 καὶ
608 3555 803 3624 κατερχομένους
826 3551 859 3615 εἷς
883 3554 927 3621 τὴν
968 3555 1008 3607 καί
1024 3551 1047 3606 ἐν
1063 3554 1156 3614 τούτοις
1176 3572 1222 3624 μου
1237 3559 1334 3623 κρατῶν
1349 3553 1392 3620 τὴν
1408 3552 1527 3615 διάνοιαν,
1542 3551 1570 3607 τό
1584 3555 1673 3616 πένθος
1689 3550 1768 3617 ἀσκῶ,

129 3627 214 3693 κλῆσιν
229 3630 278 3677 τῶν
293 3624 380 3695 ψυχῶν
397 3644 403 3655 ·
419 3623 459 3674 καί
474 3621 514 3674 διά
530 3619 619 3682 παντός
635 3620 663 3674 τό
682 3625 752 3686 τέλος
771 3627 926 3696 προσδοκῶν,
970 3613 1063 3678 δείπεν
1079 3624 1092 3676 6
1108 3624 1210 3694 Κύριος,
1234 3618 1331 3686 ἀνάξιον
1353 3625 1393 3676 καί
1414 3629 1457 3676 τοῦ
1477 3621 1581 3695 ούρανοῦ
1600 3626 1642 3676 καί
1661 3633 1707 3691 τῆς
1725 3631 1769 3695 γῆς

129 3697 196 3767 λέγω
213 3716 218 3727 ·
241 3694 347 3764 Ἑτοίμη
363 3695 378 3760 a
393 3693 481 3763 καρδία
516 3712 553 3755 ου,
572 3691 585 3745 6
598 3691 673 3754 Θεός.
692 3714 704 3745 ν
969 3693 1074 3767 ἐμαυτὸν
1087 3696 1178 3765 κρίνας,
1191 3693 1349 3765 λογιζόμενος
1360 3692 1389 3747 τό
1400 3697 1578 3783 γεγραμμένον,
1588 3693 1712 3767 Ἐγεννήθη
1729 3714 1770 3766 μοι

166 3765 216 3819 στ’.
234 3764 267 3819 Ὁ
283 3767 349 3825 ἐκτος
362 3765 437 3834 λέγει·
453 3785 464 3815 ι
484 3714 555 3834 ’Θγὼ
568 3765 707 3834 καθημέραν
723 3767 816 3836 νομίζω
829 3768 928 3829 τούτους
968 3767 999 3820 τὰ
1014 3765 1106 3835 δάκρυα
1121 3785 1168 3836 μου
1181 3763 1253 3836 άρτος
1266 3767 1359 3836 ἡμέρας
1372 3768 1413 3818 καὶ
1427 3786 1510 3828 νυκτος
1528 3768 1610 3838 [Psoi.
1629 3780 1684 3833 xm,
1702 3767 1739 3835 4).
1755 3786 1768 3820 ν

129 3835 185 3898 τούς
205 3834 293 3905 λόγους
315 3830 409 3886 ἀκούειν
431 3853 465 3886 πα
483 3833 498 3885 ἀ
520 3840 563 3886 τοῦ
583 3834 686 3920 Κυρίου·
704 3836 804 3907 Κάμετε
823 3838 855 3889 δι’
874 3836 926 3908 ἐμὲ,
1005 3838 1091 3890 Ταῦτα
1109 3842 1158 3889 τῶν
1178 3844 1260 3907 σοφῶν
1279 3838 1319 3888 καί
1338 3844 1506 3908 πνευματικῶν
1525 3839 1650 3908 πατέρων,
1664 3840 1769 3890 καὶτῶν

130 3905 200 3978 κάγὼ
215 3901 350 3957 ἀναπαύσω
364 3906 435 3975 ὑμᾶς.
448 3855 508 3959 ”En
521 3903 605 3975 μικρόν
617 3908 778 3976 αγωνίσασθε,
790 3909 829 3960 καί
841 3907 927 3980 ὄψεσθε
969 3907 1046 3970 ύντως
1069 3909 1207 3974 ζητούντων
1227 3906 1269 3960 τόν
1292 3908 1396 3978 Κύριον,
1419 3913 1450 3960 τά
1469 3904 1657 3979 ἀποφθέγματα·
1673 3911 1769 3979 γένοιτο

130 3962 159 4032 τό
175 3975 295 4048 σωτήριόν
311 3995 357 4047 μου
371 3976 411 4028 καί
427 3975 470 4042 τῆν
486 3974 558 4037 δόξαν
574 3994 629 4046 μου.
649 3975 681 4030 Εἰ
696 3973 808 4049 άγαπάτέ
823 3999 863 4050 με,
884 3980 926 4042 τάς
968 3979 994 4032 δὲ
1015 3979 1055 4031 καί
1074 3981 1138 4046 ῆυάς
1160 3975 1228 4040 ἀξίαν
1248 3981 1295 4048 μνή
1316 3999 1344 4045 ης
1363 3979 1402 4030 καί
1422 3980 1558 4050 διηγήσεως
1577 3981 1707 4033 πολιτείαν
1726 3981 1768 4033 δέ·

131 4047 230 4110 ἐντολάς
243 4067 290 4100 μου
304 4050 426 4116 τηρήσατε
438 4047 526 4114 (loun.
537 4061 593 4107 xv1.
607 4049 660 4116 15).
675 4046 707 4102 Ei
719 4051 790 4103 τέκνα
803 4071 849 4122 μου
862 4049 925 4115 ἐστἐ,
968 4050 1062 4113 ξασθαι·
1084 4029 1123 4101 ίνα
1141 4048 1268 4120 γενόμενοι
1306 4069 1422 4120 μεμπτοι,
1443 4051 1483 4102 καί
1502 4051 1600 4113 τέλειοι,
1621 4053 1662 4103 καὶ
1683 4046 1770 4104 ἀνεπί-

130 4123 164 4184 ὠς
186 4097 281 4189 πατέρα
301 4119 423 4171 καλοῦντα
443 4115 467 4170 αί
495 4120 589 4190 ,ύνθητέ
607 4139 646 4190 με,
669 4121 703 4182 ὡς
723 4120 804 4173 πολλὰ
823 4124 927 4193 ύπομεί-
967 4123 1066 4189 ληπτοι,
1082 4118 1282 4191 εύαρεστήσωμεν
1299 4127 1335 4191 τῷ
1354 4119 1425 4192 Θεῷ,
1444 4117 1568 4192 ᾦῆδόξα
1584 4119 1618 4183 είς
1631 4121 1689 4184 τούς
1706 4120 1769 4175 αίῶ-

130 4211 205 4248 ναντα
229 4192 261 4243 δι’
276 4191 347 4261 ὑμᾶς.
376 4188 408 4244 Ei
432 4188 480 4260 πρό
497 4189 544 4242 ατά
583 4209 611 4242 ου
634 4189 696 4254 ἐστὲ,
720 4198 762 4258 τῆς
785 4200 866 4264 φωνῆς
887 4199 932 4247 τοῦ
972 4189 1055 4256 νας,ά
1075 4195 1114 4259 ήν.

130 4265 247 4335 ποιμένος
270 4257 388 4314 ἀκούσατε
411 4262 500 4327 (ioco.
517 4275 544 4326 x,
559 4211 614 4330 67).
639 4259 671 4315 Ei
693 4264 777 4316 δοῦλοί
797 4284 844 4336 μου
865 4262 928 4328 ἐστέ,
971 4264 1038 4328 Qua
1053 4214 1152 4317 iatine
1166 4278 1223 4316 non
1237 4260 1363 4328 exhibeo,
1380 4262 1477 4333 quiea
1491 4263 1643 4318 Paschasio
1657 4265 1705 4320 hic
1720 4265 1770 4320 La·

130 4344 181 4396 τοῖς
196 4337 346 4395 δεσποτικαῖς
359 4328 539 4406 ἀκολουθήσατε
553 4334 702 4416 παθήμασιν.
722 4353 735 4386 ν
970 4335 1029 4389 tine
1044 4350 1175 4405 expressa
1192 4332 1289 4397 habea,
1306 4339 1335 4387 et
1357 4339 1518 4406 promptum
1534 4336 1636 4418 cuique
1650 4354 1686 4392 eu
1706 4353 1770 4392 cum

165 4405 200 4468 ζ’.
223 4404 257 4458 Ὁ
272 4404 328 4456 iiio
349 4423 375 4465 ος
390 4407 465 4455 εἰπεν·
484 4420 497 4455 ε
519 4402 589 4473 Ἐγὼ
604 4423 635 4456 τα
649 4406 704 4474 τρία
723 4412 800 4459 ταῦτα
819 4414 929 4480 ουνεγῶς
970 4406 1069 4461 Latino
1087 4405 1213 4460 conferre
1226 4409 1314 4458 textu.
1330 4405 1441 4459 Utinam
1456 4407 1551 4477 plures
1570 4408 1623 4460 viri
1642 4407 1728 4474 docti,
1746 4407 1770 4462 si

130 4476 236 4550 μελετῶ,
252 4475 292 4527 καί
312 4425 475 4534 ἀδιαλείπτως
496 4471 601 4544 ἐπιλέγω
622 4472 632 4526 ἐ
654 4481 729 4540 αυτῶ,
751 4475 828 4540 ἐλπίς,
849 4468 928 4542 πίστις
969 4494 1031 4548 quae
1043 4477 1079 4531 ad
1098 4477 1178 4531 Vitas
1198 4476 1314 4530 Petrum
1329 4476 1510 4532 eremitarum
1525 4477 1659 4533 facientia
1673 4480 1770 4534 (ἐνθοῦ

140 4545 147 4564 ’
166 4548 215 4615 άπη
231 4550 338 4613 om,
355 4545 394 4599 ἵνα
404 4550 433 4616 τῆ
445 4544 488 4614 μὲν
500 4543 579 4598 ἐλπίδι
591 4495 684 4617 χαίρω,
697 4552 727 4619 τῇ
740 4549 767 4601 δὲ
779 4551 857 4603 πίστει
869 4556 962 4619 στῆ-Ι)
971 4548 1102 4615 habeant,
1119 4548 1160 4602 vel
1174 4546 1285 4620 publico
1298 4547 1412 4615 donent,
1430 4550 1473 4603 vel
1485 4566 1518 4603 su
1538 4549 1676 4632 peditent,
1686 4558 1719 4606 ut
1730 4551 1771 4605 iu·

133 4570 250 4693 ρίςωμαι,
265 4622 295 4690 τῇ
310 4616 337 4670 δέ
352 4613 435 4689 ἀγάπη
451 4618 544 4687 μηδένα
556 4617 660 4683 λυπήσω
675 4621 743 4671 ποτέ.
760 4639 775 4671 ν
971 4625 1126 4692 torm-etum
1141 4620 1211 4674 fides
1230 4624 1374 4690 appareat,
1394 4625 1423 4674 et
1445 4637 1496 4675 sua
1516 4565 1642 4677 61storiae
1660 4627 1770 4679 constet

165 4690 202 4759 η’.
221 4690 255 4744 Ὁ
265 4687 353 4760 όγδρος
362 4689 417 4760 ἐ’φη·
431 4707 443 4740 ιι
461 4686 532 4758 Ἐγόν
541 4689 604 4741 πέ...
619 4687 693 4775 Uim,
705 4691 820 4762 πέσοντα]
833 4692 876 4762 μέν
886 4694 928 4748 τόν
969 4691 1130 4747 auctorita&

129 4762 245 4816 διάύολον
268 4763 364 4832 θεωρῶ,
385 4760 425 4812 καί
447 4756 504 4812 ότου
524 4760 547 4810 δ’
567 4757 595 4811 ἀν
618 4760 726 4824 απέλθω,
748 4765 834 4834 θεωρῶ
855 4761 928 4819 αύτόν

129 4842 180 4895 τοῖς
197 4834 285 4885 ἔσωθεν
305 4825 449 4902 ὀφθαλμοῖς,
464 4832 505 4883 καί
524 4836 560 4883 τῶ
579 4829 685 4919 δεσπότή
705 4832 766 4906 Θεῷ
786 4832 928 4908 ἐντυγχάνω

129 4903 182 4956 κατ’
197 4899 280 4965 αύτοῦ,
304 4901 343 4955 ίνα
363 4901 487 4973 ἄπρακτος
509 4921 588 4973 μενη,
612 4903 652 4956 καί
674 4922 698 4956 εν
719 4905 803 4975 μηδενί
827 4903 926 4977 ίσγύση,

129 4975 170 5028 καί
202 4974 290 5026 άλιστα
300 4973 362 5026 κατὰ
376 4980 426 5026 τῶν
441 4975 598 5098 φφθουμένων
610 4971 652 5027 τόν
668 4975 801 5046 Κύριον.ν
861 4966 870 4979 ”
903 4963 908 4980 ’

1003 4870 1124 4925 Adveme
1140 4887 1185 4925 me
1199 4870 1284 4943 hujus
1298 4871 1361 4926 libri
1377 4872 1560 4929 nonnisiduo
1574 4872 1769 4931 Mss.nactum

969 4942 1149 5013 exemplaria,
1164 4959 1225 5013 quae
1245 4948 1339 4998 tamen
1354 4961 1410 4998 non
1432 4944 1545 5000 omnino
1565 4946 1771 5003 conveniebant

165 5045 178 5097 γ
195 5043 242 5098 ‚¹0
254 5044 336 5105 ἔνατος
347 5045 400 5134 γγη.
411 5043 444 5095 (γ,
470 5044 508 5115 γὼ
517 5045 570 5097 καθ,
581 5045 675 5117 ἡμέραν
685 5046 729 5114 τὴν
740 5045 867 5115 ἐκκλησίαν
877 5055 927 5102 τῶν
968 5012 998 5067 in
1012 5013 1148 5084 capitibus
1163 5019 1192 5068 et
1202 5015 1391 5097 numerio‚nec
1401 5016 1521 5082 inierse,
1533 5032 1657 5072 naccum
1666 5018 1767 5075 Editio.

130 5116 205 5171 ὁσίων
220 5118 317 5184 θεωρῶ,
334 5135 372 5166 καὶ
391 5113 433 5167 τὸν
449 5116 542 5185 Κύρων
561 5121 604 5182 τῆς
622 5115 694 5185 δόξης
715 5116 738 5171 ἐν
759 5140 776 5189 p
778 5121 827 5191 γσῳ
846 5117 926 5172 αὐτῶν
968 5083 1000 5139 In
1015 5085 1103 5139 altero
1116 5101 1213 5139 eorum
1227 5092 1425 5153 vetustissimo,
1449 5089 1501 5142 hoc
1521 5093 1662 5159 patarea
1685 5094 1769 5162 caput

130 5186 191 5257 ύπέρ
214 5185 306 5245 πάντας
329 5185 470 5255 λάμπαντα·
495 5184 553 5238 ὅταν
577 5187 604 5240 δέ
629 5183 764 5256 ἀκηδιάσω,
791 5187 928 5263 ἀνέργομαι
969 5162 1035 5211 ante
1049 5161 1133 5228 capnt
1146 5155 1162 5212 5
1177 5157 1415 5260 mtersefffbamr:
1439 5251 1444 5261 ,

131 5255 164 5321 είς
183 5256 238 5318 τούς
255 5252 381 5325 οὐρανούς,
396 5257 436 5309 καί
454 5259 540 5328 θεωρῶ
559 5257 590 5311 τά
607 5259 728 5313 κάλλιστα
746 5254 868 5333 τάγματα
878 5269 927 5316 τῶν
1206 5247 1241 5301 ⁰⁰
1255 5251 1361 5302 ίίίίίίαίθ
1376 5253 1503 5302 minim·

136 5329 168 5385 'A
203 5330 276 5391 έλων,
292 5327 332 5379 καί
346 5325 401 5411 γοὺς
419 5327 516 5395 ὕμνους,
534 5331 574 5390 ούς
594 5324 776 5404 ἀναπέμπουσιν
797 5330 928 5396 ἀπαύστως
1007 5334 1127 5391 ‹Abbas
1139 5336 1268 5406 Agathan
1284 5336 1463 5408 dispensabat
1485 5335 1680 5410 semetipsum,
1697 5345 1727 5395 et
1739 5340 1768 5395 in

129 5407 167 5457 τῶ
214 5405 257 5472 τῷ,
273 5398 313 5450 καί
331 5415 374 5458 τας
394 5397 527 5467 μελωδίας·
543 5400 583 5452 καί
602 5405 782 5475 μετεωρίζομαι
801 5405 860 5476 ύπὲρ
878 5413 928 5458 τῶν
970 5406 1174 5461 omnibuscum
1189 5407 1356 5462 discretione
1370 5407 1605 5480 poliebat‚ta1nin
1616 5426 1768 5493 aporema·

130 5455 246 5545 φθόγγων
257 5470 297 5523 καὶ
310 5476 360 5523 τῶν
373 5476 472 5539 φωνῶν,
489 5470 523 5530 ὡς
535 5467 646 5538 ἐννοῆσαι
657 5474 686 5527 τὸ
698 5479 877 5547 γεγραμμένον·
894 5475 929 5531 Οί
969 5493 1057 5532 nuum
1071 5494 1186 5532 suarum
1195 5495 1278 5549 quam
1292 5479 1584 5534 vestimentoTalibus
1599 5498 1677 5536 emm
1688 5483 1768 5538 vesti·

130 5541 230 5615 ούρανοὶ
252 5543 393 5629 διηγοῦνται
414 5538 486 5600 δόξαν
512 5539 580 5595 Θεοῦ
603 5545 683 5612 (Psoi.
710 5561 790 5613 κνιιι,
812 5546 851 5616 θ),
876 5549 927 5615 καί,
969 5547 1021 5604 bos
1043 5549 1183 5614 utebatur,
1214 5555 1246 5603 ut
1271 5566 1322 5605 nec
1350 5550 1419 5605 satia
1433 5549 1522 5617 bonae,
1538 5568 1590 5606 nec
1604 5553 1674 5610 satis
1689 5554 1768 5608 molo

130 5614 222 5673 Πάντα
235 5610 266 5666 τὰ
281 5613 321 5667 cai
334 5617 377 5681 τῆς
389 5615 434 5684 γῆς
448 5609 541 5665 σποδόν
551 5613 592 5666 καὶ
607 5618 716 5671 auceia
726 5618 841 5689 ἡγοῦμαι.
860 5638 874 5673 ν
969 5619 1098 5692 cuiquam
1110 5628 1287 5693 apparerent.
1303 5621 1420 5678 Dicebat
1428 5627 1523 5680 autem
1537 5623 1685 5698 discipulis
1699 5623 1766 5683 ouis:

166 5735 275 5807 ,Deua
290 5753 336 5814 xv,
351 5737 378 5812 9,
393 5737 424 5798 in
439 5753 525 5817 quom
540 5735 645 5817 Moysis
659 5739 877 5820 praeceptionem
891 5748 982 5805 exstat
994 5743 1113 5804 homilia
1125 5743 1210 5804 Basil.
1227 5743 1332 5823 Magni.
