3832 6120
133 339 174 405 ⁴5
768 348 1067 408 PROLEGOMENON
1084 349 1146 407 xli.
1736 355 1772 413 m

131 474 266 547 factaque
276 472 434 529 imitatione
443 472 529 545 digna
546 474 661 546 colligit,
677 477 726 547 qui
740 482 804 548 post
816 476 965 537 insecutiA
975 493 1089 548 prorsus
1098 476 1220 531 loannes
1228 475 1397 530 anachoreta
1408 476 1469 531 fuit.
1486 478 1518 532 Id
1532 477 1582 533 tibi
1593 496 1627 534 ex
1637 480 1771 553 capitel'l

133 563 755 636 suntllitaseteuimnarrateorumqnijam
769 565 834 620 inde
846 581 936 637 usque
976 565 1124 619 voluminis
1144 565 1232 636 ipsius
1249 564 1353 636 liquido
1373 571 1501 621 constare
1520 569 1633 638 poterit.
1656 570 1773 625 Photius

134 654 173 708 ad
184 653 306 709 Heraclii
320 651 510 724 imperiumst
522 653 764 725 deincepsrirtute
778 655 869 724 magis
883 653 937 708 cla·
977 653 1263 725 qnoquehuncipsnm
1271 658 1413 707 auctorem
1420 652 1776 714 libriJoannemMoschum

135 748 268 797 ruerunt.
275 744 391 797 Pratum
401 747 497 796 autem
508 742 621 797 titulum
632 742 703 797 libro
712 742 815 798 indidit
828 747 935 808 auctor,
978 743 1099 811 (natione
1109 743 1236 809 sortasse)
1247 743 1332 797 inisse
1346 744 1455 810 asserit,
1470 746 1550 815 cujus
1564 763 1720 818 cognomen
1733 748 1776 804 in·

136 848 223 903 quem
236 837 264 885 et
276 832 441 885 Paradisum
456 846 559 885 nonum
570 831 684 901 quidam
699 831 850 903 appellant.
865 831 938 885 Scri·
977 834 1085 902 terpres
1099 832 1216 886 Latinus
1231 832 1325 885 forsan
1334 832 1481 887 Eviratnm
1495 834 1625 893 reddidit.
1644 855 1657 889 r>

135 927 205 992 pter
214 921 276 990 ejus
285 919 407 974 loannes
415 918 528 988 quidam
540 919 644 974 Moschi
651 919 936 992 cognomento,quiin
1011 920 1116 974 Verum
1138 921 1294 991 Sophronio
1308 920 1352 974 his
1369 921 1404 975 de
1418 922 1509 976 causis
1522 923 1686 980 attribuitur-
1700 944 1706 981 :
1732 926 1777 981 vel

135 1009 215 1063 beati
223 1007 373 1063 Theodosii
383 1007 506 1079 primum
520 1009 691 1063 monasterio
701 1011 833 1063 seculum
845 1008 936 1062 valere
977 1008 1044 1078 quia
1057 1009 1092 1062 ad
1107 1009 1200 1079 ipsum
1215 1025 1265 1080 per
1278 1009 1474 1065 charissimum
1482 1012 1589 1067 socium
1604 1013 1775 1082 inscribitur,

132 1097 251 1169 jubens,
267 1113 330 1153 eum
348 1097 383 1150 iis
397 1095 499 1151 deinde
517 1095 662 1151 monachis
686 1096 814 1163 convixit,
838 1096 886 1167 qni
907 1098 936 1149 iu
980 1097 1215 1167 quemadmodum
1238 1103 1267 1151 et
1288 1097 1440 1153 Rhetorica
1453 1099 1597 1155 Ciceronis
1618 1102 1654 1156 ad
1668 1102 1778 1158 Heren-

135 1187 252 1241 deserto
264 1186 301 1240 ad
313 1186 466 1240 Jordanem
486 1184 694 1250 exercebantur,
709 1186 813 1256 quique
828 1200 899 1238 nora
909 1183 938 1238 in
979 1185 1105 1250 nium,et
1112 1186 1238 1256 ejusdem
1246 1186 1281 1240 ad
1289 1187 1597 1259 Atticumepistolae,ad
1604 1190 1778 1246 Herennium

135 1276 234 1330 Laura
243 1274 337 1345 magni
347 1273 428 1329 Sabae
434 1273 670 1329 certabantUnde
678 1290 790 1328 rursum
801 1274 836 1328 ad
843 1273 940 1327 amio-
980 1280 1010 1328 et
1023 1274 1057 1328 ed
1069 1274 1191 1328 Atticum
1205 1274 1268 1328 libri
1283 1275 1477 1346 appellantur;
1491 1277 1531 1332 sic
1546 1278 1696 1350 sophronii
1707 1279 1780 1335 liber

135 1365 209 1418 chia
227 1363 356 1434 regiones
377 1368 407 1416 et
431 1362 581 1417 Alexandri
602 1362 711 1428 urbem,
726 1362 939 1433 proximamque
981 1363 1026 1417 hic
1040 1363 1158 1429 dicatur,
1171 1363 1237 1434 quia
1248 1363 1284 1417 ad
1295 1363 1482 1434 Sophronium
1493 1365 1634 1437 dirigitur.
1643 1370 1737 1440 Atque
1746 1385 1781 1423 ex

136 1469 279 1519 eremum,
290 1452 325 1506 ad
335 1451 431 1507 Oasim
440 1451 816 1522 usquedelatus,multerum
827 1465 941 1520 magno-
982 1467 1014 1505 eo
1028 1451 1159 1517 maxime,
1176 1451 1251 1522 quod
1265 1452 1301 1505 ad
1315 1468 1397 1506 usum
1411 1453 1486 1509 illius
1498 1454 1527 1508 in
1539 1455 1639 1526 primis
1655 1457 1781 1512 conscri-

137 1558 262 1613 rnmque
283 1541 408 1596 virorum
426 1556 471 1596 res
497 1540 630 1612 praeclare
653 1545 747 1611 gestas
768 1538 938 1610 aggregavit,
982 1544 1047 1611 ptus
1056 1545 1107 1593 est.
1119 1539 1247 1610 Namque
1258 1545 1356 1594 auctor
1370 1541 1429 1611 ipse
1439 1542 1469 1595 in
1485 1542 1603 1613 epistola
1614 1561 1699 1615 qnam
1708 1545 1781 1600 libro

137 1648 211 1702 quas
221 1630 325 1701 partim
334 1629 423 1684 oculis
431 1629 490 1700 ipse
496 1630 639 1700 spectavit,
647 1628 863 1700 partimrecenti
875 1632 942 1681 tunc
982 1627 1137 1698 praemittit,
1149 1626 1253 1682 fatetur
1267 1645 1296 1681 se
1312 1644 1344 1682 ex
1358 1628 1410 1682 hoc
1422 1635 1502 1700 preto
1512 1647 1644 1687 coronam
1659 1634 1782 1705 Sophro-

138 1719 287 1775 anditione
297 1718 404 1772 didicit.
417 1717 520 1772 Eadem
532 1734 615 1789 porro
629 1715 665 1772 de
678 1733 763 1772 causa
777 1734 841 1771 cum
856 1715 942 1770 etiam
982 1715 1029 1770 nio
1039 1715 1222 1782 contexuisse,
1235 1732 1267 1769 ac
1279 1733 1329 1786 per
1335 1701 1404 1772 eum
1418 1717 1480 1773 aliis
1491 1718 1621 1791 deinceps
1634 1720 1780 1779 obtulisse.

138 1808 251 1862 insulas
270 1807 389 1861 Romam
409 1822 505 1860 versus
528 1805 665 1876 navigans
682 1806 840 1868 lustrasset,
865 1803 974 1888 hisceB
1019 1806 1074 1859 Seu
1085 1803 1184 1875 quiain
1200 1805 1252 1858 hec
1261 1804 1331 1859 libro
1342 1805 1417 1860 dicta
1429 1812 1458 1860 et
1470 1813 1552 1877 gesta
1562 1807 1650 1880 ipsius
1661 1811 1783 1882 Sophro·
1832 1792 1835 1797 ⁴

138 1895 281 1950 similibus
291 1894 329 1949 ibi
339 1910 450 1967 quoque
461 1893 627 1965 conquisitis
637 1899 666 1948 et
674 1893 802 1963 cognitis,
810 1892 863 1946 hoc
872 1908 942 1962 opus
982 1893 1021 1947 nii
1031 1909 1081 1964 pro
1091 1892 1192 1964 maj0ri
1201 1897 1280 1964 parte
1291 1893 1478 1948 continentur.
1490 1896 1563 1950 Nam
1574 1896 1597 1951 is
1607 1897 1784 1954 totiusitiue·

139 1984 317 2056 conscripsit,
333 1983 409 2055 quod
425 1983 537 2037 dedicat
550 1982 707 2055 Sophronio
722 1998 771 2035 seu
791 1981 942 2051 Sophrome
982 1982 1021 2036 ris
1040 1981 1104 2035 libri
1119 1982 1204 2052 hujus
1227 1981 1350 2035 auctoris
1364 1981 1418 2036 init
1437 1982 1597 2040 individuus
1621 2003 1735 2056 comes;
1755 1992 1784 2042 et

140 2074 280 2145 discipulo
293 2088 355 2138 suo,
367 2071 516 2142 eidemque
530 2071 582 2126 hoe
594 2071 687 2142 ipsum
700 2072 789 2135 ollert,
807 2086 870 2124 cum
882 2070 942 2139 jem
984 2086 1157 2141 quacunque
1167 2068 1303 2124 ambobus
1317 2068 1526 2126 ambulantibus
1536 2080 1727 2144 occurrerunt,
1740 2076 1785 2131 rel

141 2163 240 2217 animo
262 2160 425 2232 praeciperet
443 2158 550 2214 instare
564 2159 627 2214 vita
648 2159 732 2229 hujus
753 2159 783 2212 in
798 2159 942 2212 meliorem
984 2158 1173 2230 quarentibus
1187 2159 1349 2229 responderi
1364 2160 1489 2230 contigit,
1507 2161 1721 2232 diligentissime
1734 2164 1787 2220 de·

141 2246 942 2305 mmmutationem.0aeterumexhisomnibusindustrius
984 2246 1786 2321 scriptasunt.Quareetiamhaecverbasrepissimeiterate

140 2341 265 2411 quisque
277 2345 306 2393 et
320 2338 371 2393 Dei
385 2354 494 2414 amans,
510 2336 634 2390 fructum
651 2336 772 2407 capiens,
797 2351 942 2405 nunquam
983 2335 1089 2390 videbis
1105 2352 1111 2386 :
1136 2336 1260 2389 Venimus
1275 2349 1321 2401 epo
1341 2339 1366 2387 et
1379 2336 1509 2390 dornirrus
1523 2353 1599 2391 rurus
1613 2337 1786 2408 Sophronias

141 2516 264 2571 Photins
290 2513 455 2586 compendio
478 2513 615 2584 excerpsit
638 2529 671 2567 ex
694 2511 784 2582 elogio
809 2510 942 2574 auctoris,
984 2512 1085 2583 plurali
1093 2511 1232 2566 locutione
1246 2511 1345 2573 utitur,
1355 2510 1465 2567 dicens:
1478 2514 1786 2582 Perrerimus,accessi·

141 2605 283 2659 nnnehac
298 2603 421 2657 secunda
436 2602 593 2657 Noretiana
602 2601 734 2666 editione,
750 2601 810 2670 ejus
823 2599 896 2653 libro
911 2615 943 2652 ex
985 2616 1055 2665 xnus,
1073 2602 1203 2665 uidimus,
1217 2602 1346 2653 narrarit
1362 2602 1438 2655 uobis
1448 2608 1701 2659 tenremonasterii
1715 2607 1784 2662 dua.

141 2693 211 2748 tiss.
234 2690 338 2745 Graecis
356 2689 481 2760 praefixo.
985 2689 1039 2742 Per
1053 2704 1114 2758 quae
1126 2687 1221 2741 omnia
1230 2686 1350 2758 conspici
1359 2687 1451 2754 datur,
1465 2690 1630 2760 scriptorem
1640 2708 1786 2764 nunquam
1891 2719 1897 2727 ¹

179 2781 206 2835 3.
223 2779 353 2834 Secunda
369 2779 484 2832 Nicaeae
501 2777 634 2848 synodus,
654 2793 715 2847 quae
730 2793 765 2831 vn
784 2781 828 2830 est
847 2775 944 2829 ordine
985 2777 1076 2830 solum
1091 2775 1176 2829 luisse
1191 2774 1218 2828 in
1233 2775 1277 2829 his
1297 2792 1358 2846 quae
1372 2782 1469 2830 narrat
1483 2779 1686 2849 perquirendis.
1705 2782 1784 2837 Sicut

143 2871 221 2923 iuter
238 2867 395 2938 generales,
417 2866 527 2922 actione
542 2866 557 2920 l
575 2866 616 2919 ita
629 2865 714 2919 babet
729 2883 735 2916 :
752 2864 805 2917 Τοῦ
823 2861 847 2915 ἐν
868 2863 944 2933 ἁγίοις
985 2876 1052 2930 ergo
1064 2859 1187 2914 Platonis
1201 2860 1341 2925 ledrns,
1362 2863 1487 2927 Timent,
1499 2862 1657 2930 Gorginem
1671 2867 1785 2920 Parme-

145 2954 239 3027 πατρὸς
258 2958 329 3026 ἡμῶν
348 2955 496 3026 Emporion
511 2951 536 3007 a
549 2959 594 3007 τοῦ
606 2953 791 3024 Λειμωναρίου.
809 2951 915 3022 Ἔλεγεν
931 2948 945 3002 ὁ
986 2952 1064 3013 nites,
1075 2953 1104 3001 et
1116 2948 1200 3001 Tullii
1215 2947 1287 3001 liber
1298 2948 1333 3001 de
1348 2948 1496 3004 Senectute
1511 2951 1575 3005 Colo
1585 2953 1676 3020 Major
1690 2953 1788 3008 insem-

147 3041 223 3105 άὸὁᾶς
237 3043 375 3114 Θεόδωροσ
390 3042 405 3094 ὁ
419 3039 556 3109 Αἱλιώτης,
573 3038 610 3095 ὅτι
624 3033 654 3108 ἦν
668 3060 704 3102 τις
719 3041 855 3111 ἐ’γκλειστος
871 3037 902 3100 εἰς
916 3035 945 3090 τὸ
986 3035 1090 3091 buntur
1104 3052 1121 3088 a
1136 3036 1273 3107 personis.
1291 3035 1391 3106 [xxxrx]
1412 3054 1473 3108 qum
1496 3037 1535 3092 ibi
1554 3040 1773 3111 colloquentesat

147 3133 204 3202 ὄρος
218 3140 269 3184 τῶν
287 3130 407 3195 Ἐλαιῶν,
423 3125 559 3201 ἀγωνιστὴς
574 3129 646 3192 πάνυ,
660 3135 712 3183 etc.
727 3148 738 3180 ‹
751 3128 882 3198 Ejusdem
896 3128 946 3180 Pe·
956 3125 1161 3199 cdisputantes
1175 3124 1362 3190 inducuntur;
1384 3125 1452 3194 quid
1479 3124 1601 3180 obstabit
1619 3128 1684 3183 huic
1702 3129 1784 3199 libro,

146 3221 199 3276 tris
213 3219 303 3275 nomm
317 3218 467 3290 Sophronii
483 3234 516 3272 ex
530 3217 602 3272 libro
614 3218 708 3272 Prata.
724 3215 840 3271 Dicebat
859 3215 944 3270 abbas
985 3212 1053 3284 quin
1064 3211 1337 3283 Sophroniidicatur‚
1348 3213 1450 3266 cumin
1463 3229 1496 3267 eo
1511 3214 1536 3268 is
1548 3214 1706 3282 ambulans,
1719 3218 1787 3274 visi·

147 3309 312 3364 Theodorus
334 3307 437 3362 AEliota
459 3306 526 3377 quia
549 3306 665 3376 quidam
685 3305 811 3359 inclusus
834 3311 895 3358 erat
915 3304 944 3357 in
986 3307 1059 3366 tans,
1080 3316 1208 3372 operans,
1234 3299 1415 3368 interrogans
1439 3304 1468 3354 et
1491 3302 1663 3372 respondens
1683 3304 1787 3377 ubique

150 3405 245 3451 monte
261 3396 413 3461 Olirarum,
430 3394 508 3448 valde
526 3400 659 3460 certator,
683 3414 695 3446 ι
712 3399 764 3447 etc.
785 3392 840 3447 Ubi
853 3398 945 3447 totum
986 3391 1043 3444 sere
1057 3388 1219 3444 asseratur?

152 3484 289 3555 caputet,
304 3483 377 3555 quod
398 3483 427 3537 in
445 3482 499 3537 hoc
512 3483 583 3538 libro
600 3482 729 3548 habetur,
746 3482 842 3536 Graece
857 3481 947 3553 expri·
1022 3481 1079 3533 Aut
1096 3477 1212 3531 demum
1227 3476 1322 3531 exilia
1342 3493 1427 3531 causa
1447 3477 1604 3549 Sophronio
1625 3480 1785 3552 ascribitur,

155 3574 248 3627 mitur.
266 3572 343 3636 Quod
357 3571 432 3625 idem
455 3569 592 3641 repetitur
606 3570 715 3625 actione
735 3571 761 3635 5,
778 3568 826 3624 ubi
841 3576 870 3624 et
890 3569 947 3623 alia
987 3568 1120 3639 qnoniam
1134 3582 1192 3620 una
1209 3582 1273 3620 cum
1288 3566 1395 3620 Joaune
1409 3566 1542 3638 predicto
1556 3569 1729 3641 conscriptor
1740 3571 1789 3643 (ut

157 3661 210 3715 dun
221 3661 343 3732 exempla
357 3677 389 3714 ex
408 3659 506 3713 eodem
525 3659 686 3713 limonario
706 3658 838 3713 citantur.
987 3656 1028 3710 ita
1040 3656 1142 3724 dicam)
1157 3653 1228 3709 sorte
1244 3653 1372 3723 ejusdem
1382 3652 1446 3707 libri
1458 3653 1520 3709 suit.
1532 3655 1606 3726 Lege
1618 3655 1702 3727 hujus
1712 3658 1789 3714 volu·

194 3749 306 3819 [xxxrxu]
320 3750 346 3803 l.
361 3750 484 3805 loannes
493 3747 641 3813 Diaconus,
651 3746 699 3801 lib.
712 3761 731 3812 r,
744 3763 804 3818 cap.
819 3747 862 3813 45,
876 3746 946 3800 Vite
987 3744 1070 3799 minis
1085 3750 1170 3814 caput
1182 3743 1225 3806 77,
1242 3749 1270 3795 et
1280 3742 1309 3795 in
1321 3742 1382 3811 ejus
1397 3742 1534 3813 principio
1545 3743 1730 3816 itescriptnm
1741 3763 1788 3802 re-

161 3837 243 3891 sancti
256 3837 378 3908 Gregorii
391 3836 480 3906 tlagni
497 3854 503 3888 :
523 3856 536 3888 u
551 3836 740 3891 Nihilominus
754 3851 787 3888 ex
802 3834 883 3899 libro,
898 3835 946 3905 qui
987 3834 1079 3905 peries
1093 3850 1098 3885 :
1119 3851 1131 3882 e
1147 3833 1205 3901 Ego
1220 3836 1249 3884 et
1262 3830 1392 3885 dominus
1408 3847 1487 3885 meus
1501 3830 1674 3902 Sophronias
1693 3851 1787 3906 perref

165 3925 285 3980 stiracis
298 3926 401 3997 Λειμων
417 3923 530 3989 dicitur,
546 3940 563 3977 a
576 3923 684 3980 Latinis
699 3939 764 3978 vero
779 3922 947 3993 intelligitur
986 3922 1077 3976 xitum
1087 3921 1122 3975 ad
1135 3918 1291 3991 philosophi
1300 3918 1436 3990 Stephani
1447 3919 1561 3975 domum
1574 3920 1707 3977 doctrinae
1717 3939 1785 3994 gra·

167 4012 270 4082 ternpus
277 4013 317 4068 rel
329 4015 458 4081 Pratum,
473 4018 628 4083 preceptor
642 4029 721 4067 meus
737 4012 810 4065 inter
821 4011 877 4065 alia
887 4017 945 4065 toto
986 4010 1036 4077 tie,
1050 4033 1060 4058 ι
1078 4015 1131 4064 etc.
1147 4007 1254 4062 Deinde
1270 4007 1300 4061 in
1311 4008 1366 4061 fine
1382 4007 1508 4078 ejusdem
1521 4009 1621 4081 capitis
1634 4009 1688 4066 hoc
1701 4012 1785 4068 modo

169 4097 229 4153 orbe
237 4102 290 4170 jam
303 4101 446 4155 diffamata
460 4100 597 4154 miracula
610 4100 811 4172 interpretatus
826 4105 877 4154 est.
895 4119 908 4153 r
986 4097 1249 4170 scriptumlegitur:
1265 4114 1277 4148 c
1290 4096 1347 4151 Ista
1360 4112 1424 4150 cum
1435 4096 1601 4165 audirimus,
1610 4098 1705 4154 innuit
1713 4100 1784 4156 mihi

206 4187 225 4239 i.
234 4189 344 4243 loannes
358 4189 557 4256 Damascenus,
569 4189 599 4242 in
609 4190 665 4243 fine
679 4188 763 4260 primi
776 4188 849 4255 libri,
862 4204 945 4259 quem
987 4186 1117 4241 dominus
1131 4202 1210 4239 nreus
1230 4184 1414 4256 Sophronias,
1432 4191 1460 4240 et
1478 4185 1655 4254 recessimus,
1672 4192 1701 4243 et
1714 4188 1784 4245 dixit

173 4290 218 4342 pro
231 4274 387 4347 imaginibus
409 4276 528 4348 scripsit,
547 4277 739 4332 testimonium
756 4293 790 4331 ex
808 4276 861 4331 hoc
875 4276 946 4330 libre
988 4274 1071 4329 milri:
1090 4275 1168 4343 tere,
1184 4272 1256 4327 abba
1269 4275 1400 4340 loannes,
1411 4272 1575 4328 hodienihil
1586 4274 1663 4329 ultra
1673 4276 1785 4331 studea·

175 4361 279 4432 adducit,
293 4365 344 4419 hec
364 4356 469 4420 titulo:
494 4363 541 4419 Ἐκ
560 4370 603 4418 τοῦ
621 4365 795 4436 Λειμωναρίου
814 4370 858 4418 τοῦ
877 4365 946 4436 ἁγίου
988 4379 1063 4429 mus,
1076 4363 1145 4416 satis
1159 4362 1234 4416 euim
1248 4361 1377 4416 aediilcati
1392 4378 1499 4417 sumus.
1517 4362 1583 4417 llaec
1594 4379 1660 4433 crgo
1673 4364 1772 4436 scripsi

175 4448 252 4518 πιτρός
270 4455 336 4524 ἡμῶν
360 4453 507 4524 Σωγρονίου
532 4448 727 4526 ἀρχιεπισκόπου
753 4452 1059 4548 Ἱεροσολύμωνᾝῐηυε,
1076 4456 1108 4505 ut
1126 4456 1215 4505 etvos
1230 4450 1533 4521 purileraedilicemini.
1556 4471 1568 4502 ι

178 4536 319 4595 ‹ExPerro
332 4543 415 4596 Pralo
428 4540 518 4596 sancti
533 4540 625 4595 Patris
639 4540 728 4596 nostri
742 4540 946 4612 Sophroniiar·
1023 4542 1085 4596 Una
1106 4557 1173 4610 ergo
1188 4556 1221 4594 ex
1235 4539 1279 4593 his
1293 4538 1459 4607 rationibus,
1482 4556 1532 4594 seu
1545 4539 1639 4610 potius
1653 4540 1784 4598 omnibus
1886 4580 1891 4584 -

178 4622 321 4701 ehiepisoopi
335 4629 583 4702 ierosolymorum.
603 4650 615 4682 r>
989 4629 1072 4685 simul
1095 4627 1299 4695 accedentibus,
1316 4629 1382 4700 jure
1397 4628 1554 4699 meritoque
1568 4626 1640 4682 liber
1658 4628 1712 4685 iste
1734 4630 1780 4688 So·

210 4711 407 4789 hhicepherus,
419 4717 467 4772 lib.
489 4732 545 4783 rur,
561 4735 621 4790 cap.
638 4716 669 4773 ll
690 4736 695 4770 :
715 4717 858 4773 «Multam
877 4735 946 4789 quo·
988 4717 1100 4790 phronii
1109 4717 1221 4771 nomine
1232 4717 1384 4788 inscriptus
1392 4716 1511 4770 videtur.
1885 4704 1888 4708 ’

178 4816 224 4871 qne
232 4810 255 4857 et
261 4806 351 4861 utilem
360 4806 437 4860 deiis
449 4805 765 4875 (monachislhistoriam
773 4806 946 4877 Sophronias
1022 4806 1118 4861 Dices:
1132 4807 1165 4861 In
1180 4806 1231 4861 hoc
1241 4803 1492 4875 libroSophronius
1501 4803 1546 4858 hic
1557 4820 1614 4860 non
1628 4806 1785 4877 appelletur

176 4890 400 4965 Jemsolymitanus
417 4893 497 4950 nobis
513 4894 637 4965 reliquit,
652 4897 732 4949 Preti
745 4900 774 4948 et
787 4896 852 4948 nori
861 4897 946 4949 Pore-
987 4896 1224 4967 lerosolymomm
1239 4882 1409 4964 patriarcha,
1419 4891 1469 4947 sed
1478 4893 1613 4964 sophista.
1624 4894 1787 4966 Respondet

176 4979 223 5031 dr'si
234 4982 313 5052 tinto,
328 4985 432 5055 scripto
446 4989 475 5039 et
488 4982 586 5038 indito.
601 5002 614 5035 r
987 4983 1061 5038 idem
1075 4983 1206 5055 Aleysius
1221 5000 1227 5035 :
1243 4980 1413 5036 Vocabulum
1427 4980 1478 5035 hoc
1492 4996 1549 5036 non
1558 4981 1589 5037 in
1598 4982 1703 5037 melam
1717 4983 1786 5039 olim

207 5067 310 5132 Queres.
321 5071 375 5137 nui
388 5071 434 5125 hic
442 5070 513 5125 liber
526 5084 602 5154 nupc
613 5071 770 5144 Sophronio
781 5071 947 5142 patriarcha
987 5077 1106 5145 partem,
1124 5072 1196 5126 sicut
1212 5071 1245 5125 iit
1255 5069 1337 5124 modo
1355 5069 1470 5141 passim,
1487 5069 1536 5125 sed
1550 5070 1581 5124 in
1595 5069 1698 5126 bonam
1712 5071 1787 5127 acci·

173 5156 390 5232 lemsolymorum
408 5160 586 5227 inscribatur,
602 5160 644 5215 uti
659 5176 677 5214 a
699 5159 821 5216 secunda
834 5160 948 5215 Niraena
988 5160 1131 5233 piabatur3
1148 5176 1199 5214 nec
1210 5160 1286 5233 alind
1300 5157 1476 5228 designabat,
1488 5175 1573 5229 quam
1587 5159 1744 5230 sapientem
1757 5165 1787 5216 et

172 5247 271 5315 synodo,
282 5255 310 5304 et
322 5249 430 5305 loanne
442 5248 708 5316 Damasceno,nunc
720 5248 820 5304 loanni
835 5248 947 5303 Moscho
989 5250 1155 5321 prudentem
1165 5246 1317 5313 hominem,
1327 5247 1417 5319 qualis
1426 5246 1482 5302 fuit
1497 5253 1525 5301 et
1533 5246 1667 5303 Libanius
1676 5248 1733 5317 ille,
1750 5249 1787 5304 ad
1860 5260 1868 5271 ²

171 5351 213 5388 seu
224 5337 326 5393 Erimto
340 5338 376 5392 ed
391 5337 581 5408 Sophronium
599 5339 771 5409 sophistam?
789 5340 949 5410 Respondet
991 5355 1073 5410 quem
1088 5337 1183 5392 multas
1193 5337 1286 5408 Magni
1293 5335 1390 5391 Basilii
1403 5336 1527 5408 epistolae
1536 5335 1648 5391 directae
1660 5336 1785 5405 inerunt,

170 5424 285 5497 ,aloysius
294 5427 475 5499 lipomanus,
487 5426 632 5498 episcopus
644 5427 822 5493 Veronensis,
832 5427 880 5498 qui
894 5427 950 5498 pri·
992 5429 1083 5499 ipsum
1093 5425 1221 5480 maximis
1233 5425 1377 5497 praeconiis
1389 5424 1546 5479 efferentes.
1558 5424 1655 5479 Potuit
1669 5441 1736 5496 erge
1746 5425 1788 5480 vir
1832 5454 1836 5459 ·

169 5528 223 5566 mus
235 5513 305 5569 hunc
318 5514 423 5569 librum
438 5514 482 5569 edi
497 5514 613 5584 curarit,
629 5532 711 5587 quem
730 5514 889 5587 apostolica
903 5515 951 5570 Bi·
993 5516 1045 5569 lste
1060 5502 1137 5586 prius
1151 5522 1180 5570 et
1194 5516 1348 5570 monachus
1356 5529 1426 5574 esse,
1438 5518 1467 5566 et
1480 5512 1606 5583 sophista
1615 5511 1788 5584 nuncupari,

186 5598 296 5658 hotham
312 5603 502 5676 suppeditavit
520 5619 594 5658 enno
615 5601 696 5660 1558:
719 5623 731 5657 ι
749 5602 873 5676 Scriptor
887 5601 952 5659 libri
993 5603 1058 5658 inde
1066 5620 1132 5660 vero
1142 5603 1176 5659 ad
1185 5609 1311 5660 sanctam
1319 5601 1558 5673 ierosolymorum
1568 5599 1664 5655 sedem
1677 5597 1796 5668 assumi,
