3818 6120
95 277 164 338 lull
748 272 867 331 VERBA
886 269 1081 329 SENIORUM.
1662 278 1733 341 tota

94 404 124 462 ai
142 404 189 460 ille
199 402 420 477 quijejunatsex
432 399 648 470 dies,pernares
663 415 693 454 se
707 392 1012 469 suspenderit,Aciens
1025 396 1120 452 animo
1135 399 1207 470 ejus,
1224 399 1356 458 dicebat:
1376 402 1450 466 Noli,
1468 404 1508 460 mi
1526 405 1646 475 domine,
1663 407 1733 462 talia

93 511 151 551 uon
164 493 220 549 erit
233 491 333 547 similis
344 491 386 545 illi
401 489 483 544 alteri
498 489 526 543 in
538 489 755 561 conspectuDei.
934 484 1021 556 loqui,
1037 486 1087 541 sed
1103 486 1148 541 dic
1176 488 1269 560 potius
1298 491 1365 562 quid
1387 497 1415 547 te
1442 494 1675 563 contristaverim,
1704 500 1735 554 ot

128 579 533 644 aloannesminorvnebaeus,
543 578 697 650 discipulus
706 577 815 632 abbatis
824 577 893 631 Am·
934 575 1062 628 emendo.
1079 575 1398 648 Elephantiosusautcm
1412 597 1477 636 cum
1489 582 1584 639 furore
1598 584 1708 640 dicebat
1723 602 1730 640 :
1755 585 1764 593 ’

93 674 197 742 monis,
206 671 355 727 duodecim
369 669 451 724 annis
464 668 518 740 ipsi
528 669 590 723 seui
599 667 753 722 infirmanti
765 667 830 721 fecit
843 665 893 720 ob·
934 664 1021 732 Vade,
1034 665 1099 719 nolo
1113 665 1182 721 istas
1197 667 1372 723 adulationes
1380 673 1456 738 tuas;
1466 673 1622 743 projiceme
1637 674 1667 729 iu
1680 690 1732 747 pu·

92 763 223 834 sequium
233 764 503 830 ;sencntamencum
512 757 627 811 vidisset
638 772 700 810 eum
708 754 892 821 laborantem,
935 751 1048 821 hlicum,
1060 754 1271 825 refrigeratione
1279 761 1387 813 tuanon
1395 775 1474 829 egeo.
1484 760 1731 833 Eulogiusautem,

93 868 238 923 nunquam
253 850 294 904 illi
304 864 461 904 sermonem
472 846 606 901 blandum
616 851 667 900 aut
675 845 893 917 planitumlocu-
936 845 1057 901 Obsecro
1087 853 1126 916 te,
1141 847 1242 920 inquit,
1260 849 1370 920 placare
1386 869 1392 904 :
1410 858 1460 908 aut
1481 854 1548 925 quid
1576 858 1612 922 te,
1629 856 1732 928 iuquit,

93 947 139 996 tus
155 946 199 995 est
212 942 303 1009 (Μ,
321 941 368 993 tib.
386 952 426 1003 vu,
445 953 471 991 a.
488 935 539 991 155
554 955 560 1001 ;
577 937 772 1003 Petop.,lil›elt.
790 948 847 998 xvi,
865 950 893 989 a.
936 937 1169 1005 contristaverim,
1180 940 1338 994 venerande
1351 957 1446 1008 senex,
1468 942 1578 998 edicito.
1593 945 1734 1016 Elephan·

91 1029 324 1103 haematitem
340 1028 375 1081 de
390 1025 443 1081 hoc
459 1025 564 1079 mundo
574 1023 717 1090 transiret,
733 1021 895 1078 sedentibus
935 1024 1024 1080 tiosus
1038 1032 1134 1080 autem
1148 1028 1276 1098 asperior
1297 1028 1326 1082 in
1352 1028 1455 1098 furore,
1472 1031 1582 1087 dicebat
1596 1034 1631 1088 ad
1644 1051 1709 1089 eum
1725 1051 1731 1089 :

93 1120 156 1174 aliis
170 1118 295 1183 senibus,
310 1115 404 1171 tenuit
417 1130 517 1168 manus
533 1115 603 1184 ejus,
618 1118 647 1167 et
662 1112 734 1166 dixit
748 1112 773 1167 ei
787 1112 872 1167 tertio
886 1130 892 1166 ε
935 1115 998 1169 lam
1012 1115 1205 1171 fraudulentas
1215 1117 1360 1172 irrisiones
1370 1125 1434 1174 tuas
1448 1136 1505 1175 non
1514 1121 1583 1187 fero,
1599 1122 1735 1178 adulatio-

92 1208 224 1274 Salveris,
240 1206 365 1272 salveris,
387 1204 511 1258 salveris.
530 1203 564 1256 Et
578 1202 695 1256 tradidit
718 1202 798 1256 illurn
819 1201 894 1256 seni·
936 1221 986 1259 nes
995 1208 1024 1259 et
1035 1204 1268 1261 subsannationes
1274 1212 1337 1262 tuas
1348 1224 1404 1263 non
1418 1209 1517 1273 tolero.
1528 1210 1587 1264 Nec
1594 1212 1663 1266 mibi
1677 1213 1735 1266 hac

91 1297 154 1364 bus,
171 1297 265 1351 dicens
281 1315 287 1350 ε
302 1295 352 1350 llle
366 1291 581 1357 nonhomo,sed
596 1291 713 1361 angelus
727 1296 779 1358 est,
791 1291 839 1362 qui
852 1295 896 1345 tot
935 1294 1016 1348 arida
1029 1311 1168 1366 parcaque
1178 1296 1235 1350 vita
1241 1296 1368 1365 jucunda
1377 1302 1429 1364 est,
1442 1299 1503 1353 volo
1517 1299 1647 1354 carnibus
1657 1308 1736 1356 satu·

93 1387 175 1441 annis
197 1385 267 1440 mihi
280 1383 438 1439 infirmanti
449 1381 582 1446 serviem,
597 1397 647 1435 nec
661 1379 765 1435 bonurn
791 1396 895 1435 serrno·
936 1384 1002 1437 rari.
1019 1384 1145 1455 Cumque
1160 1384 1186 1438 ei
1199 1384 1328 1441 exhibitae
1342 1387 1427 1440 aviro
1436 1387 1640 1458 patientissimo
1656 1389 1737 1444 Eulo-

90 1491 156 1530 nem
173 1474 301 1539 audiens,
318 1472 383 1527 fecit
406 1477 502 1526 tamen
526 1469 691 1540 obsequium
706 1486 769 1525 curn
789 1485 893 1540 magna
933 1472 980 1543 gio
995 1489 1094 1528 carnes
1103 1473 1230 1540 fuissent,
1243 1475 1327 1547 coepit
1346 1475 1450 1530 iterum
1463 1477 1638 1548 proclamare
1654 1496 1659 1531 :
1673 1479 1737 1533 Non

90 1565 238 1637 patientia.
934 1567 1022 1633 potes,
1038 1562 1139 1634 inquit,
1155 1580 1224 1618 meae
1239 1563 1397 1618 satisfacere
1412 1565 1561 1631 voluntati,
1577 1582 1668 1638 neque
1690 1571 1735 1622 te·

124 1653 152 1708 3.
166 1654 264 1708 Plures
274 1651 360 1723 igitur
374 1649 491 1704 diversis
505 1649 666 1703 laborantes
679 1647 892 1703 necessitatibus
934 1667 997 1705 cum
1009 1651 1151 1707 solitarius
1173 1651 1299 1707 babitare
1314 1652 1449 1724 praevaleo
1461 1671 1467 1707 :
1480 1655 1615 1726 populum
1630 1655 1735 1721 videre,

89 1747 283 1797 convenerunt
293 1740 394 1795 fratres
405 1739 440 1793 ad
456 1745 583 1794 sanctum
594 1737 748 1792 Antonium
761 1739 890 1805 (Pellaei,
899 1711 923 1772 B
933 1740 968 1794 ad
983 1740 1124 1811 publicum
1136 1741 1177 1796 ire
1186 1742 1323 1797 desidero.
1332 1741 1407 1797 Dicit
1417 1742 1443 1796 ei
1449 1743 1582 1813 Eulogius
1596 1762 1601 1798 :
1617 1742 1678 1815 Ego
1687 1744 1735 1799 ud·

89 1849 113 1888 c.
125 1829 181 1901 26),
199 1832 273 1885 inter
287 1847 358 1902 quos
373 1836 402 1885 et
416 1828 549 1899 Eulogius
560 1826 594 1896 (ἓ)
607 1827 720 1899 quidam
738 1827 892 1882 monachus
933 1829 1004 1883 duco
1019 1829 1070 1884 tibi
1084 1830 1292 1885 multitudinem
1307 1830 1435 1885 fratrum.
1449 1832 1557 1887 Rursus
1569 1832 1690 1888 ferocior
1701 1849 1735 1888 ac

88 1920 304 1986 Alexandrinus,
320 1936 384 1974 cum
400 1918 504 1989 alioqui
519 1916 712 1989 elephantiaco
722 1914 819 1970 morbo
829 1932 892 1971 cru·
932 1934 1003 1988 pene
1011 1917 1192 1990 blasphemus
1199 1925 1321 1990 aegrotus
1335 1938 1342 1974 ε
1354 1921 1421 1987 Nec,
1436 1920 1537 1992 inquit,
1545 1921 1644 1976 faciem
1653 1925 1734 1979 tuam

88 2009 226 2076 ciabatur,
242 2026 312 2081 quos
320 2009 384 2063 illuc
397 2012 512 2079 propter
521 2004 714 2076 hujuscemodi
721 2021 834 2059 causam
848 2022 892 2060 ve·
931 2006 1025 2076 videre
1038 2008 1110 2075 volo,
1122 2014 1150 2062 et
1164 2007 1279 2064 adducis
1293 2009 1361 2063 mihi
1377 2009 1481 2064 similes
1493 2015 1566 2077 tuos,
1582 2011 1669 2066 solius
1683 2027 1734 2083 pa·

88 2100 164 2153 nisse
190 2096 395 2153 memorabant.
417 2097 469 2150 llic
492 2095 625 2165 Eulogius
653 2094 834 2148 scholasticus
854 2093 890 2164 (3)
931 2096 1597 2171 nisdevorarores;concutiensquesemetipsum,
1607 2089 1734 2171 inquieta

88 2192 158 2253 erat,
170 2185 349 2242 sacularibus
361 2185 462 2240 litteris
470 2182 890 2248 eruditusQuiimruortalitatis
930 2203 995 2240 voce
1012 2187 1124 2254 clamat,
1136 2187 1231 2242 diceus
1248 2206 1254 2241 :
1271 2187 1322 2242 Hic
1333 2205 1394 2243 esse
1406 2190 1481 2255 nolo,
1493 2189 1528 2243 ad
1539 2188 1682 2260 publicum
1691 2189 1733 2245 irc
1818 2173 1821 2179 ⁴

87 2277 227 2331 desiderio
245 2281 353 2347 captus,
371 2275 435 2329 huic
448 2274 554 2328 mundo
573 2273 784 2327 renuntiaverat
800 2293 806 2336 ς
823 2272 890 2326 divi·
929 2275 1294 2332 desidero.0violentiatln
1305 2293 1370 2330 eum
1384 2277 1476 2333 locum
1491 2278 1645 2349 rueproJ'ice
1656 2278 1732 2333 unde

86 2366 180 2436 sisque
195 2364 279 2418 rebus
294 2365 352 2418 suis
366 2363 495 2418 omnibus
513 2368 597 2433 atque
612 2361 757 2432 dispersis,
786 2376 887 2432 parum
928 2381 973 2418 me
983 2364 1130 2419 sustulisti.
1145 2366 1235 2420 Tanta
1247 2381 1313 2436 crgo
1327 2371 1388 2420 erat
1404 2367 1465 2437 ejus
1479 2365 1729 2439 insania,adeoque

86 2455 192 2526 aliquid
199 2453 381 2525 pecuniarum
391 2453 545 2523 reliquerat
552 2449 720 2522 sibi3quibus
729 2450 887 2522 quiapcrse
928 2469 1027 2508 sensus
1047 2455 1109 2525 ejus
1122 2453 1237 2520 infirmi,
1255 2454 1462 2526 quodammodo
1477 2461 1506 2511 et
1517 2472 1609 2511 mores
1633 2456 1724 2527 [sorte.

85 2544 196 2615 operari
208 2560 263 2597 non
274 2547 394 2614 poterat,
404 2546 540 2595 uteretur.
555 2541 627 2595 Cum
636 2539 723 2610 igitur
737 2555 802 2593 euni
812 2556 887 2610 quae·
928 2543 1071 2614 humores]
1098 2547 1257 2615 perveterat
1271 2544 1391 2612 damon,
1406 2549 1440 2600 ut
1454 2551 1483 2599 et
1496 2545 1597 2617 laqueo
1612 2562 1642 2600 se
1655 2545 1728 2602 forte

84 2633 150 2688 dam
166 2633 254 2687 animi
278 2631 395 2687 defectio
406 2630 546 2701 fatigaret,
564 2636 593 2684 et
604 2645 696 2700 neque
710 2644 773 2682 curn
789 2628 885 2683 multis
927 2633 1128 2704 suspendisset,
1144 2633 1168 2687 si
1178 2650 1287 2699 manus,
1303 2650 1433 2705 perquas
1447 2634 1499 2689 hoc
1510 2634 1601 2689 facere
1622 2640 1726 2707 posset,

84 2721 114 2776 in
124 2721 295 2777 monasterio
305 2722 417 2792 degere,
425 2719 678 2790 nequesolitariam
690 2717 775 2772 vitam
791 2722 886 2788 posset
926 2721 1079 2777 habuisset.
1091 2723 1135 2782 Ad
1145 2723 1296 2778 monachos
1310 2723 1406 2795 itaque
1418 2723 1523 2780 vicinos
1537 2723 1630 2796 pergit
1646 2724 1728 2781 Eulo-

82 2812 157 2867 ferre
182 2813 330 2883 patienter,
343 2811 447 2882 reperit
461 2808 611 2880 quemdam
622 2806 731 2879 publice
751 2807 780 2861 in
791 2807 885 2878 platea
924 2810 997 2880 gius,
1013 2811 1156 2866 itadicens
1169 2811 1210 2866 eis
1226 2811 1507 2884 :Quidfaciamquia
1516 2812 1726 2884 elephantiosus

80 2903 231 2973 jacentem,
244 2901 285 2954 ita
300 2899 483 2955 invalitudine
496 2899 553 2965 illa,
575 2914 659 2969 quarn
672 2895 801 2968 superius
815 2895 882 2963 dixi,
925 2899 978 2953 iste
991 2899 1102 2980 penitus
1113 2900 1262 2972 desperare
1273 2901 1408 2957 mesecitl
1419 2902 1522 2956 Dicunt
1536 2901 1562 2956 ei
1576 2920 1582 2955 :
1594 2902 1684 2966 Quam
1691 2901 1726 2956 ob

84 2990 241 3062 impletum,
258 2993 290 3043 ut
298 2989 358 3043 sine
367 2987 484 3060 pedibus
495 2992 523 3042 et
531 2986 660 3040 manibus
669 2985 812 3039 videretur
823 3002 829 3036 :
839 2983 885 3039 cui
924 3005 1037 3043 causam
1052 2989 1066 3043 ‘l
1080 2989 1234 3061 Respondit
1248 2990 1289 3045 eis
1303 3008 1309 3044 :
1326 2990 1398 3055 Quia
1413 2991 1484 3045 dura
1500 2995 1567 3045 sunt
1580 3007 1642 3062 quae
1656 2989 1725 3046 mihi

82 3078 380 3150 linguatanturnmodo
389 3062 914 3132 immunisatantiscruciatibuseratG
925 3084 1042 3133 conatur
1054 3078 1208 3150 imponere,
1220 3083 1249 3133 et
1263 3079 1330 3151 quid
1341 3079 1530 3149 agamignoro
1542 3097 1549 3134 :
1561 3078 1724 3150 projiciam·

81 3185 139 3240 qna
153 3168 243 3239 magis
262 3173 358 3240 posset
370 3167 405 3222 ab
420 3165 595 3221 intuentibus
610 3165 748 3219 malorum
764 3181 880 3220 suorum
923 3185 959 3222 ne
974 3184 1038 3222 eum
1054 3168 1131 3224 lSed
1142 3168 1224 3223 aliter
1237 3169 1295 3222 Deo
1310 3168 1439 3223 dexteras
1447 3167 1522 3236 dedi,
1537 3168 1571 3222 de
1590 3167 1643 3223 hoc
1654 3167 1723 3223 satis

80 3259 238 3312 remedium
247 3257 410 3328 promereri.
423 3258 620 3327 Cumqueeum
627 3254 760 3309 assistens
767 3254 881 3309 vidisset
921 3274 1027 3312 vereor.
1044 3259 1107 3312 Non
1120 3257 1266 3329 projiciam
1282 3274 1345 3312 euru
1360 3257 1425 3324 ;sed
1436 3262 1518 3312 totae
1531 3262 1611 3312 tanta
1619 3256 1722 3313 iterum

80 3347 223 3418 Eulogius,
241 3346 367 3400 oratione
377 3346 450 3400 sacta
465 3345 499 3399 ad
510 3346 609 3409 Deum,
626 3350 655 3398 et
668 3344 741 3397 facta
757 3344 878 3414 quadam
920 3347 1029 3403 dierum
1041 3363 1074 3402 ac
1085 3347 1210 3402 noctium
1220 3346 1295 3401 mala
1304 3346 1378 3401 ferre
1392 3363 1448 3402 non
1458 3363 1574 3419 possum
1589 3364 1596 3415 ;
1608 3345 1676 3418 quid
1685 3346 1721 3402 de

79 3451 143 3490 curn
158 3435 276 3490 Domino
286 3435 423 3506 pactione,
436 3435 479 3489 his
491 3435 629 3489 allocutus
644 3439 688 3487 est
700 3433 791 3488 verbis
805 3452 811 3486 :
823 3434 879 3488 Do·
919 3437 980 3508 ipso
993 3436 1080 3507 igitur
1093 3453 1164 3491 ame
1178 3437 1237 3501 frat,
1252 3436 1359 3506 ignoro.
1376 3435 1418 3492 ad
1431 3452 1515 3506 quem
1527 3435 1568 3489 illi
1578 3435 1622 3490 bis
1629 3434 1720 3490 verbis

78 3524 165 3589 mine,
181 3525 282 3596 inquit,
299 3525 384 3588 Deus,
400 3524 429 3578 in
444 3529 493 3579 tuo
513 3523 627 3578 nomine
646 3522 767 3593 suscipio
792 3522 877 3578 istum
919 3526 1091 3598 loquuntur:
1103 3526 1176 3580 Dum
1190 3526 1280 3580 adhuc
1293 3524 1718 3597 vivitetsuperestlllagnusille,

78 3611 878 3684 tamimmanivaletudinepraepcditum,utpropteristum
918 3616 959 3671 sic
985 3616 1058 3670 enim
1082 3613 1242 3682 vocabatur,
1270 3613 1418 3680 Antonius,
1442 3612 1561 3669 ascende
1583 3613 1619 3668 ad
1642 3630 1718 3679 eum,

78 3703 183 3776 possim
192 3709 221 3757 et
230 3704 290 3774 ipse
298 3703 408 3757 salvari.
425 3702 580 3771 Adsisergo
592 3701 670 3766 milri,
681 3701 876 3769 JcsuChristc,
919 3722 1081 3776 agrumque
1091 3704 1154 3759 navi
1164 3703 1370 3776 impositum,in
1385 3703 1653 3773 monasteriumeJ'us
1667 3702 1718 3756 dc-

77 3797 164 3865 atque
179 3793 345 3865 patientiam
355 3792 385 3846 in
395 3792 445 3846 tali
459 3791 616 3845 ministerio
642 3790 780 3861 largiaris
804 3792 879 3846 Mox·
918 3794 968 3861 fer,
983 3799 1145 3865 exspectans
1160 3793 1199 3848 ibi
1212 3794 1301 3847 donec
1315 3793 1477 3864 speluncam
1492 3808 1574 3847 suam
1588 3807 1730 3863 egressus*

77 3899 133 3955 qua
143 3883 180 3938 ad
193 3884 334 3952 jacentem
345 3881 425 3936 illurn
437 3881 477 3935 ait
489 3899 494 3934 :
505 3880 554 3933 Vis
565 3879 661 3946 frater,
673 3880 795 3950 suscipio
808 3879 878 3935 teia
918 3883 1057 3938 adveniat.
1069 3883 1159 3948 Quem
1173 3898 1236 3937 cum
1251 3881 1362 3949 videris,
1376 3883 1479 3937 referes
1491 3881 1547 3936 ista
1565 3897 1626 3952 qua
1640 3884 1717 3953 pata·

77 3971 162 4026 domo
181 3986 255 4036 mee,
265 3976 294 4026 et
304 3985 470 4042 quacunque
483 3974 581 4040 potero
598 3970 877 4034 ratione,sustento?
918 3972 967 4037 ris,
978 3979 1063 4044 atque
1077 3971 1112 4026 ab
1127 3988 1160 4026 eo
1175 3971 1322 4027 consilium
1331 3970 1484 4042 postulabis
1497 3989 1503 4037 ;
1520 3968 1716 4042 quidquidtibi

77 4061 206 4132 Cumque
221 4059 332 4114 haecille
343 4058 609 4129 libentcramplccti,
621 4058 644 4112 si
659 4058 833 4128 dignaretur,
846 4076 876 4113 se
917 4078 1002 4132 super
1016 4062 1068 4116 boc
1085 4060 1195 4127 dixerit,
1209 4059 1303 4125 iacies,
1321 4065 1349 4114 et
1369 4061 1431 4131 ejus
1456 4058 1658 4115 monitionibus
1672 4074 1717 4113 ao·

77 4148 184 4204 diceret
196 4149 318 4203 :Vadam
325 4165 401 4218 ergo,
413 4134 675 4219 inquit,'etasinum
698 4163 752 4217 quo
767 4147 877 4202 veharis
918 4151 1053 4221 quiesces.
1063 4150 1183 4204 sciensa
1197 4150 1255 4204 Deo
1267 4147 1361 4218 juberi
1373 4147 1424 4202 tibi
1433 4148 1508 4219 quod
1522 4148 1569 4202 ille
1579 4162 1715 4218 precepe-

77 4237 225 4293 adducam.
235 4238 286 4292 Cui
296 4238 476 4292 vehementer
485 4236 775 4291 exsultansconsensit
787 4253 877 4307 aegro·
917 4240 964 4295 rit.
979 4241 1042 4294 blox
1056 4239 1143 4308 igitur
1150 4237 1326 4292 sermonibus
1342 4237 1461 4292 fratrum
1476 4235 1596 4290 libenter
1606 4235 1715 4290 instru-

75 4331 134 4382 tus.
145 4327 232 4398 ldque
242 4343 306 4381 mox
319 4326 384 4380 fecit
393 4326 536 4396 Eulogius,
547 4330 771 4380 otmevnoratuur
781 4326 816 4379 ad
829 4326 878 4381 ho·
918 4327 1187 4400 etus,supradictuvn
1197 4325 1418 4397 agrumblandis
1431 4323 1712 4396 precibussuperaus,

75 4416 280 4487 spitiumsuum
291 4415 352 4470 sine
362 4415 496 4470 dilatione
514 4414 676 4470 transvexit.
692 4416 747 4468 Per
761 4415 875 4485 quinde-
885 4412 1657 4488 Dlittoralinaviculaeimposuit3sustulitquedecivitate
1665 4428 1715 4484 per

75 4505 134 4561 cim
146 4505 326 4576 igiturannos
329 4505 390 4576 jugi
400 4505 544 4560 curatione
556 4511 584 4559 ct
591 4510 727 4576 perpetua
739 4504 874 4559 eisollici-
916 4513 1036 4574 noctem,
1047 4513 1076 4561 et
1084 4506 1120 4561 ad
1129 4505 1330 4577 discipulorum
1340 4503 1431 4558 sancti
1439 4502 1554 4559 Antonii
1568 4500 1715 4556 habitacu-

74 4594 175 4649 tudine
184 4594 336 4649 serviebat:
346 4611 396 4664 per
409 4610 493 4664 quom
504 4610 586 4648 omne
598 4599 709 4665 tempus
724 4599 752 4648 ct
761 4594 818 4661 ille,
830 4594 875 4649 cui
916 4598 975 4652 lum
988 4596 1076 4651 duxit.
1093 4594 1195 4650 Evenit
1208 4598 1303 4649 autem
1318 4599 1350 4648 ut
1363 4593 1418 4647 alio
1433 4592 1477 4648 die
1492 4590 1657 4663 vespertinis
1666 4591 1716 4645 ho·

74 4687 188 4739 tautum
200 4682 379 4738 deferebatur
396 4683 571 4754 obsequium,
587 4699 650 4736 curn
666 4684 876 4753 gratiarumac-
916 4687 955 4742 ris
964 4681 1489 4758 superveniretillucbeatusAntonius,
1502 4678 1716 4734 referentemihi

76 4773 156 4827 tione
169 4778 270 4827 cuncta
283 4771 431 4837 tolerabat,
441 4778 470 4826 et
479 4771 587 4842 Eulogii
602 4771 732 4826 manibus
746 4777 775 4827 et
790 4773 876 4828 medi·
917 4775 1018 4832 Cronio
1031 4775 1105 4846 quod
1116 4774 1263 4846 chlamyde
1278 4789 1311 4827 ex
1322 4770 1439 4843 pellibus
1451 4770 1525 4824 facta
1536 4768 1651 4823 indutus
1667 4766 1715 4824 ad·

75 4862 222 4926 camentis,
234 4861 357 4932 cibisque
372 4861 523 4924 etbalncis,
539 4866 623 4932 prout
637 4862 813 4933 competebat
828 4879 876 4916 va·
916 4865 1033 4923 venerit.
1046 4863 1161 4919 Solebat
1171 4868 1265 4918 autern
1276 4861 1389 4916 veniens
1401 4860 1436 4914 ad
1450 4857 1651 4913 monasterium
1662 4856 1716 4913 fra·

75 4950 206 5016 letudini,
227 4951 387 5005 curabatur.
399 4951 467 5004 Post
479 4949 637 5020 quindecim
652 4968 717 5005 vero
737 4952 876 5006 annosin·
916 4961 992 5010 trum
1010 4971 1109 5009 vocare
1123 4970 1155 5008 ex
1170 4951 1237 5024 ipsis
1251 4950 1414 5013 Macarium,
1425 4964 1546 5019 eumque
1560 4947 1605 5002 his
1624 4947 1717 5002 verbis

31 5051 35 5057 '
75 5043 182 5099 stinctu
194 5044 337 5109 dramonis,
355 5043 532 5115 supradictus
547 5049 668 5115 aegrotus
676 5043 824 5099 immemor
835 5050 878 5100 tot
917 5045 1092 5114 interrogare
1107 5058 1113 5098 :
1126 5043 1271 5096 Venerunt
1280 5040 1371 5093 adhuc
1381 5037 1469 5110 aliqui
1484 5037 1607 5092 fratres?
1620 5035 1658 5092 Et
1668 5036 1717 5092 ille

75 5131 204 5187 laborum
221 5132 330 5202 Eulogii
343 5137 542 5204 tantorumque
555 5132 731 5198 meritorum,
748 5133 877 5204 coepitab
919 5132 1026 5187 venisse
1041 5130 1159 5185 dicebat.
1174 5131 1214 5185 De
1228 5129 1358 5201 AEgypto,
1374 5127 1475 5198 inquit,
1492 5131 1567 5195 sunt,
1579 5143 1615 5182 an
1625 5127 1659 5182 de
1673 5128 1718 5182 Je-

76 5238 111 5276 eo
126 5221 195 5275 vella
217 5221 369 5287 discedere,
388 5222 539 5292 multisque
553 5221 664 5292 injuriis
679 5227 763 5293 atque
779 5239 877 5294 oppro-
919 5221 1079 5293 rosolymaf
1090 5222 1148 5274 lloc
1160 5225 1255 5274 autem
1271 5217 1382 5289 signum
1393 5217 1428 5272 ab
1442 5217 1486 5272 his
1500 5218 1625 5287 jusserat
1645 5216 1718 5284 dari,

75 5310 145 5365 briis
164 5310 309 5382 increpare
324 5327 399 5378 eum,
416 5311 511 5365 dicens
527 5330 533 5364 ι
551 5309 677 5381 Fugitivc
694 5309 739 5381 til,
755 5311 802 5383 qui
813 5329 878 5383 pro·
919 5317 952 5366 ut
962 5310 1070 5382 quoties
1085 5308 1172 5379 aliqui
1187 5324 1243 5362 non
1258 5307 1325 5361 satis
1340 5307 1417 5377 digni
1432 5306 1570 5378 colloquio
1578 5304 1665 5377 ipsius
1675 5322 1719 5359 ve·

76 5399 168 5472 priam
176 5399 648 5470 domurndevorasti,furatusquees
656 5399 878 5468 alienanrou
920 5401 1023 5465 nirent,
1031 5398 1176 5453 advenisse
1190 5396 1491 5468 AEgyptiidicerentur3
1501 5395 1610 5466 quoties
1622 5399 1718 5448 autem

76 5487 275 5555 substantiam,
283 5488 312 5542 in
323 5504 368 5542 me
379 5488 552 5542 occasionem
562 5488 661 5543 salutis
673 5494 729 5543 tuae
744 5490 880 5562 reperisse
921 5489 1010 5545 sancti
1022 5487 1136 5560 quidam
1148 5493 1177 5542 et
1188 5486 1349 5558 spirituales
1364 5485 1526 5540 viderentur
1536 5484 1597 5550 viri,
1609 5481 1718 5538 venisse

80 5582 110 5634 te
120 5577 212 5634 credis
222 5578 235 5632 l
245 5577 379 5649 Eulogius
393 5581 489 5633 autem
504 5577 621 5648 rogabat
635 5594 711 5647 eum,
727 5585 755 5635 at
769 5580 881 5638 satiata·
922 5578 1138 5650 deJerosolyma
1147 5570 1719 5645 nuntiarentur.Tuneergovenieusjuxta
