3832 6120
129 241 184 299 499
648 237 697 294 DE
713 238 809 294 vlits
827 237 976 295 Patauii
992 240 1100 296 LIBER
1117 238 1263 298 PRIMUS.
1393 274 1395 278 ·
1720 233 1773 296 bid]

132 367 337 440 sempiternum
351 366 453 429 locum,
463 363 533 418 duas
552 363 690 434 regiones,
700 362 929 433 inquibusmeu·
939 367 962 423 A
973 363 1002 418 iu
1029 365 1193 436 Evangelieo
1210 353 1351 421 volumine
1372 367 1493 422 inculcat
1507 365 1616 423 flfottlv.
1632 361 1710 432 xxv).
1726 362 1771 417 dd

134 457 227 512 siones
238 457 333 510 multae
348 454 404 507 sint
415 455 438 517 ll
452 453 512 507 Gor.
523 456 565 521 ιι),
576 451 737 509 habentem.
749 451 925 522 pervenietis.
969 453 1158 509 huncscilicet
1172 457 1284 511 modum
1301 473 1386 528 quam
1409 456 1551 520 tutissime
1562 455 1691 509 fomuuas
1706 456 1771 507 tuas

133 546 260 611 Quarum
272 545 390 598 alteram
402 542 515 613 quidem
530 541 605 595 Deus
624 540 659 594 iis
673 541 720 611 qui
736 541 824 611 ipsius
834 558 928 595 amore
971 559 1068 598 omnes
1082 546 1288 615 peragentium
1301 562 1401 600 manus
1417 546 1482 600 illuc
1496 542 1675 616 praemiseris.
1696 542 1769 596 Nam

134 635 265 705 flagrant,
279 634 396 703 ejusque
415 629 556 684 mandatis
572 629 777 700 obtemperant,
788 647 930 703 praepara-
972 632 1106 703 quidquid
1131 634 1159 687 in
1188 651 1220 688 eo
1242 634 1370 692 beneficii
1384 633 1544 700 contuleris,
1561 632 1699 687 Dominus
1718 629 1771 684 sibi

133 723 182 790 vit,
197 721 326 777 omnibus
340 719 420 774 honis
431 718 579 772 florentem
590 725 616 772 et
632 719 882 773 circumfluentem.
972 721 1119 788 ascissens,
1132 738 1235 792 magno
1246 740 1308 777 cum
1323 723 1428 778 foenore
1442 722 1493 777 tibi
1503 721 1648 794 rependet.
1660 719 1771 774 Etenim

169 812 213 866 dd
229 827 313 883 quam
331 810 379 881 qui
394 808 489 862 divino
502 806 637 862 beneficio
661 808 850 863 admittuntur
862 809 929 876 (Iso.
972 827 1020 865 eos
1043 811 1090 881 qui
1113 811 1201 882 ipsius
1225 829 1320 867 amore
1340 811 1451 884 praediti
1477 816 1553 876 sunt,
1569 808 1771 864 beneficiorum

134 896 933 970 xxxv),insempiternaincorruptionedeguntmtquiim·
974 886 1771 972 remunerationiurssempersuperatnehunainq'uam,

128 989 307 1054 ‚mortalitate
323 987 452 1041 interitus
466 986 558 1040 omnis
570 991 682 1056 experte
703 986 842 1051 fruantur,
858 987 933 1041 unde
974 989 1088 1042 modurn
1103 989 1188 1060 hujus
1203 989 1305 1056 saeculi,
1323 990 1368 1044 cui
1379 989 1430 1049 ,diu
1442 990 1501 1060 jam
1517 987 1643 1042 nonsine
1663 984 1772 1055 ingenti

43 1127 48 1137 ,
137 1078 333 1149 effugitdolor,
345 1076 460 1130 tristitia
473 1079 502 1129 et
514 1075 651 1145 gemitus..
662 1075 760 1129 Altera
769 1081 863 1129 autem
872 1093 932 1146 quaa
975 1077 1126 1132 afflictione
1147 1078 1265 1145 servisti,
1281 1079 1417 1150 surreptis
1429 1077 1579 1141 thesauris,
1596 1092 1629 1130 ex
1642 1075 1687 1129 his
1700 1089 1772 1146 pra·

136 1167 262 1222 tenebris
276 1171 304 1220 et
318 1165 486 1230 calamitate,
508 1181 540 1217 ac
554 1164 650 1218 dolore
665 1164 854 1232 confertaest,
873 1167 934 1222 dia·
975 1167 1049 1220 clare
1064 1167 1196 1221 viaticum
1208 1167 1259 1222 tibi
1287 1168 1315 1221 in
1338 1167 1465 1222 futurum
1486 1163 1670 1237 comparabis,
1688 1168 1773 1234 atque

137 1255 202 1311 bolo
214 1261 242 1310 et
252 1255 359 1325 angelis
370 1255 431 1325 ejus
441 1259 540 1325 parata
553 1258 605 1307 est.
623 1253 654 1307 lu
670 1271 755 1325 quaxn
771 1255 855 1310 etiam
871 1273 934 1311 con·
975 1256 1067 1310 alieno
1083 1272 1130 1310 eos
1151 1256 1281 1328 eripiens,
1302 1257 1353 1310 tibi
1377 1256 1430 1328 ipsi
1458 1255 1536 1327 prius
1561 1253 1706 1314 recondes,
1722 1267 1774 1323 per

136 1345 280 1416 jicientur,
296 1344 344 1415 qui
357 1360 408 1415 per
427 1342 580 1412 flagitiosas
594 1342 718 1397 actiones
731 1360 792 1397 eant
804 1344 856 1399 sibi
868 1363 934 1400 con·
976 1345 1052 1399 fluxa
1063 1361 1165 1416 nempe
1180 1346 1324 1399 etcaduca
1349 1346 1407 1400 lraec
1426 1344 1510 1410 bona,
1526 1360 1560 1397 ea
1573 1358 1636 1414 qua
1649 1342 1732 1395 firma
1746 1344 1777 1392 et

139 1432 304 1499 ciliaverint,
320 1437 405 1502 atque
423 1431 458 1486 ab
484 1431 601 1485 interitu
615 1431 708 1485 aliena
722 1437 751 1486 et
765 1434 935 1504 sempiterna
975 1433 1088 1489 stabilia
1099 1440 1165 1488 sunt
1179 1451 1285 1488 emens.
1300 1435 1406 1489 Deinde
1429 1439 1533 1497 autem,
1550 1432 1607 1487 Deo
1625 1428 1678 1484 tibi
1692 1445 1775 1501 opem

137 1521 213 1577 bona
226 1539 290 1576 cum
304 1519 489 1592 praesentibus
504 1521 715 1587 commutarint,
732 1526 863 1593 totosque
875 1540 935 1579 sese
975 1522 1092 1589 ferente,
1109 1524 1305 1594 hujusmundi
1321 1523 1549 1577 incertitudinem
1572 1526 1601 1574 et
1615 1520 1778 1574 inconstan-

139 1611 214 1682 iguis
228 1611 326 1665 aeterni
340 1609 474 1681 pabulum
489 1609 645 1663 effecerint?
716 1652 719 1659 .
977 1612 1045 1666 tiam
1058 1612 1222 1683 perspicies:
1233 1613 1417 1682 omnibusque
1434 1610 1518 1666 rebus
1527 1610 1620 1664 valere
1631 1607 1727 1679 Jussis,
1739 1607 1776 1660 ad

175 1701 234 1755 Hac
248 1717 299 1770 ego
313 1715 379 1754 voce
389 1698 494 1763 audita,
506 1704 591 1768 atquc
600 1698 688 1768 ipsius
701 1699 819 1754 veritate
829 1679 1102 1757 intelle-Bfuturum
1124 1706 1152 1754 te
1176 1701 1337 1768 transferes,
1352 1707 1436 1771 atquc
1460 1717 1493 1755 ea
1517 1716 1578 1770 quae
1603 1700 1779 1770 praetereunt

140 1794 195 1855 cta,
210 1789 240 1842 in
257 1789 307 1843 hoc
322 1805 410 1843 unum
426 1804 496 1858 opus
520 1786 644 1851 incubui,
660 1788 741 1842 etad
762 1788 830 1843 illud
844 1791 936 1862 hospi·
977 1790 1036 1861 ipse
1048 1790 1222 1860 praeteriens,
1237 1791 1329 1863 iisque
1343 1790 1428 1845 rebus
1451 1806 1513 1860 que
1527 1789 1555 1842 in
1569 1804 1618 1859 spe
1633 1785 1778 1857 positaeac
1851 1808 1857 1819 ·

139 1878 212 1934 tium
228 1878 402 1949 pervenirem
418 1876 492 1946 quod
508 1875 584 1930 omni
598 1876 692 1930 dolore
708 1883 737 1931 et
745 1879 878 1933 moestitia
891 1897 937 1934 va·
977 1880 1066 1933 firmae
1080 1885 1154 1943 sunt,
1179 1885 1208 1933 te
1234 1879 1374 1945 addicens,
1390 1878 1575 1948 tenebrasque
1597 1892 1660 1930 curn
1675 1873 1779 1928 mortis

139 1972 194 2032 cat,
207 1971 341 2036 tantaque
349 1964 599 2019 contrasecuritate
607 1981 639 2018 ac
648 1966 735 2019 tantis
744 1965 824 2021 bonis
834 1973 934 2023 scatet:
977 1966 1449 2039 umbrarelinquens,odioquetum
1458 1967 1595 2020 mundum
1607 1961 1779 2018 tumrnundi

141 2072 261 2126 quorum
271 2054 393 2124 cognitio
413 2070 487 2108 nunc
502 2052 570 2107 mihi
589 2053 725 2108 duntaxat
739 2071 770 2108 cx
785 2061 864 2125 parte
883 2062 935 2121 est,
977 2056 1132 2127 principem
1149 2057 1476 2127 insectans,carnemque
1490 2053 1617 2108 interitui
1627 2050 1779 2106 obnoxiam

141 2143 234 2214 utqui
249 2143 403 2214 spiritualis
429 2141 520 2197 aetatis
535 2142 644 2196 ratione
658 2159 728 2214 puer
737 2144 800 2209 sim,
817 2161 849 2198 ac
863 2146 937 2200 velut
979 2145 1088 2199 hostem
1103 2145 1154 2199 tibi
1172 2162 1234 2200 esse
1250 2146 1364 2212 ducens,
1380 2145 1415 2199 ad
1438 2144 1528 2198 lucem
1555 2139 1781 2196 inaccessibilem

140 2249 193 2304 per
206 2233 317 2304 specula
333 2232 470 2286 duntaxat
484 2236 511 2285 et
530 2231 680 2302 aenigmata
694 2249 740 2287 res
762 2232 862 2289 futurae
876 2236 939 2290 vitae
980 2250 1108 2288 accurres
1138 2237 1162 2301 (l
1188 2235 1258 2287 Tim.
1283 2237 1330 2303 vr),
1348 2250 1485 2303 cruceque
1510 2230 1635 2287 humeris
1653 2228 1778 2291 sublata,

141 2321 319 2394 perspiciam.
333 2322 403 2376 Cum
413 2326 508 2375 autem
519 2320 627 2375 venerit
636 2322 709 2392 quod
720 2322 873 2393 perfectum
886 2328 937 2389 est,
980 2323 1125 2377 Christum
1141 2323 1280 2377 irretortis
1294 2323 1381 2377 oculis
1406 2321 1541 2393 sequeris,
1560 2326 1592 2375 ut
1612 2319 1699 2374 etiam
1713 2334 1782 2372 cum

141 2428 175 2466 ac
188 2410 258 2465 facie
269 2411 305 2465 ad
319 2410 418 2465 faciem
433 2426 608 2482 cognoscam,
619 2415 681 2464 tum
695 2410 807 2465 demum
823 2429 940 2467 evacua·
982 2412 1043 2483 ipso
1053 2411 1227 2481 glorificeris,
1239 2413 1369 2483 vitaeque,
1389 2428 1446 2465 non
1457 2413 1517 2481 jam
1532 2410 1642 2465 caduca
1655 2413 1684 2463 et
1697 2405 1782 2461 falla-

141 2499 220 2554 bitur
234 2500 309 2570 quod
323 2505 446 2570 exparte
462 2505 504 2552 est
518 2501 545 2565 (l
555 2499 615 2553 Gor.
627 2502 698 2567 ιιιιι).
715 2499 776 2562 Quo
789 2501 864 2554 circa
874 2519 940 2572 gra·
982 2501 1021 2555 cis
1035 2502 1124 2554 haeres
1136 2500 1275 2554 efficiaris.

136 2593 197 2656 ,tras
207 2604 260 2658 ago
268 2589 326 2643 Deo
333 2604 383 2658 per
392 2588 406 2641 J
409 2604 487 2641 esum
494 2587 636 2641 Christum
644 2587 796 2642 Dominum
802 2596 939 2645 nostrum.
1018 2590 1155 2659 iosaphat
1168 2590 1265 2660 itaquo
1280 2589 1314 2643 ad
1325 2605 1390 2643 eum
1400 2589 1455 2643 ait:
1468 2587 1546 2642 lstud
1559 2587 1662 2657 ipsum,
1679 2600 1786 2654 nempe

143 2676 255 2733 Etenim
271 2677 313 2730 lex
325 2676 441 2746 spiritus
455 2675 518 2729 vite
542 2675 571 2728 in
586 2675 698 2730 Christo
711 2676 725 2729 J
728 2693 787 2742 esu,
804 2694 821 2731 a
835 2681 940 2748 peccati
982 2677 1077 2732 omnia
1086 2694 1136 2748 pro
1145 2677 1233 2732 nihilo
1243 2683 1353 2749 putare.
1364 2684 1450 2749 atque
1464 2692 1554 2748 usque
1567 2675 1637 2729 adeo
1647 2688 1784 2744 asperum

144 2771 173 2820 et
186 2765 285 2819 mortis
296 2766 357 2834 lege
368 2781 413 2818 me
427 2763 565 2829 liberavit,
576 2765 812 2835 oculosquemeos
820 2769 939 2839 aperuit,
984 2767 1045 2821 vitae
1059 2783 1148 2837 genus
1163 2767 1314 2837 suscipere,
1339 2765 1577 2837 quemadmodum
1591 2762 1721 2834 superius
1736 2761 1784 2814 di·

145 2859 179 2909 ut
191 2853 284 2909 carnis
296 2854 427 2909 affectum
442 2858 561 2907 mortem
577 2870 647 2918 esse,
661 2854 777 2925 spiritus
794 2861 890 2911 autem
903 2857 943 2911 af-
982 2856 1179 2919 xisti‚vetusne
1190 2855 1350 2910 institutum
1361 2860 1412 2920 est,
1424 2854 1459 2908 ab
1474 2853 1663 2925 apostolorum
1680 2848 1785 2904 doetri-

141 2943 251 3014 fectum
261 2943 347 2997 vitam
359 2949 388 2996 et
393 2959 500 3014 pacem,
510 2942 615 3013 liquido
626 2959 768 2998 cernerem
777 2946 859 3005 illem.
871 2952 940 3016 viu).
983 2960 1020 2999 na
1031 2961 1157 3010 manans,
1175 2962 1210 2998 an
1230 2961 1328 2999 recens
1342 2945 1444 2998 mentis
1461 2948 1560 2997 vestrae
1571 2941 1687 2996 solertia
1701 2954 1785 2994 enco-

145 3032 388 3099 Quemadmodum
400 3032 488 3102 igitur
501 3048 568 3101 ergo
583 3033 763 3102 praesentium
774 2996 970 3107 rerumcog-C
980 3033 1114 3103 gnatum,
1133 3033 1267 3104 tanquam
1283 3033 1388 3087 scilicet
1411 3032 1473 3096 boc,
1490 3035 1522 3084 ut
1550 3030 1649 3084 melius
1665 3045 1697 3082 ac
1710 3044 1785 3098 prae·

144 3121 206 3178 nita
219 3121 353 3186 vanitate,
370 3120 492 3192 perfecto
503 3120 566 3174 odio
579 3137 627 3175 eas
636 3120 837 3187 habui,eodem
845 3125 939 3192 modo,
982 3122 1113 3188 stantius,
1126 3122 1203 3177 vobis
1217 3122 1433 3193 amplexandum
1449 3119 1602 3174 duxeritis?

144 3215 177 3266 ut
188 3211 222 3265 de
236 3210 304 3282 ipsis
319 3210 470 3276 existimes,
480 3215 509 3264 te
520 3226 630 3272 moneo,
641 3216 727 3282 atque
741 3228 808 3281 erga
820 3230 876 3279 eas,
885 3230 942 3268 non
1019 3212 1109 3267 Senex
1119 3212 1260 3265 autemait
1269 3229 1275 3264 :
1285 3212 1449 3265 Nonrecens
1463 3209 1606 3263 inductam
1621 3207 1712 3277 legem
1727 3203 1784 3259 tibi

144 3316 226 3355 secus
240 3315 273 3354 ac
287 3299 402 3364 alienas,
418 3304 447 3355 et
469 3299 689 3370 quamprimum
705 3301 871 3356 diffluxuras
884 3303 943 3357 affr-
984 3300 1069 3354 affero
1079 3299 1162 3369 (absit
1171 3300 1268 3366 istud).
1277 3317 1374 3355 verum
1382 3299 1538 3370 antiquitus
1548 3294 1784 3351 nobistraditam.

145 3388 228 3443 cieris
242 3407 248 3456 ;
262 3395 348 3459 atque
363 3388 429 3442 hinc
443 3388 547 3459 ereptis
562 3388 695 3444 omnibus
708 3389 896 3456 facultatibus,
913 3392 942 3446 in
983 3389 1140 3443 Dixitenim
1147 3389 1324 3443 Dominusad
1334 3389 1449 3443 divitem
1458 3384 1710 3458 quemdam,quiex
1720 3382 1786 3454 ipso

145 3477 299 3534 immortali
313 3493 380 3543 aevo,
401 3477 435 3530 ad
450 3477 525 3547 quod
539 3474 590 3530 tibi
605 3477 666 3532 sine
680 3478 738 3532 ulla
762 3496 842 3533 mora
861 3481 944 3550 profi·
985 3477 1202 3549 percontabatur
1212 3478 1347 3549 quidnam
1355 3477 1407 3532 sibi
1414 3472 1787 3532 faciendumessetutvitam

146 3566 212 3622 cisci
225 3583 338 3621 necesse
353 3570 404 3631 est,
416 3565 581 3620 thesaurum
592 3565 639 3636 qui
652 3565 727 3620 furto
738 3567 882 3638 compilari
897 3586 945 3624 ne·
985 3566 1748 3639 aeternamconsequeretur,jactabatqueseeunctaquae
1756 3559 1787 3614 iu

146 3661 241 3727 queat,
250 3659 279 3710 et
288 3659 385 3719 mo
395 3670 462 3724 opes
472 3670 533 3724 quae
542 3653 684 3708 exhauriri
694 3655 772 3709 nullo
787 3657 870 3710 modo
879 3674 944 3728 pos·
985 3655 1046 3726 lege
1059 3656 1163 3728 scripta
1177 3661 1259 3710 erant
1272 3673 1406 3710 servasse.
1417 3657 1512 3711 Unum
1528 3652 1580 3708 tibi
1595 3652 1683 3717 deest,
1699 3649 1785 3711 vade,

147 3744 214 3808 sint,
230 3742 281 3797 tibi
293 3742 428 3797 recondas
444 3744 518 3809 (lac.
533 3755 591 3807 1113
608 3743 703 3796 March.
724 3747 772 3811 vr),
790 3750 821 3798 ut
833 3761 896 3799 cum
911 3763 945 3802 eo
986 3736 1073 3800 vende
1087 3746 1252 3816 omniaquae
1267 3744 1362 3811 habes,
1379 3750 1409 3799 et
1422 3745 1459 3799 da
1472 3741 1650 3815 pauperibus,
1663 3737 1787 3793 ethabe·

147 3832 307 3897 accesseris,
324 3830 542 3901 haudquaquam
563 3831 683 3901 penuria
711 3831 830 3899 labores,
847 3851 943 3890 verum
984 3832 1027 3888 bis
1041 3836 1207 3889 thesaurum
1231 3835 1354 3900 incoelo,
1372 3833 1545 3898 civeniae,
1564 3829 1674 3884 sublata
1688 3843 1785 3892 cruce,

148 3919 247 3991 opibus
260 3919 695 3989 circumfluas,quemadmodum
707 3919 760 3974 tibi
769 3921 943 3993 aptissimam
985 3940 1030 3977 me
1053 3940 1181 3993 sequere.
1202 3925 1239 3978 ht
1258 3924 1314 3988 ille,
1326 3924 1370 3977 his
1385 3921 1498 3987 auditis,
1515 3918 1648 3975 nroestitia
1662 3917 1786 3971 affectus

146 4008 300 4079 imaginem
314 4008 444 4078 811ΡΘΓίυε
458 4008 598 4078 ΡΓΟΡΟΒΠῘ·
984 4018 1037 4067 est.
1055 4013 1122 4066 Erat
1137 4013 1213 4066 enim
1228 4012 1381 4066 admodum
1405 4011 1491 4066 dives.
1510 4010 1581 4065 Cum
1600 4007 1688 4078 igitur
1698 4005 1785 4060 lesus

184 4097 353 4153 Car.XV.-
368 4096 550 4152 Dixitautem
560 4097 839 4168 Josaphatadsenem
853 4121 859 4155 :
872 4102 944 4166 Qua·
985 4118 1049 4155 eum
1065 4102 1322 4155 moeroreaffectum
1332 4098 1536 4165 vidisset,dixit
1546 4116 1552 4149 :
1564 4097 1654 4161 Quam
1668 4093 1787 4149 difficile

147 4205 213 4244 nam
223 4187 312 4258 igitur
320 4186 429 4241 ratione
440 4186 623 4257 pecuniarum
634 4187 780 4243 thesauros
796 4190 862 4244 illuc
876 4209 945 4263 prae·
984 4188 1005 4243 ii
1018 4190 1065 4260 qui
1081 4191 1213 4261 pecunias
1227 4187 1521 4243 habentintrabuntiu
1532 4201 1651 4256 regnum
1661 4183 1726 4249 Dei,
1740 4181 1787 4236 fa·

145 4278 259 4333 mittere
274 4291 384 4347 queam,
395 4280 427 4329 ut
440 4291 547 4340 corum,
563 4292 627 4330 cum
641 4276 706 4332 hinc
719 4276 873 4346 abcessero,
885 4281 944 4335 fru·
954 4279 1066 4370 Dcilius
1078 4279 1153 4332 enirn
1166 4283 1209 4333 est
1222 4278 1360 4332 carnelum
1371 4276 1552 4348 perforamen
1567 4290 1634 4328 acus
1647 4271 1784 4333 transire,

147 4372 225 4422 ctum
239 4364 275 4420 ab
285 4365 362 4421 omni
376 4365 451 4419 furto
465 4370 494 4418 et
507 4364 624 4420 interitu
639 4366 762 4422 alienum
780 4369 942 4437 uanciscar;
987 4384 1071 4438 quam
1080 4367 1195 4421 divitem
1205 4367 1311 4420 intrare
1320 4367 1350 4421 in
1360 4382 1477 4436 regnum
1488 4363 1538 4418 Dei
1553 4364 1647 4432 (Marc.
1660 4379 1693 4427 ις
1708 4361 1781 4417 Lac.

148 4472 326 4528 quonamque
349 4454 418 4509 item
446 4459 527 4525 pacto
555 4470 649 4509 meum
676 4455 706 4509 in
729 4473 775 4512 res
791 4465 944 4529 praesentes
984 4457 1141 4519 xvrrrl.lloc
1155 4456 1387 4527 igiturmandato
1402 4454 1508 4516 audito,
1525 4451 1616 4506 sancti
1636 4466 1736 4504 ornnes
1755 4448 1787 4503 id

147 4544 244 4601 odium
266 4545 470 4606 demonstrare,
486 4559 587 4614 resque
605 4545 790 4614 sempiternas
811 4550 944 4619 consequi
985 4544 1204 4603 studueruntut
1215 4543 1250 4597 ab
1265 4542 1426 4612 hujusmodi
1441 4557 1525 4612 opum
1540 4539 1706 4594 difficultate
1720 4552 1787 4592 sese

147 4634 264 4706 possim,
275 4638 373 4706 aperte
388 4632 456 4686 mihi
470 4632 554 4686 velim
568 4632 696 4703 explices.
711 4620 759 4688 Ait
772 4635 860 4704 igitur
874 4638 943 4692 Bar·
985 4634 1189 4691 abstraherent.
1201 4649 1234 4687 ac
1243 4648 1294 4703 per
1302 4632 1485 4701 largitionem
1500 4645 1568 4699 erga
1578 4643 1728 4698 pauperes,
1744 4626 1787 4680 di·

146 4723 238 4776 laam:
253 4723 364 4778 Divitiae
372 4722 407 4776 ad
418 4722 620 4794 sempiternam
627 4722 770 4791 regionem
784 4741 835 4795 per
842 4742 945 4797 paupe·
985 4721 1089 4794 spersis
1105 4722 1235 4776 omnibus
1249 4721 1437 4784 facultatibus,
1456 4716 1692 4790 sempiternisque
1714 4715 1788 4769 divi·

148 4827 212 4866 rum
222 4828 322 4867 manus
331 4811 551 4883 praemittuntur.
561 4811 610 4866 Ait
623 4811 699 4866 enim
712 4812 945 4885 quidamsapien-
984 4813 1033 4867 tiis
1045 4811 1100 4866 sibi
1114 4811 1182 4882 ipsis
1198 4810 1358 4874 reconditis,
1374 4825 1485 4863 crucem
1501 4806 1686 4868 sustulerunt,
1703 4804 1788 4859 Chri·

148 4897 275 4953 tissimus
292 4900 439 4971 propheta,
456 4900 555 4954 Daniel
565 4901 688 4968 nomine,
702 4901 737 4955 ad
748 4918 843 4972 regem
851 4903 944 4975 Baby·
985 4908 1117 4972 stumque
1132 4885 1221 4954 secuti
1236 4905 1316 4966 srvat,
1330 4899 1369 4952 sic
1379 4897 1514 4952 nimirum
1528 4902 1561 4949 ut
1575 4893 1698 4966 quidam,
1707 4894 1791 4949 velut

148 4985 222 5041 lonis
237 5005 243 5040 :
260 4987 378 5058 Propter
390 4988 451 5055 hoc,
468 5005 526 5053 rex,
541 4990 689 5044 consilium
703 5007 800 5045 meum
822 4990 873 5045 tibi
888 4993 945 5062 pla·
983 4993 1042 5063 jam
1058 5006 1075 5044 a
1089 4990 1248 5044 medictum
1263 4994 1314 5053 est,
1323 4986 1459 5058 martyrio
1466 4984 1711 5056 perfungerentur,
1719 4983 1788 5054 qui·

149 5080 221 5141 ceat,
234 5080 263 5129 et
274 5080 390 5146 peccata
399 5082 449 5131 tua
457 5078 642 5151 eleemosynis
651 5079 767 5147 redime,
778 5085 863 5151 atque
872 5081 946 5152 inJu·
987 5081 1051 5134 dam
1064 5085 1157 5134 autem
1184 5077 1320 5148 religiosas
1345 5077 1409 5130 vitae
1433 5073 1631 5129 exercitatione
1642 5077 1790 5127 concerta·

149 5162 241 5219 stitias
255 5168 319 5219 tuas
328 5164 359 5218 in
373 5165 600 5221 miserationibus
610 5185 766 5250 pauperum
779 5171 944 5236 (Duniclrvl.
986 5177 1057 5234 rent,
1075 5173 1169 5239 atque,
1187 5172 1323 5238 quantum
1339 5165 1373 5218 ad
1388 5180 1452 5218 vere
1467 5163 1585 5232 hujusce
1600 5160 1788 5233 philosophias

150 5253 223 5318 Quin
238 5253 324 5309 etiam
336 5253 464 5308 Salvator
475 5255 518 5310 his
532 5257 623 5312 verbis
637 5258 727 5312 utitur
742 5276 748 5310 ε
765 5258 860 5312 Facite
868 5256 945 5312 vobis
985 5257 1124 5313 rationem
1137 5257 1247 5321 attinet,
1264 5254 1352 5310 nihilo
1366 5252 1422 5306 illis
1435 5251 1583 5305 inferiores
1597 5255 1701 5304 essent.
1710 5249 1789 5313 Quo-

150 5342 255 5400 amicos
267 5343 646 5416 demammonainiquitatis,
658 5352 765 5402 etcum
777 5346 944 5413 defeceritis,
986 5346 1058 5401 circa
1073 5346 1142 5400 illud
1157 5346 1227 5401 scias
1243 5344 1336 5408 velim,
1353 5341 1437 5410 Regis
1452 5339 1541 5396 nostri
1551 5356 1584 5395 ac
1598 5339 1647 5394 Dei
1664 5338 1787 5393 manda-

150 5432 289 5505 recipiant
311 5449 359 5487 vos
389 5432 418 5486 in
440 5438 545 5487 eterna
568 5434 750 5491 tabernacula
772 5436 848 5507 (lac.
874 5437 943 5506 xvr).
985 5440 1045 5490 tum
1058 5436 1111 5489 hoc
1124 5452 1194 5502 esse,
1204 5451 1254 5506 per
1264 5431 1337 5504 quod
1349 5429 1479 5484 homines
1491 5426 1789 5500 sempiternorumbo·

149 5522 294 5596 Multaque
304 5523 339 5577 de
348 5521 526 5595 eleemosyna
537 5527 565 5578 et
574 5525 723 5595 largitione
731 5542 799 5597 erga
807 5542 945 5599 pauperes
985 5540 1087 5580 norum
1093 5525 1244 5597 participes
1257 5520 1423 5578 redduntur.
