3818 6120
143 238 194 297 ast
650 230 697 288 Dli
714 229 810 290 urus
827 228 979 288 Paruum
996 226 1104 286 LIBER
1122 225 1269 285 PRIMUS.
1728 228 1784 291 m·

141 383 206 424 uem
221 363 432 420 monachorum.
457 358 512 424 Qui
534 358 605 414 dixit
624 356 738 413 abbati:
754 357 833 413 Sicut
844 356 936 428 jubes,
947 354 1168 418 Alaborantium
1177 355 1299 427 requies,
1311 355 1485 426 gementium
1493 358 1671 429 pcrtuserat.
1681 357 1779 427 Terra,

142 455 255 512 domine
271 454 319 518 mi,
337 451 377 506 sic
388 450 468 505 facio.
485 451 519 505 Et
529 448 646 521 protulit
659 447 826 520 quingentos
836 446 940 502 solidos
980 451 1066 512 terra,
1082 461 1133 500 nec
1155 445 1227 500 celes
1241 445 1410 516 sanguinem
1425 461 1530 513 meum,
1554 446 1643 502 donec
1669 446 1779 503 rideam

141 546 171 599 in
186 560 272 598 manu
293 540 411 605 abbatis,
430 539 525 593 dicens
539 557 544 592 :
560 537 661 607 Accipe
684 536 797 590 interim
813 537 891 602 istos,
912 539 941 589 et
981 535 1048 607 quid
1059 535 1249 607 Euphrosyne
1263 534 1328 590 lilim
1342 552 1411 590 meae
1425 533 1583 607 contigerit.
1604 535 1670 591 llaec
1694 535 1781 592 ethis

141 634 165 687 si
178 633 273 687 videro
297 629 364 702 quia
383 627 489 700 possim
515 627 633 681 sufferre
653 626 707 692 hic,
723 626 836 680 venient
848 630 877 679 et
890 624 939 679 illa
981 624 1085 678 similia
1098 624 1257 695 Paphnutio
1272 629 1469 696 prosequente,
1489 623 1670 681 elevaverunt
1683 640 1780 681 omues

140 722 257 792 reliqua.
275 718 391 773 Vocarit
405 716 491 772 abbas
501 733 589 772 unum
603 715 728 783 fratrem,
739 714 853 770 nomine
868 716 937 784 Aga·
980 714 1028 785 qui
1042 714 1161 768 aderant
1171 729 1261 781 voces,
1274 713 1421 781 etllebant,
1433 715 1515 770 itaut
1525 715 1617 771 omnis
1632 714 1732 771 civitas
1739 715 1780 770 la·

141 811 241 883 pitum,
253 809 345 863 uirum
358 818 496 872 sanctum,
513 811 542 860 et
555 803 766 875 impassibilem,
780 802 900 859 tradidit
908 803 938 858 in
980 808 1156 858 mentaretur
1170 819 1244 858 eam.

139 916 240 956 manus
249 900 311 971 ejus
326 896 522 968 Smaragdum,
539 895 651 950 dicens:
668 893 777 948 Amodo
791 893 835 947 bic
845 893 940 948 eritfi-
1016 894 1083 946 Car.
1100 892 1134 946 X.
1148 892 1254 946 -Non
1268 891 1405 947 sufferens
1423 896 1517 948 autem
1530 892 1718 965 Paphnutius,
1730 909 1782 950 uec

138 990 193 1045 lius
207 994 274 1044 tuus
288 993 317 1043 et
329 987 481 1059 discipulus
495 1004 502 1052 ;
518 984 604 1039 talem
615 1000 679 1038 eum
694 983 838 1053 consigna,
853 986 886 1037 ut
894 998 940 1036 ex·
981 981 1126 1036 inveniens
1141 980 1369 1047 consolationem,
1388 982 1511 1052 perrexit
1532 981 1568 1037 ad
1591 989 1781 1040 memoratum

138 1084 252 1152 superet
259 1078 435 1149 magistrum.
446 1076 480 1131 Et
490 1074 567 1130 flexis
578 1072 706 1145 genibus,
717 1072 790 1127 facta
798 1071 934 1138 oratione,
977 1086 1082 1136 senem,
1098 1069 1133 1125 de
1143 1085 1198 1141 quo
1208 1086 1294 1142 supra
1305 1070 1435 1138 diximus,
1447 1086 1478 1126 ar
1488 1071 1636 1142 procidens
1644 1071 1683 1127 ad
1696 1071 1785 1144 pedes

138 1168 314 1239 consignavit
324 1181 398 1221 eum.
409 1165 445 1219 Et
451 1162 685 1236 respondentibus
696 1161 826 1216 omnibus
835 1162 934 1226 Amen,
978 1161 1049 1230 ejus,
1063 1159 1152 1214 dixit:
1166 1160 1234 1213 Peto
1244 1175 1279 1214 ne
1295 1160 1491 1227 cessesm
1504 1175 1596 1228 orare,
1608 1166 1641 1216 ut
1658 1161 1785 1218 invenia-

139 1257 263 1329 suscepit
277 1272 341 1311 eum
350 1253 523 1326 hgapitusin
532 1252 631 1307 cellam
640 1251 840 1323 suamthuia
849 1249 936 1305 babe-
978 1255 1025 1304 tur
1035 1247 1115 1304 labor
1128 1249 1288 1304 orationum
1299 1255 1414 1304 tuarum
1424 1249 1533 1317 ;uescio
1543 1249 1620 1305 enim
1634 1248 1704 1321 quid
1714 1249 1785 1306 acci-

139 1347 188 1401 bat
199 1346 308 1402 vultum
323 1344 456 1399 decorum
480 1341 661 1412 Smaragdos,
684 1341 752 1395 dum
765 1339 896 1394 veniebat
908 1338 938 1393 in
979 1338 1052 1393 derit
1071 1337 1135 1393 filia
1150 1353 1229 1394 mem.
1252 1338 1378 1393 Audiens
1394 1344 1488 1394 autem
1504 1338 1673 1394 uenerabilis
1686 1354 1782 1408 senex,

139 1435 285 1492 ecclesiam
301 1433 336 1489 ad
350 1430 556 1505 deprecandum
572 1431 672 1501 Deum,
689 1429 792 1484 multos
811 1428 939 1484 diabolus
979 1426 1161 1482 contristatus
1172 1432 1214 1482 est
1225 1425 1316 1493 ualde,
1327 1432 1356 1481 et
1371 1427 1456 1499 jussit
1468 1426 1503 1483 ad
1519 1443 1549 1483 se
1561 1443 1660 1484 omnes
1679 1428 1783 1486 fratres

139 1523 274 1581 incitabat
295 1522 428 1576 adversus
442 1520 571 1575 decorem
588 1520 683 1574 vultus
698 1518 774 1573 illius
787 1534 837 1590 per
849 1517 939 1572 malas
980 1515 1084 1582 uenire,
1102 1520 1131 1569 et
1143 1515 1214 1570 dixit
1227 1515 1267 1570 eis
1284 1533 1290 1569 z
1308 1515 1454 1571 Ostendite
1467 1515 1645 1584 charitatem,
1662 1516 1781 1587 fratres;

140 1611 383 1686 cogitationes,ita
396 1614 428 1664 ut
438 1624 536 1664 omnes
550 1608 662 1663 molesti
672 1612 767 1663 essent
778 1606 882 1673 abbati,
891 1605 939 1678 qui
981 1605 1155 1677 postulemus
1169 1622 1186 1658 a
1200 1604 1319 1659 Domino
1334 1611 1366 1660 ut
1385 1605 1517 1677 dignetur
1534 1605 1616 1662 nobis
1630 1606 1782 1663 ostendere

139 1699 469 1775 talempulcbritudinem
478 1697 679 1753 introduxisset
688 1697 716 1751 in
726 1697 937 1752 monasterium.
949 1695 1047 1773 Bquid
1062 1695 1166 1749 factum
1183 1693 1220 1748 sit
1233 1693 1269 1748 de
1283 1693 1342 1748 iilia
1355 1695 1440 1749 amici
1452 1696 1541 1750 nostri
1565 1695 1731 1768 Paphnutii.
1746 1695 1782 1752 Bt

140 1792 234 1849 abbas
244 1797 339 1846 autem
352 1791 412 1845 baec
426 1788 553 1855 audiens,
569 1787 678 1842 vocavit
696 1787 893 1858 smaragdum,
911 1789 947 1840 et·
977 1783 1141 1854 jejunantes
1153 1798 1260 1842 omnes.
1276 1783 1781 1851 etorantes,ettotabebdomadsui-

140 1882 210 1937 dixit
223 1881 249 1936 ei
265 1901 270 1935 :
288 1880 408 1935 Pulchra
417 1883 461 1932 est
474 1877 568 1942 iacies,
580 1877 630 1944 fili,
649 1876 768 1930 infirmis
780 1874 915 1931 iratribus
930 1892 938 1942 ;
978 1869 1018 1926 bil
1033 1872 1074 1927 eis
1085 1872 1242 1928 revelatum
1254 1878 1297 1927 est
1311 1873 1346 1926 de
1360 1873 1555 1946 Euphrosyna,
1572 1873 1648 1930 sicut
1661 1872 1778 1942 solebat,

139 1971 201 2027 volo
213 1975 308 2026 autem
323 1972 356 2022 ut
367 1967 464 2022 sedeas
475 1966 550 2021 solus
564 1966 593 2020 in
607 1965 677 2021 cella
690 1970 749 2032 tua,
766 1969 794 2019 et
810 1964 848 2018 ibi
861 1964 937 2036 psal·
980 1961 1091 2031 quando
1100 1962 1214 2017 aliunde
1222 1961 1361 2032 rogabant
1367 1963 1568 2019 Deum.0ratio
1574 1962 1781 2035 enimdupbro-

139 2060 191 2128 las,
205 2065 235 2114 et
248 2057 286 2113 ibi
298 2056 459 2118 manduces,
472 2072 528 2111 non
536 2061 633 2110 tamen
642 2070 821 2126 egressurum
832 2060 861 2108 te
872 2051 937 2107 inde
978 2067 1054 2123 syna
1064 2052 1166 2106 eratad
1173 2052 1262 2106 Deum
1271 2052 1317 2105 die
1327 2056 1516 2123 noctuque,ne
1527 2051 1707 2108 manifestam
1718 2068 1780 2108 eam

139 2147 251 2204 alicubi.
268 2147 303 2203 Et
314 2146 448 2219 praecepit
471 2145 592 2217 Agapito
605 2150 638 2200 ut
653 2148 824 2216 praepararet
839 2142 937 2198 cellam
978 2139 1120 2195 faceretin
1132 2141 1190 2195 vita
1201 2140 1346 2196 suaDeus.
1364 2142 1435 2198 Cum
1448 2146 1604 2198 autemnec
1616 2143 1679 2197 seni
1689 2157 1779 2215 neque

138 2238 302 2304 solitariam,
318 2241 346 2291 et
355 2236 384 2291 in
397 2251 430 2290 ea
440 2236 556 2307 degeret
566 2234 746 2305 Smarugdus.
757 2232 833 2288 Fecit
842 2237 938 2287 autern
979 2228 1063 2285 alicui
1078 2229 1158 2285 sratri
1172 2230 1326 2285 revelatum
1349 2237 1432 2298 esset,
1453 2231 1537 2304 coepit
1559 2231 1702 2287 consolari
1717 2247 1779 2288 enm

137 2327 275 2400 Agapitus
289 2325 384 2382 omnia
397 2341 458 2397 quae
467 2323 640 2379 sibiaPatre
655 2321 818 2377 monasterii
827 2320 940 2377 fuerant
980 2318 1084 2372 abbas:
1102 2319 1165 2373 Noli
1181 2319 1309 2386 delicere,
1326 2320 1376 2387 fili,
1392 2320 1570 2392 adisciplina
1579 2319 1704 2388 Domini,
1716 2320 1780 2394 quis

137 2418 288 2489 imperata,
302 2420 330 2471 et
343 2413 498 2469 introduxit
512 2412 698 2483 Smaragdum
717 2412 745 2466 in
762 2411 861 2465 cellam
875 2410 939 2465 soli·
980 2422 1063 2479 quem
1089 2407 1182 2480 diligit
1206 2409 1344 2465 Dominus
1368 2408 1484 2481 corripit
1499 2411 1588 2482 (Pron
1606 2411 1662 2480 ml.
1680 2409 1716 2466 he
1729 2409 1781 2467 boe

138 2507 252 2573 tarium,
266 2509 367 2560 eterat
381 2501 601 2558 ibiorationibus
611 2517 721 2562 vacans,
730 2499 901 2572 jejuniisque
911 2505 939 2554 et
979 2497 1060 2564 scias,
1073 2497 1140 2569 quia
1154 2497 1214 2553 sine
1227 2498 1370 2554 voluntate
1380 2498 1431 2554 Dei
1439 2514 1513 2554 unus
1527 2515 1627 2572 passer
1640 2500 1781 2556 nonoedet

143 2594 245 2666 uigiliis
260 2597 341 2648 nocte
356 2608 388 2646 ac
402 2591 447 2647 die
457 2606 572 2663 operam
581 2589 674 2655 dabat,
682 2589 805 2644 servieus
818 2587 938 2644 Domino
979 2586 1008 2641 in
1023 2592 1100 2642 terra
1114 2588 1200 2657 (Loca
1209 2591 1270 2655 ιιι),
1284 2588 1397 2658 quando
1408 2588 1499 2660 magis
1510 2589 1570 2644 filia
1581 2588 1656 2645 tua?
1668 2588 1779 2662 Absque

137 2685 167 2738 in
179 2682 358 2756 simplicitate
367 2681 468 2748 cordis,
478 2681 518 2735 ita
527 2679 717 2735 utmiraretur
725 2678 874 2750 pradictus
883 2677 937 2732 sra-
978 2681 1049 2731 nutu
1063 2676 1139 2732 illius
1151 2676 1222 2732 nihil
1236 2677 1377 2748 provenit.
1398 2676 1462 2733 Scio
1485 2677 1560 2734 enim
1589 2679 1659 2750 quia
1678 2677 1777 2736 bonam

138 2772 243 2843 ter,qui
253 2787 318 2826 eum
328 2775 499 2842 susceperat,
512 2775 541 2823 et
552 2769 682 2824 omnibus
694 2766 829 2823 iratribus
840 2766 937 2823 retulit
977 2770 1087 2836 partem
1100 2765 1151 2820 sibi
1167 2766 1262 2837 elegit,
1274 2771 1423 2839 propterea
1432 2767 1467 2822 de
1480 2783 1514 2822 ea
1528 2767 1601 2823 nibil
1614 2767 1776 2824 uobisme-

138 2864 199 2934 ejus
215 2861 448 2925 constantiam,et
461 2875 559 2913 omues
574 2856 771 2913 collaudabant
785 2856 936 2929 Deum,qui
977 2855 1067 2910 latum
1078 2860 1130 2910 est.
1147 2855 1210 2910 Scio
1220 2855 1501 2927 enim,quodabsit,si
1512 2856 1634 2913 iumalis
1646 2857 1775 2930 operibus

138 2952 167 3006 in
177 2950 341 3005 infirmitate
355 2948 423 3004 talia
436 2954 578 3020 operatur.
976 2944 1278 3017 incidisset,nunquam
1285 2944 1775 3018 Deusdespexerattantumlaborem

173 3041 238 3096 Cir.
255 3039 302 3095 Ill.
318 3066 349 3077 -
364 3037 540 3110 Paphnutius
554 3042 649 3093 autem
668 3042 749 3109 pater
767 3036 853 3103 illius,
870 3051 934 3091 cum
944 3033 966 3095 G
976 3034 1106 3089 fratrum.
1122 3034 1219 3090 Habeo
1231 3035 1363 3090 fiduciam
1373 3036 1402 3091 in
1417 3035 1658 3108 Dominc,quiaia
1666 3035 1775 3092 brevite

136 3127 755 3199 reuersusessetdomi,testinusingressusest
764 3125 932 3191 cubiculum,
975 3123 1106 3179 ostendat
1119 3140 1180 3180 eam
1195 3123 1247 3180 tibi
1262 3125 1346 3180 Deus.
1362 3124 1488 3182 Audiens
1508 3125 1567 3181 brec
1591 3124 1773 3199 Paphnutius,

136 3219 166 3274 iu
180 3235 236 3291 quo
251 3218 310 3273 illia
324 3218 386 3289 ejus
401 3232 516 3271 manere
527 3215 609 3271 solita
620 3219 690 3283 erat,
701 3221 729 3270 et
739 3231 795 3271 uon
809 3215 933 3282 inventa,
975 3214 1080 3286 recepit
1094 3214 1324 3282 consolationem,
1339 3215 1446 3286 gratias
1462 3229 1549 3288 agens
1563 3215 1634 3284 Deo,
1654 3221 1684 3272 et
1696 3231 1774 3272 orans

135 3307 225 3363 tristis
237 3322 416 3378 maerensque
430 3305 546 3361 allectus
561 3296 645 3377 capit
658 3305 821 3378 perquirere
836 3303 935 3360 anxius
977 3303 1112 3374 quotidie,
1130 3303 1210 3360 bouis
1230 3304 1362 3377 operibus
1384 3311 1413 3360 et
1437 3304 1627 3378 eleemosynis
1649 3306 1770 3362 intersim

135 3413 229 3454 servos
243 3401 273 3452 et
287 3396 403 3452 ancillas
415 3394 481 3467 quid
495 3395 529 3450 de
544 3393 729 3467 Euphrosyne
743 3399 837 3449 actum
850 3398 932 3449 esset.
978 3396 1048 3448 erat.

135 3487 235 3543 Pueris
249 3491 344 3541 autem
358 3484 536 3540 dicentibus:
553 3483 712 3549 Quianocte
725 3484 846 3539 vidimus
861 3499 933 3552 mm,
1012 3483 1078 3538 Gar.
1094 3483 1177 3538 lh.-
1189 3482 1257 3539 Post
1265 3483 1496 3555 aliquantosvem
1504 3482 1566 3538 dies
1574 3481 1710 3539 visitabat
1722 3497 1771 3539 mo

135 3573 764 3648 maneautemnoncomparuit.Etputarimus
773 3572 937 3645 quodpater
976 3570 1142 3639 naslerium,
1155 3572 1355 3628 commendans
1368 3590 1399 3628 se
1413 3573 1443 3628 iu
1454 3571 1631 3629 orationibus
1645 3571 1769 3629 fratrum.

134 3665 211 3721 illius
226 3664 412 3737 infantuliqui
423 3680 485 3718 eam
496 3663 722 3735 desponsaverat,
729 3661 838 3718 venerit
851 3666 880 3716 ct
893 3664 936 3716 tu-
976 3661 1039 3717 Una
1049 3665 1144 3718 autem
1158 3660 1203 3717 die
1217 3662 1332 3718 veniens
1350 3662 1386 3717 ad
1401 3660 1541 3730 abbatam,
1562 3662 1685 3735 projecit
1698 3659 1769 3719 sssd

136 3756 200 3812 ierit
213 3772 285 3811 eam.
298 3755 333 3809 Et
344 3754 422 3809 misit
436 3769 531 3809 servos
546 3769 612 3808 suos
625 3752 661 3808 ad
675 3752 790 3807 domum
806 3751 892 3816 illius,
905 3754 935 3806 st
976 3751 1061 3824 pedes
1080 3752 1151 3822 ejus,
1167 3751 1281 3808 diosus:
1298 3753 1355 3808 Ora
1369 3768 1420 3825 pro
1435 3767 1490 3819 me,
1506 3751 1604 3820 Pater,
1630 3752 1700 3824 quis
1722 3766 1769 3808 nos

135 3858 191 3898 non
202 3842 371 3898 invenerunt
386 3859 458 3897 earn.
471 3841 596 3897 Audiens
605 3856 724 3912 sponsus
730 3839 806 3895 illius
812 3845 839 3895 et
854 3845 935 3912 pater
975 3856 1090 3911 possum
1105 3840 1221 3897 sufferre
1231 3841 1357 3896 dolorem
1371 3842 1407 3896 de
1420 3840 1479 3897 filia
1489 3856 1561 3908 mea,
1575 3839 1626 3897 sed
1640 3841 1733 3914 magis
1744 3855 1770 3896 st

135 3933 206 4003 ejus,
221 3931 379 3988 contristati
387 3937 455 3987 sunt
468 3930 557 3997 valde,
568 3930 743 3986 etuenientes
753 3929 789 3984 ad
798 3930 932 4001 Paphnu·
974 3930 1065 4002 magis
1079 3930 1114 3986 de
1128 3930 1173 3986 die
1188 3931 1218 3986 in
1237 3930 1312 3986 diem
1337 3936 1490 3987 renovatur
1513 3936 1544 3987 et
1563 3929 1770 3987 emasculare

132 4019 932 4091 tium,invenerunteumvehementeralllictum,jacentem
974 4035 1078 4088 meum,
1089 4025 1118 4075 et
1130 4019 1389 4076 tribulaturanima
1398 4037 1471 4079 mea.
1482 4019 1695 4076 Vidensautem
1708 4034 1764 4076 eum

133 4111 163 4165 in
173 4109 477 4173 terraetdiaeruntei:
493 4109 621 4165 Forsitan
629 4109 732 4182 aliquis
739 4109 930 4179 seduxiteam,
972 4125 1056 4165 senex
1070 4109 1155 4165 nimis
1170 4109 1315 4178 afflictum,
1332 4109 1399 4165 dicit
1413 4110 1438 4164 ei
1450 4129 1456 4164 :
1470 4109 1519 4165 Vis
1537 4109 1712 4182 colloquium
1721 4109 1764 4166 ln·

133 4205 163 4255 et
175 4197 249 4271 fugit
262 4214 327 4257 cum
341 4199 397 4254 illa.
415 4199 573 4271 Statimque
595 4198 666 4254 servi
680 4198 755 4254 illius
770 4215 834 4254 cum
850 4201 930 4272 equis
970 4197 1036 4253 bere
1052 4214 1116 4254 cum
1129 4214 1186 4256 uuo
1200 4199 1287 4255 fratre
1300 4199 1451 4272 spirituali,
1465 4199 1513 4271 qui
1523 4198 1602 4255 venit
1614 4198 1652 4256 de
1666 4198 1764 4273 palatiu

133 4293 285 4361 portatam
309 4288 508 4344 Alexandriam
535 4288 613 4343 missi
637 4293 711 4343 sunt.
729 4288 817 4343 Erant
834 4294 930 4344 autem
970 4288 1432 4362 Theodosiilignorausquodipsa
1446 4288 1592 4344 essetdlia
1607 4290 1681 4361 ejus.
1696 4287 1764 4345 Dixit

133 4378 171 4434 ibi
183 4383 212 4434 et
220 4379 516 4450 navas,intrantesquc
523 4377 552 4432 in
560 4395 607 4433 eas
614 4377 795 4450 requirebant
804 4378 928 4449 pervim.
939 4377 997 4458 Dei
1012 4378 1189 4449 Paphnutius
1204 4397 1210 4434 :
1227 4379 1306 4435 Volo.
1323 4379 1358 4434 Et
1370 4380 1479 4433 uocauit
1505 4376 1593 4434 abbas
1607 4379 1763 4452 Agapitum,

134 4469 169 4524 Et
181 4472 339 4524 scrutantes
350 4466 521 4523 monasteria
532 4467 860 4539 puellarum,eremos,et
869 4485 932 4539 spe·
971 4465 1096 4538 dixitque
1110 4467 1154 4522 ei:
1171 4467 1248 4524 Tolle
1262 4467 1454 4540 Paphnutium
1473 4472 1502 4523 et
1520 4466 1655 4523 introduc
1668 4465 1764 4523 eumin

132 4557 239 4626 lunoas,
256 4574 308 4630 per
320 4556 420 4613 domos
434 4556 591 4610 amicorum
603 4561 631 4611 et
645 4554 815 4624 vicinorum3
832 4563 861 4612 et
874 4573 931 4612 non
972 4555 1071 4611 cellam
1082 4555 1281 4627 smaragdilit
1291 4555 1447 4612 introduxit
1460 4555 1564 4612 eumin
1573 4555 1678 4612 cellam
1693 4557 1764 4612 sm·

134 4652 256 4721 reperta,
272 4651 409 4719 tanquam
419 4649 561 4700 mortuam
569 4644 703 4715 lugebant
710 4661 782 4711 eam,
792 4662 871 4701 socer
880 4662 931 4701 nu·
972 4644 1135 4717 ragdi,nihil
1147 4647 1172 4701 ei
1186 4652 1270 4702 autea
1279 4647 1465 4702 innotescens.
1474 4646 1649 4702 (lumautem
1659 4645 1765 4701 vidisset

132 4752 205 4804 rum,
222 4752 343 4809 sponsus
356 4750 489 4807 sponsam
504 4733 603 4801 debat;
620 4739 701 4805 pater
719 4733 805 4788 filiam
819 4734 929 4806 lugens,
972 4734 1064 4790 subito
1078 4741 1187 4807 patrem
1200 4752 1293 4799 suum,
1307 4731 1764 4808 cognoscenssum,totslacrymis

133 4825 260 4882 dicebat:
277 4826 353 4882 Heul
369 4825 438 4882 beul
449 4823 508 4879 fllia
517 4822 696 4879 dulcissima?
706 4823 759 4878 beu
765 4839 810 4877 me
822 4824 828 4877 l
840 4824 932 4880 oculo·
973 4825 1080 4896 repleta
1103 4829 1155 4880 sat.
1171 4824 1347 4897 Paphnutius
1362 4830 1457 4881 autem
1470 4823 1605 4897 sperabat
1616 4839 1683 4880 ssse
1696 4837 1764 4880 eom·

133 4928 196 4969 rum
206 4930 334 4971 meorum
344 4913 497 4970 consolatio
508 4928 570 4968 mea
580 4913 586 4966 l
598 4912 667 4978 Quis
679 4929 770 4967 meam
781 4912 932 4969 invasitfa·
972 4913 1167 4985 punctionem;
1189 4930 1247 4969 noa
1262 4914 1337 4969 enim
1350 4915 1480 4986 cognorit
1493 4928 1567 4982 eam,
1583 4913 1655 4986 quia
1666 4911 1765 4987 speeies

133 5002 285 5058 cultatem?
296 5003 359 5074 quis
373 5020 465 5059 meam
476 5003 680 5075 possessionem
690 5001 880 5074 sparsithuis
889 5002 930 5057 vi-
971 5003 1064 5059 vultus
1074 5004 1211 5059 emarcuit
1220 5021 1277 5076 prae
1288 5003 1375 5059 nimia
1388 5002 1568 5070 abstinentia,
1580 5003 1687 5076 vigiliis
1696 5000 1767 5059 eth·

133 5105 217 5147 neam
226 5107 320 5147 meam
329 5092 528 5164 siccavithuis
536 5109 628 5147 meam
634 5092 778 5147 lucernam
784 5091 930 5147 exstinxit?
972 5096 1084 5166 crymis.
1101 5094 1142 5149 De
1153 5094 1262 5150 cuculla
1276 5099 1371 5150 autem
1386 5092 1497 5167 operuit
1509 5092 1612 5148 faciem
1627 5105 1766 5159 suamne

133 5180 197 5252 quis
206 5197 285 5252 spem
292 5197 382 5236 meam
389 5181 542 5237 fraudavit?
550 5181 612 5255 quis
618 5180 854 5254 pulchritudinem
865 5181 929 5237 ulie
971 5183 1065 5254 aliquo
1079 5184 1162 5239 modo
1172 5189 1338 5255 agnosceret
1351 5182 1518 5239 comitata
1531 5188 1630 5240 autem
1645 5182 1769 5240 orations

132 5270 334 5326 meseuiolavitl
347 5272 410 5343 quis
419 5276 501 5344 putas
507 5272 588 5345 lupus
598 5288 702 5343 agnam
711 5287 802 5326 meam
812 5271 929 5344 dissipa·
969 5272 1111 5329 sederunt.
1120 5273 1211 5346 Coepit
1222 5278 1317 5330 autem
1331 5273 1357 5330 ei
1371 5272 1448 5346 loqui
1461 5273 1496 5328 de
1509 5271 1599 5329 futuri
1608 5273 1693 5347 regni
1705 5272 1768 5328 bes·

130 5359 189 5417 vit?
198 5358 290 5432 qualis
299 5360 375 5416 locus
384 5363 471 5416 talem
480 5362 588 5417 vultum
597 5361 806 5433 tetigithualis
814 5361 930 5433 pelagus
970 5362 1090 5418 titudine
1100 5369 1129 5418 et
1139 5363 1229 5434 gloria
1241 5363 1422 5436 sempiterna,
1438 5363 1579 5436 quomodo
1591 5379 1647 5437 per
1660 5359 1770 5420 mmuh

131 5450 271 5524 captivam
285 5448 363 5506 ducit
375 5450 454 5505 illam
467 5450 642 5522 imperialem
657 5451 834 5506 saciemlllla
842 5467 929 5523 gene·
969 5456 1058 5507 tatem
1069 5457 1097 5508 et
1107 5454 1274 5522 castitatem,
1285 5458 1371 5526 atque
1379 5457 1505 5510 sanctam
1514 5453 1768 5520 conversationem,

131 5540 256 5596 rasitatis
271 5540 444 5607 constitutio,
463 5539 510 5594 illa
525 5539 661 5595 malorum
677 5541 855 5608 consolatrix,
880 5540 930 5596 illa
970 5557 1021 5612 per
1034 5542 1241 5616 eleemosynam
1252 5548 1281 5599 et
1293 5543 1514 5606 charitatemad
1530 5560 1593 5599 earn
1607 5545 1674 5616 quis
1686 5539 1772 5617 posdi
