3818 6120
133 242 188 303 359
586 188 592 201 ’
644 233 692 290 oe
710 231 805 289 uns
822 231 971 289 rsrsuu
990 234 1097 291 mesa
1116 236 1287 292 omnus,
1723 206 1790 297 ‘eoo'

133 375 185 435 est,
202 367 331 431 Domine,
345 362 473 418 Domine.
490 362 576 416 Porro
592 356 721 414 omnibus
732 355 779 427 qui
791 355 820 409 in
830 354 961 414 eademll
971 355 1039 426 quia
1052 373 1140 429 usque
1163 357 1247 413 hodIe
1261 357 1395 430 putabam
1409 359 1484 431 quod
1505 360 1548 415 rel
1576 359 1683 432 aliquid
1699 360 1773 415 Iace-

133 461 216 515 domo
232 461 313 512 erant
323 451 489 526 perterritis,
510 449 643 522 quoniam
656 445 809 502 audiebant
817 460 881 498 eum
895 443 935 498 lo·
975 461 1045 511 rem,
1059 446 1132 500 datis
1145 463 1214 517 quas
1223 446 1327 502 habere
1338 464 1450 518 possum
1461 449 1602 520 pecuniis,
1614 449 1773 505 nesciebam

135 552 277 620 quantem,
300 545 401 598 iterum
429 540 498 596 dicit
523 540 569 593 ille
592 537 733 609 quondam
752 538 866 588 mutus:
884 533 933 587 llle
974 538 1068 588 autem
1087 536 1161 605 quod
1176 540 1205 589 et
1218 536 1325 608 seipsos
1335 537 1495 604 venderent,
1513 538 1635 609 quadam
1649 554 1774 610 compas-

135 639 182 709 qui
197 632 345 705 coquinam
361 628 487 694 faciebat,
510 627 576 682 exiit
590 642 715 682 currens.
733 624 781 678 scd
793 622 884 676 videte
897 638 933 676 ne
973 621 1050 676 sione
1063 624 1196 693 superati.

133 727 204 780 torta
219 723 285 793 iuga
299 722 394 792 lapsus
409 719 456 781 sit,
472 732 591 786 magnus
606 715 681 769 enirn
702 729 797 767 servus
812 711 862 765 Dei
878 716 929 765 est.
1008 711 1073 765 Car.
1085 712 1187 768 XXIII.
1205 743 1237 752 -
1254 714 1370 786 Semper
1380 713 1494 784 quidem
1504 713 1663 769 honorabat
1674 731 1773 769 mona-

134 813 251 879 Quando
264 806 509 870 discedebat,dixit
524 805 593 858 mihi
606 823 612 858 :
627 803 689 857 Tibi
703 800 803 856 dicein
817 799 930 854 nomme
971 799 1081 854 chicunr
1096 801 1210 856 schema
1219 807 1332 857 sanctus
1346 802 1400 869 hic,
1415 808 1444 857 et
1456 801 1566 857 colebat
1579 809 1608 858 et
1622 803 1773 874 compatIe·

83 900 87 907 '
134 901 265 968 Domini;
281 896 459 954 etmoxxidi
478 895 512 949 de
532 910 580 946 ore
601 894 662 962 ejus
682 896 830 946 exeuntem
845 890 927 942 llam·
973 885 1065 956 batur,
1081 889 1128 942 uba
1138 890 1259 945 maxime
1273 891 1427 962 aspiciebat
1440 892 1608 946 monachum
1619 892 1773 963 corporali·

135 1007 221 1056 mam,
237 994 266 1043 et
278 990 442 1056 tangentem
465 998 547 1037 aures
561 998 654 1035 meas:
670 985 699 1034 et
713 979 808 1032 statim
827 976 930 1042 audivi,
972 975 1025 1031 bus
1041 976 1209 1034 utilitatibus
1223 986 1417 1050 angustatum.
1434 980 1562 1035 ilabebat
1573 986 1668 1036 autem
1679 988 1708 1035 et
1722 982 1774 1035 hoc

21 1076 25 1085 ’
134 1086 163 1134 ct
178 1079 287 1133 locutus
306 1091 378 1130 sum.
403 1075 439 1127 Et
459 1077 541 1137 191
571 1069 729 1124 exsilientes
742 1073 771 1121 et
784 1080 932 1138 sequentes
973 1082 1058 1136 super
1072 1067 1175 1121 multos
1199 1069 1379 1140 praecipuum,
1396 1068 1463 1140 quia
1482 1070 1691 1124 assumtionem
1707 1086 1774 1140 qua·

136 1185 201 1224 cum
215 1165 317 1226 cuncti.
330 1162 447 1217 ulterius
461 1177 518 1215 non
533 1159 662 1212 viderunt
675 1174 748 1211 eum.
760 1158 837 1210 Tunc
847 1153 933 1226 poeni·
975 1155 1165 1226 lemcumque,
1175 1156 1232 1211 sive
1243 1158 1417 1223 mendacem,
1429 1158 1630 1224 siveveracem,
1643 1175 1701 1213 non
1711 1175 1773 1213 sus·

134 1256 252 1311 tentiam
263 1268 362 1308 ornnes
377 1249 506 1320 agebant,
523 1248 571 1318 qui
585 1247 614 1300 in
635 1247 718 1302 domo
741 1245 789 1298 illa
803 1248 892 1309 erant,
905 1247 934 1297 et
974 1243 1095 1314 cipiebat
1113 1251 1210 1299 contra
1224 1247 1346 1317 ailquam
1357 1246 1597 1301 circumamictum
1610 1247 1774 1303 monachico

136 1345 194 1416 lpse
207 1342 337 1398 dominus
349 1342 410 1411 ejus
425 1338 474 1409 qui
492 1338 605 1391 Petrum
626 1340 742 1400 emerat,
759 1333 825 1405 quia
838 1333 868 1386 in
882 1331 933 1385 tali
973 1333 1081 1387 habitu.
1098 1334 1190 1388 Semel
1203 1334 1276 1388 enim
1291 1335 1384 1389 evenit
1397 1351 1430 1388 ex
1444 1335 1616 1390 Immissione
1635 1351 1773 1407 quorum·

136 1431 337 1487 exhonorantia
357 1426 556 1483 humiliassent
570 1441 644 1489 cum,
665 1430 694 1478 et
708 1423 827 1477 maxine
840 1421 870 1474 hi
883 1421 932 1491 qui
974 1421 1040 1475 dum
1062 1421 1283 1489 crimicatorum,
1307 1424 1457 1494 pertulisse
1477 1440 1542 1478 eum
1562 1424 1670 1495 ailquid
1692 1424 1770 1478 tale:

136 1521 271 1577 vocabant
286 1535 350 1574 eum
365 1519 522 1571 Amenbem.
973 1509 1099 1574 Quodam
1112 1512 1247 1566 monacho
1255 1519 1374 1584 gyrante
1384 1512 1412 1567 In
1418 1513 1530 1567 civitate
1536 1529 1600 1568 cum
1611 1513 1706 1584 puella
1716 1528 1773 1567 una

171 1611 220 1664 Ha
235 1613 302 1663 sunt
314 1603 468 1660 beatissImi
487 1603 575 1657 allec
599 1599 728 1655 honorati
755 1597 870 1653 Ioannis
884 1613 932 1668 pa·
970 1598 1129 1668 juvencula,
1142 1605 1171 1654 et
1180 1605 1292 1671 petente
1299 1601 1505 1673 eleemosynam
1516 1618 1568 1672 per
1577 1602 1638 1656 dles
1653 1601 1771 1675 aliquot,

135 1698 266 1753 triarchae
284 1693 470 1749 narrationes.
486 1692 549 1745 Non
565 1689 655 1744 solum
670 1689 745 1742 enim
765 1687 866 1740 devita
879 1663 961 1740 suaB
972 1687 1084 1757 quidam
1097 1688 1145 1759 qui
1160 1688 1353 1756 hocviderant,
1367 1690 1554 1749 scandalhati.
1569 1690 1774 1744 etexistiman-

134 1789 281 1840 contentus
291 1788 353 1836 erat
366 1780 506 1836 volentem
521 1779 656 1849 proficere
671 1776 817 1842 adificare,
834 1789 932 1827 verum
971 1779 1014 1830 tes
1030 1776 1104 1848 quod
1120 1777 1221 1832 muller
1243 1778 1305 1848 ejus
1326 1784 1408 1843 esset,
1432 1780 1590 1834 attulerunt
1602 1778 1772 1850 patriarche

134 1874 219 1929 etiam
228 1872 262 1927 de
274 1872 331 1926 Deo
341 1869 463 1940 acceptis
476 1873 504 1922 et
512 1866 656 1921 veracibus
670 1862 852 1919 relationibus
862 1861 929 1928 suis,
972 1871 1069 1919 contra
1081 1882 1146 1920 eum
1163 1866 1301 1937 querelas,
1313 1867 1438 1922 dicentes
1450 1885 1456 1921 :
1470 1868 1589 1938 Propter
1599 1867 1680 1938 quid,
1690 1868 1774 1922 alico

134 1969 163 2017 et
177 1959 289 2017 dicebat
297 1975 409 2029 semper
421 1959 480 2012 hec
494 1955 690 2010 audientibus:
708 1953 737 2008 Si
747 1952 859 2024 proprio
870 1966 933 2005 san·
972 1953 1117 2020 honorate,
1138 1955 1255 2025 derogat
1274 1956 1339 2010 talis
1362 1956 1494 2026 angelicae
1517 1956 1688 2011 monachice
1709 1956 1772 2010 vite

134 2051 214 2123 guini
226 2065 283 2104 non
296 2053 482 2120 pepercerunt
496 2044 610 2116 quidam
624 2042 779 2106 hominum,
792 2040 841 2095 sed
856 2040 931 2094 lrunc
972 2043 1118 2110 schemati,
1131 2044 1252 2115 puellam
1259 2044 1410 2115 quamdam
1419 2044 1525 2100 habens
1533 2045 1774 2100 mulieremlhlox

133 2139 273 2193 dederunt
284 2137 314 2190 in
328 2152 429 2191 manus
443 2135 572 2199 lratrum,
588 2133 645 2187 imo
664 2129 778 2193 Christi,
791 2127 930 2200 quomodo
972 2148 1039 2202 ergo
1053 2133 1103 2187 Dei
1129 2132 1261 2200 famulus,
1286 2138 1389 2203 putans
1402 2132 1550 2205 prohibere
1569 2140 1669 2188 contra
1683 2134 1773 2189 Deum

133 2234 216 2300 putas
229 2242 281 2280 nos
295 2241 359 2279 cum
375 2223 519 2278 alacritate
536 2227 564 2275 et
577 2220 737 2275 humilitate
749 2217 882 2272 dehemus
896 2217 931 2271 de
972 2221 1122 2275 commissa
1131 2226 1254 2292 peccata,
1277 2226 1412 2292 tanquam
1427 2220 1475 2292 qui
1487 2222 1522 2276 ad
1542 2222 1594 2276 hoc
1607 2221 1643 2276 ab
1653 2238 1687 2277 eo
1701 2227 1775 2277 esset

87 2320 90 2327 '
132 2314 312 2371 facultatibus
335 2311 438 2368 nostris
462 2311 529 2365 dare
557 2309 667 2365 Christo
688 2314 717 2363 et.
736 2306 832 2378 egenis
846 2311 931 2376 atque
971 2315 1127 2381 provectos,
1140 2309 1424 2381 precepitrnulierem
1436 2309 1548 2381 quidem
1563 2311 1684 2381 flagellis
1693 2310 1771 2377 caedi,

133 2402 313 2477 pauperibus,
329 2407 361 2455 ut
376 2397 665 2469 recompensationem
678 2395 845 2467 recipiamus
859 2393 932 2464 aju-
972 2402 1000 2452 ct
1013 2399 1138 2468 separari
1152 2398 1187 2452 ab
1197 2415 1244 2466 eo;
1256 2397 1347 2469 ipsum
1356 2407 1450 2452 autem
1461 2397 1610 2465 verberari,
1625 2405 1656 2455 et
1669 2399 1699 2454 iu
1712 2415 1774 2454 ear·

135 2499 178 2548 sto
193 2497 222 2547 et
236 2490 396 2546 mercedum
415 2488 556 2542 redditore
569 2487 637 2552 Deo,
652 2486 682 2539 in
702 2484 750 2538 illa
763 2482 889 2538 timenda
902 2486 931 2536 et
972 2502 1034 2541 cere
1046 2492 1152 2541 secreto
1163 2485 1280 2540 recludi.
1293 2487 1366 2541 Dum
1376 2503 1443 2556 ergo
1459 2487 1611 2541 cumomni
1628 2488 1774 2543 celeritate

133 2580 276 2636 horrenda
287 2576 480 2634 retributionis
490 2574 553 2630 die?
563 2575 616 2639 Qui
626 2572 928 2642 nuncseminatparce,
968 2574 1058 2644 jussio
1080 2576 1169 2630 saneti
1186 2576 1215 2629 in
1230 2587 1302 2646 opus
1317 2575 1489 2646 procederet,
1503 2575 1635 2647 apparuit
1651 2575 1678 2630 ei
1692 2581 1774 2631 nocte

133 2683 216 2740 parre
233 2674 261 2722 et
272 2672 373 2732 metet,
390 2669 419 2718 et
439 2665 488 2734 qui
503 2661 624 2717 semInat
637 2662 666 2715 in
679 2658 927 2724 benedictionibus,
970 2681 1021 2735 per
1031 2663 1121 2718 visum
1133 2663 1296 2730 monachae,
1308 2664 1458 2718 ostendens
1467 2663 1493 2718 ei
1505 2664 1620 2719 dorsum
1631 2681 1716 2719 suum
1726 2681 1773 2736 pu·

133 2757 161 2812 id
174 2762 226 2824 est,
238 2756 315 2826 large
329 2760 358 2809 et
368 2748 793 2823 magnammiter‚multipliciter
804 2752 833 2802 et
844 2749 931 2801 metat
971 2752 1117 2807 treiectum
1136 2758 1200 2819 (non
1214 2757 1360 2823 parcentes
1375 2752 1451 2807 enlm
1464 2752 1536 2806 cecio'
1544 2759 1626 2808 eraut
1642 2769 1708 2807 eum
1722 2753 1772 2808 Ec·

134 2847 175 2915 (ll
187 2846 248 2901 Cor.
264 2848 315 2912 ως
330 2843 382 2897 hoc
393 2846 445 2904 cst,
460 2839 533 2894 bona
543 2838 591 2893 illa
604 2836 781 2893 hereditabit
795 2853 856 2907 quae
870 2850 930 2889 om·
971 2841 1062 2896 clesias
1072 2840 1241 2907 defensores)
1263 2841 1358 2895 dicens
1369 2840 1394 2894 ei
1409 2861 1415 2895 :
1431 2840 1473 2895 Ita
1485 2839 1647 2911 placettibi,
1660 2840 1771 2895 domiue

135 2949 200 2988 nem
215 2938 337 2988 mentam
349 2928 561 2986 transcendunt.
971 2929 1146 3001 patelarcha3
1163 2929 1216 2983 hac
1241 2945 1299 2983 una
1319 2928 1377 2983 vles
1397 2928 1497 2983 errasti
1518 2933 1551 2982 ut
1567 2929 1667 2996 homo,
1691 2928 1771 2985 credo

168 3021 233 3078 (lar.
252 3020 339 3075 XXII.
355 3051 386 3063 -
402 3017 538 3074 Omnibus
552 3032 619 3087 ergo
633 3015 716 3069 rectis
730 3014 856 3068 moribus
875 3012 928 3067 itte
939 3013 1049 3084 Gmth,
1066 3018 1132 3089 quic
1146 3018 1181 3072 de
1196 3017 1321 3088 proximo
1337 3023 1380 3071 est
1394 3016 1451 3072 vita
1466 3023 1494 3072 et
1508 3032 1592 3071 mors.
1609 3017 1646 3072 Et
1658 3017 1720 3073 haec
1733 3018 1771 3073 di-

133 3115 247 3164 sanctus
261 3108 426 3173 adornatus,
441 3122 492 3160 nec
505 3106 558 3160 hoc
566 3103 677 3158 carebat
688 3122 695 3171 3
707 3102 786 3158 valde
801 3102 876 3156 enim
891 3100 931 3155 di·
971 3123 1045 3172 cens,
1062 3106 1186 3161 discessit
1201 3105 1236 3160 ab
1248 3122 1290 3161 eo,
1309 3107 1390 3161 Mane
1402 3110 1498 3160 aratam
1509 3104 1590 3173 sacto,
1607 3107 1770 3163 recordatu,

129 3198 236 3271 ligebat
249 3197 342 3269 eloqui
356 3197 391 3252 de
403 3194 511 3252 actibus
525 3199 686 3248 sanctorum
702 3193 828 3255 Petrum,
842 3195 870 3244 et
883 3204 929 3244 eo·
969 3201 1012 3250 est
1025 3195 1072 3249 ille
1085 3194 1183 3249 beatus
1203 3194 1316 3249 visionis
1330 3199 1483 3262 nocturnae,
1508 3201 1537 3249 et
1554 3193 1770 3268 sedebatsuper

131 3305 195 3343 rum
210 3287 258 3359 qui
278 3287 461 3358 eleemosyna
480 3284 600 3339 cultores
623 3281 746 3336 fuerunt.
764 3279 844 3334 Unde
864 3293 929 3333 cum
969 3283 1073 3338 lectum
1084 3299 1166 3338 suum
1181 3291 1310 3351 mlestus,
1323 3283 1466 3355 mittitque
1477 3283 1771 3347 statIm,etconrocat

130 3392 189 3431 una
200 3376 310 3430 dlerum
325 3374 457 3429 recitaret
471 3371 574 3426 devita
590 3369 679 3425 sancti
693 3368 863 3440 Serapionis,
881 3367 929 3439 qui
969 3389 1019 3444 per
1033 3371 1230 3426 cancellarium
1245 3388 1328 3426 suum
1351 3372 1520 3427 monachum
1540 3372 1575 3427 de
1592 3371 1656 3427 loco
1671 3372 1701 3427 iu
1717 3388 1769 3444 quo

131 3454 284 3519 vocabatur
303 3462 462 3526 Siodonius,
489 3466 518 3514 et
540 3459 679 3514 inveniret
691 3474 756 3512 eum
772 3464 813 3526 (ut
829 3457 926 3526 fertur)
969 3467 1030 3516 erat
1043 3461 1176 3528 reclusus,
1186 3460 1313 3531 cogitans
1325 3461 1400 3515 intra
1409 3478 1439 3516 se
1446 3460 1544 3516 heatus
1552 3460 1599 3515 ille
1609 3460 1770 3532 patriarcha

133 3553 267 3608 amictum
282 3566 364 3606 suum
378 3549 488 3604 dedisse
507 3563 594 3616 egem
607 3549 737 3616 (Pottod,
754 3561 812 3615 cap.
828 3544 885 3615 aaa,
900 3550 929 3599 et
969 3550 994 3604 si
1008 3549 1108 3604 similis
1125 3555 1198 3604 esset
1211 3549 1252 3603 illi
1270 3549 1317 3620 qui
1334 3555 1413 3604 rtocte
1426 3549 1479 3604 sibi
1500 3558 1681 3621 apparuerat.
1698 3550 1768 3605 cum

131 3639 234 3696 iterum
249 3639 395 3712 paululum
404 3635 570 3708 processisse
580 3634 665 3701 illinc,
675 3634 801 3704 etfrigus
810 3632 929 3706 patienti
968 3654 1037 3708 ergo
1050 3637 1173 3693 venisset
1186 3654 1251 3693 eum
1272 3637 1366 3693 labore
1389 3637 1478 3692 multo
1490 3640 1595 3709 (neque
1609 3638 1688 3693 enlm
1703 3653 1768 3710 pro-

133 3727 270 3792 obriasse,
290 3733 319 3781 et
333 3726 374 3780 illi
395 3723 519 3780 tunicam
534 3722 693 3795 praebuisse,
710 3728 738 3777 et
756 3723 823 3795 quia
836 3721 929 3777 nudus
968 3732 1032 3799 pter
1046 3727 1142 3797 plagas
1156 3727 1261 3781 moveri
1273 3728 1401 3798 poterat),
1414 3742 1534 3796 cumque
1543 3726 1651 3781 vultum
1660 3726 1769 3797 ejusri·

132 3815 255 3879 sedebat,
267 3820 367 3869 tenens
379 3821 507 3869 sanctum
522 3811 721 3881 Evangelium;
737 3818 766 3866 et
774 3812 928 3883 interroga·
968 3815 1056 3870 disset
1067 3816 1238 3887 patriarcha,
1250 3815 1386 3870 remansit
1398 3815 1458 3870 sine
1471 3831 1536 3871 roos
1550 3815 1697 3884 immotus,
1712 3830 1769 3871 non

132 3909 178 3958 tus
191 3919 207 3958 a
229 3902 371 3975 quodam:
387 3902 454 3967 chis
475 3907 503 3955 te
523 3899 693 3971 exspoliavit,
705 3899 799 3954 abba?
810 3900 928 3956 demon·
968 3904 1063 3959 valens
1069 3904 1145 3975 loqui
1158 3923 1163 3958 :
1178 3904 1238 3960 sola
1249 3910 1344 3959 autem
1355 3920 1441 3959 manu
1450 3920 1502 3959 sua
1514 3902 1609 3959 innuit
1618 3903 1769 3960 utsederet

131 3997 224 4048 strans
239 3996 366 4047 sanctum
382 3989 571 4061 Evangelium,
588 3988 628 4043 ait
643 4006 649 4042 :
666 3989 736 4056 lste;
751 3993 779 4043 et
792 3989 847 4044 allo
858 3995 928 4044 tem·
968 4009 1055 4064 prope
1069 4009 1099 4049 se
1113 3993 1142 4048 In
1154 3993 1256 4047 lectulo
1270 4009 1329 4047 suo.
1347 3993 1379 4048 In
1394 3991 1575 4063 semeIIpsum
1590 4008 1657 4047 vero
1674 4007 1769 4048 reven-

131 4096 199 4152 pore
213 4081 267 4136 hoc
281 4081 374 4152 ipsum
389 4077 569 4148 EvangelIuru
583 4077 750 4143 vendidisse,
771 4082 800 4131 ot
819 4076 928 4133 dedisse
968 4098 1016 4137 sus
1029 4081 1198 4153 etsignatus,
1213 4082 1321 4152 rogavit
1334 4082 1510 4147 monachum,
1520 4081 1704 4153 praecinctum
1718 4081 1771 4137 liu·

131 4169 348 4240 eleemosynam,
361 4174 389 4223 et
398 4167 534 4238 discipulo
544 4182 594 4221 suo
602 4165 711 4220 dicente
723 4183 729 4218 ε
740 4163 828 4232 Abba,
840 4166 927 4222 Evan·
967 4175 1024 4235 teo,
1036 4176 1068 4226 ut
1079 4170 1139 4225 sine
1149 4170 1317 4225 verecundia
1329 4169 1499 4240 despoliaret
1516 4186 1555 4235 se,
1572 4176 1713 4242 quatenus
1731 4169 1771 4224 vi·

131 4257 237 4329 gelium
250 4257 368 4313 ubiestl
384 4263 412 4312 et
425 4257 474 4310 illo
489 4255 597 4309 dicente
610 4254 646 4308 ad
663 4269 745 4308 eum:
762 4252 859 4321 Crede,
875 4255 925 4322 nli,
969 4259 1048 4313 deret
1061 4259 1175 4314 dorsum
1190 4259 1261 4329 ejus,
1278 4257 1303 4313 si
1324 4257 1365 4313 ita
1378 4263 1454 4314 esset
1476 4257 1590 4313 sicutet
1608 4257 1639 4313 in
1662 4258 1770 4314 somnis

131 4347 180 4418 qui
187 4346 258 4402 dixit
275 4346 359 4401 mihi:
372 4345 467 4399 Vende
482 4357 543 4412 quaa
556 4340 650 4407 habes,
663 4348 693 4395 et
706 4341 742 4396 da
756 4343 1143 4420 pauperibusqysiderat.Vi1
1155 4353 1363 4419 ergosuasusnt
1378 4347 1407 4402 id
1419 4352 1524 4418 ageret,
1541 4346 1708 4418 despolisavit
1726 4363 1768 4402 ae.

132 4435 239 4500 (natta.
251 4433 324 4505 xm),
335 4433 428 4504 ipsum
438 4428 551 4486 vendidi
565 4436 594 4483 et
605 4429 670 4484 dedi
685 4429 735 4496 eis,
750 4437 783 4485 ut
792 4430 821 4485 ln
835 4432 930 4505 dieju-
970 4436 1041 4491 Cum
1054 4436 1369 4508 veredespoliareturut
1378 4439 1549 4491 monstraret
1560 4434 1771 4492 dorsumsuum

130 4524 186 4580 dici
201 4517 731 4578 habeamusilducIamabundantiorem
739 4521 812 4591 apud
820 4522 927 4591 Deum;
968 4524 1027 4579 viro
1042 4532 1147 4589 sancto,
1164 4542 1215 4597 per
1228 4524 1424 4579 admIrandum
1443 4524 1494 4580 Dei
1515 4528 1605 4591 102
1616 4524 1770 4581 eonsilium

132 4616 160 4667 et
174 4611 240 4684 quia
254 4610 324 4666 alias
337 4610 442 4666 iterum
453 4607 537 4663 vidua
545 4606 646 4662 mulier
658 4607 776 4678 petisset
784 4608 820 4663 ab
830 4610 929 4667 eodem
970 4614 1079 4668 solutus
1093 4619 1136 4669 est
1150 4629 1204 4685 quo
1216 4618 1278 4669 erat
1294 4611 1409 4669 indutas
1426 4613 1553 4678 amictus,
1569 4618 1598 4668 et
1618 4613 1722 4668 cecidit
1738 4613 1770 4668 in

133 4707 229 4756 sancto
240 4699 392 4771 Serapione
402 4695 761 4769 eleemosynam,quoniam
769 4698 930 4756 esuriebant
969 4708 1085 4770 terram,
1105 4709 1134 4758 et
1156 4703 1286 4757 viderunt
1304 4718 1370 4757 eum
1395 4718 1492 4758 omncs
1514 4717 1576 4757 esse
1593 4701 1769 4757 eunuchum.

131 4786 182 4840 tilii
195 4788 265 4857 ejus,
277 4793 306 4843 et
319 4804 375 4842 non
386 4785 507 4842 habente
521 4801 554 4840 eo
564 4782 670 4855 aliquid
682 4784 930 4852 omnino‚tradidit
970 4791 1023 4847 Sed
1039 4791 1106 4862 quia
1123 4807 1220 4846 recens
1239 4796 1310 4856 erat,
1332 4790 1404 4846 nulli
1420 4791 1472 4845 hoc
1492 4788 1631 4846 existebat
1647 4789 1770 4845 menife-

132 4889 162 4926 se
179 4873 214 4940 ei,
231 4879 264 4929 ut
279 4875 412 4931 venderet
428 4892 494 4931 eum
512 4874 548 4930 ad
562 4873 664 4927 mimos
680 4871 798 4941 Grecos,
815 4890 885 4946 quos
899 4880 929 4933 et
968 4885 1052 4936 stum.
1068 4878 1234 4935 videntibus
1248 4895 1314 4950 ergo
1328 4895 1393 4934 eum
1407 4877 1537 4935 omnibus
1549 4885 1578 4934 et
1590 4884 1688 4935 sancto
1700 4895 1772 4951 pon·

131 4960 304 5017 Christianos
318 4962 384 5019 fecit
397 4964 427 5019 iu
439 4963 536 5036 paucis
545 4960 652 5018 diebus.
969 4969 1052 5036 titlce,
1064 4968 1311 5025 etma1Imedorsi
1323 4969 1387 5039 ejus
1399 4967 1555 5039 perniciosa
1567 4966 1694 5035 ambesa,
1705 4968 1772 5023 mit·

167 5048 232 5103 Hac
244 5048 340 5119 legens
349 5057 463 5105 sanctus
472 5050 507 5106 de
517 5056 614 5106 sancto
628 5048 790 5120 Serapione,
803 5051 928 5124 stupetis·
968 5062 1032 5113 tens
1050 5075 1122 5124 mox,
1149 5056 1306 5128 segregavit
1319 5055 1385 5111 illos
1399 5056 1447 5127 qui
1467 5056 1542 5112 hunc
1559 5055 1780 5119 inconsiderate,

132 5138 194 5190 ctus
208 5142 237 5191 et
247 5136 365 5192 mhatus
374 5138 464 5192 sancti
473 5138 651 5205 industriam,
661 5143 737 5193 totus
746 5139 877 5212 lacrymis
886 5141 928 5197 in·
967 5151 1166 5202 tractaverunt.
1180 5144 1427 5200 Venerabilissimo
1438 5150 1534 5200 autem
1544 5145 1683 5201 monacho
1692 5161 1770 5201 com·

129 5222 218 5279 temus
231 5225 339 5279 vocavit
352 5241 450 5280 omnes
458 5226 664 5298 dispensatores
673 5227 811 5298 proprios,
821 5229 890 5300 legit
898 5236 927 5287 et
967 5232 1049 5304 plura
1063 5232 1264 5299 rationabatur,
1276 5232 1305 5286 in
1323 5231 1482 5302 ignormtia
1500 5232 1596 5287 dicens
1607 5249 1640 5288 se
1657 5233 1687 5288 in
1702 5248 1770 5288 eum

129 5311 170 5366 eis
195 5312 290 5367 omnia
316 5312 351 5367 de
369 5323 465 5368 sancto
488 5315 648 5386 Serapione,
671 5320 700 5368 et
721 5315 790 5371 dicit
807 5316 843 5372 ad
857 5334 925 5374 eos:
968 5337 1106 5392 peccasse,
1123 5327 1151 5377 et
1163 5322 1193 5376 ln
1207 5322 1298 5377 Deum
1313 5336 1419 5375 verum.
1436 5321 1472 5376 Et
1485 5321 1514 5375 In
1533 5320 1771 5377 hocadmonebat

128 5400 221 5467 Verte,
238 5417 254 5456 c
277 5400 463 5473 philochristi,
485 5401 559 5473 quod
578 5402 692 5473 prodest
715 5403 822 5459 homini
841 5407 928 5463 collo·
968 5425 1032 5465 eum
1045 5410 1093 5465 ille
1107 5417 1237 5465 sununs:
1254 5410 1327 5475 Non,
1341 5408 1442 5479 inquit,
1456 5408 1532 5476 oilli,
1548 5409 1588 5463 ita
1599 5408 1664 5465 sine
1676 5415 1771 5465 cumo-

128 5487 227 5562 quentl
241 5487 276 5544 de
286 5487 396 5547 actibus
406 5493 565 5545 sannorum
574 5489 709 5544 Petrum?
724 5491 836 5548 credits
845 5493 924 5565 mihi,
967 5496 1015 5553 dia
1026 5497 1056 5557 in
1067 5497 1226 5555 damatus
1239 5496 1397 5554 conversari
1411 5502 1580 5568 oportcteos
1597 5497 1648 5569 qui
1669 5502 1770 5554 sancto
