3818 6120
136 277 209 341 nso
441 249 444 259 ’
687 283 1017 346 usnnsmeauu
1033 281 1143 342 mass
1158 278 1237 338 vm.
1712 275 1784 337 iiio

133 409 279 466 macentia.
291 409 428 467 Exercent
447 415 543 466 autem
558 427 671 469 omnem
693 417 793 481 artam,
809 418 839 470 et
851 431 884 470 ex
900 413 970 477 iisA
1273 407 1390 463 CAPUT
1404 405 1475 463 XLI.

135 514 199 571 quae
208 502 368 571 supersunt,
379 500 519 556 edificant
527 499 671 570 ttiictiam
680 503 933 559 mulierummona·
1039 502 1076 557 lle
1097 502 1208 570 Virgine
1224 493 1276 569 (86)
1299 514 1359 568 qua
1373 496 1525 551 simulabat
1544 497 1715 551 stultitiam·

132 588 231 654 steria,
247 592 276 643 et
290 589 441 647 custodias.
456 591 539 646 blane
549 606 616 661 ergo
630 597 778 662 surgentes
791 592 811 646 ii
827 592 928 664 quibus
1008 591 1099 647 Iuhoe
1108 588 1278 645 monasterio
1287 587 1404 643 tuitalia
1413 586 1563 656 virgoquse
1573 583 1782 657 propteerri·

132 691 188 732 sua
200 677 258 733 viee
271 678 324 733 hoc
333 694 437 734 munus
451 677 580 750 obtingit,
589 679 637 735 alii
650 681 764 751 quidem
777 688 932 737 suntoceu-
973 685 1049 735 stum
1056 679 1207 735 simulabat
1215 677 1366 733 stultitiam
1377 678 1489 745 (Palam,
1498 677 1585 731 libell.
1594 689 1713 739 senna.
1727 671 1780 740 19),

132 766 193 838 pati
204 766 233 821 in
243 767 346 834 culina,
354 767 473 823 aliivero
483 769 668 824 versanturin
676 771 781 826 mensis
787 771 929 842 parandis,
975 774 1067 837 vas
1081 775 1110 823 at
1119 785 1149 824 se
1159 785 1177 822 a
1190 767 1316 823 damone
1326 766 1467 838 occupari,
1479 765 1657 837 persuadens
1668 763 1725 819 sibi
1733 779 1781 836 per

132 870 240 910 mensae
248 855 425 928 imponentes
433 872 520 928 panes
529 863 558 913 et
566 858 643 913 olera
650 859 780 928 agrestia,
788 860 932 927 elisaeae·
971 859 1031 914 haec
1045 858 1176 913 virtutem
1189 856 1293 928 optime
1305 870 1444 920 exercere,
1457 871 1487 908 se
1495 853 1528 923 iq
1539 870 1574 908 ea
1585 853 1780 925 praeterage-

131 958 205 1013 seos,
217 950 391 1000 atextramas
400 947 528 1001 carnium
537 952 641 1018 partes,
651 953 680 1003 et
693 948 866 1004 comminuta
876 950 932 1005 ele-
972 964 1047 1015 reue,
1057 963 1143 1018 sequa
1154 946 1275 1000 reddens
1287 944 1425 1015 abjectam
1438 948 1467 998 et
1479 943 1629 997 humilem.
1644 943 1728 996 Hauc
1737 959 1782 996 us

130 1033 667 1107 rdAtqucingrediunturquidamqui
675 1038 932 1094 minussuntrobu-
973 1054 1027 1110 qua
1043 1037 1113 1092 adeo
1127 1035 1242 1106 reliqum
1255 1040 1323 1089 suut
1343 1037 1510 1104 aspernatae,
1528 1038 1561 1086 ut
1585 1048 1638 1086 nec
1658 1048 1727 1087 cum
1749 1048 1782 1086 ea

129 1122 178 1191 sti,
190 1123 260 1178 hora
270 1123 399 1195 septima,
416 1129 445 1179 et
454 1126 656 1194 comedunt,ut
669 1126 717 1198 qui
729 1128 787 1182 sint
804 1127 932 1183 imbecil-
972 1126 1084 1198 quidem
1097 1129 1285 1189 vescerentur,
1307 1123 1336 1177 id
1355 1120 1404 1177 iila
1418 1121 1573 1193 excipiente
1586 1138 1653 1176 cum
1669 1121 1778 1176 imtitiu.

131 1211 234 1278 licres;
251 1212 299 1266 alii
316 1229 400 1279 nona,
412 1214 460 1269 alii
472 1215 591 1282 decima,
602 1216 650 1271 alii
662 1232 725 1271 sero
742 1233 865 1288 vespere,
881 1218 930 1273 alii
972 1216 1136 1272 Discurrens
1148 1215 1243 1285 itaque
1251 1213 1284 1285 in
1294 1212 1427 1278 culinam,
1446 1209 1597 1266 exhibebat
1615 1210 1682 1265 aliis
1697 1228 1780 1265 omne

130 1298 596 1375 postbiduum,aiiiposttriduum,
604 1305 651 1359 ulii
662 1311 725 1377 pest
736 1306 927 1376 quatriduum,
970 1303 1264 1377 genusministerium,
1277 1302 1348 1356 adeo
1358 1301 1555 1356 utneehoram
1564 1300 1684 1372 quidem
1693 1317 1779 1356 unam

132 1389 455 1463 aiiipostquinquedies,
463 1393 533 1448 adeo
543 1400 575 1449 ut
582 1395 801 1466 unumquodque
811 1396 931 1451 elemen—
971 1394 1182 1457 intermitteret,
1194 1392 1244 1446 sed
1256 1397 1391 1463 tanquam
1400 1389 1501 1444 ancilia
1511 1388 1631 1443 serviret
1642 1408 1649 1443 ι
1662 1397 1779 1461 eratque

131 1484 194 1534 tum
207 1479 305 1534 horam
316 1481 458 1552 propriam
471 1482 617 1552 significet.
631 1483 678 1538 Sic
688 1490 783 1539 autem
795 1491 876 1539 erant
885 1502 930 1540 eo·
972 1485 1030 1539 haec
1040 1483 1132 1540 beuta.
1141 1488 1174 1536 ut
1183 1480 1421 1552 dicitur,spcngia
1429 1478 1605 1541 ruouasterii,
1615 1495 1717 1533 revera
1727 1479 1778 1533 im-

128 1582 195 1623 rum
206 1582 318 1640 quaque
328 1584 428 1643 opera:
443 1571 515 1625 eiius
524 1571 637 1642 quidem
646 1572 756 1627 laborat
765 1573 795 1628 in
806 1590 874 1644 agro
886 1590 930 1629 ee·
972 1574 1051 1645 plens
1070 1573 1099 1627 id
1115 1572 1189 1643 quod
1204 1569 1341 1641 scriptum
1356 1568 1439 1623 estin
1454 1567 1605 1639 Evangelio
1622 1584 1628 1621 :
1652 1567 1709 1631 Qui
1723 1569 1780 1623 vult

129 1656 225 1724 lende,
240 1659 312 1713 aliua
326 1660 457 1726 inl1orto,
474 1661 547 1715 alius
559 1661 589 1716 in
602 1662 730 1733 pistrino,
741 1663 814 1718 alius
824 1664 853 1718 in
867 1664 930 1719 mnis
971 1661 1099 1716 intervos
1107 1677 1168 1714 osse
1178 1674 1307 1730 magnus,
1316 1657 1353 1711 sit
1359 1656 1485 1711 omnium
1495 1672 1604 1716 servus,
1613 1660 1646 1710 et
1652 1657 1780 1711 ominum

131 1740 254 1815 cilicina,
269 1748 341 1804 alius
353 1749 383 1804 in
395 1750 566 1818 fabricando,
583 1753 656 1807 alius
675 1752 704 1807 in
720 1758 781 1807 arte
802 1753 928 1821 fullonia,
939 1749 1100 1828 Bmiuistcr
1113 1749 1222 1816 (stultit.
1243 1763 1294 1814 xx3
1310 1748 1397 1801 ibere.
1415 1748 1463 1813 ι).
1477 1744 1513 1799 Et
1526 1760 1627 1799 rursus
1639 1743 1710 1799 alibi
1727 1763 1733 1797 :
1751 1744 1780 1800 Si

131 1832 205 1891 alius
219 1837 250 1891 in
259 1838 392 1909 parandis
401 1838 484 1893 coriis
495 1837 559 1909 (83),
571 1840 642 1895 alius
651 1841 682 1894 in
696 1842 863 1897 consuendis
872 1844 930 1897 cai·
972 1840 1034 1911 quis
1048 1839 1158 1893 videtur
1167 1836 1310 1892 esseinter
1321 1849 1369 1890 tos
1382 1834 1495 1905 sapiens
1506 1833 1537 1888 in
1547 1833 1602 1888 hoe
1616 1834 1734 1902 meula,
1744 1834 1780 1889 sit

130 1924 438 1998 cels,aliusinpulchre
450 1928 607 1996 scribenda,
616 1930 688 1985 elius
698 1931 931 1987 contexebatme-
971 1930 1074 1984 stultus
1085 1933 1117 1983 ut
1127 1924 1297 1997 tiatsapiens
1307 1926 1331 1994 (Ι
1342 1923 1570 1994 (incautumque
1584 1923 1709 1977 abarum
1722 1924 1781 1994 qui-

130 2026 203 2085 gnas
209 2020 329 2086 sportae,
340 2017 413 2071 alins
423 2018 560 2072 canistros
573 2024 601 2074 et
609 2020 758 2091 sportulas.
768 2021 931 2077 Memoriter
971 2018 1035 2073 dem
1044 2016 1183 2088 virgiuum
1191 2020 1253 2069 erat
1259 2013 1400 2084 ejusmodi
1407 2011 1567 2080 habitus,ut
1573 2018 1674 2067 essent
1680 2020 1779 2080 tonsa,

131 2108 228 2182 autem
247 2120 344 2160 omnes
358 2116 526 2178 expromunt
540 2107 708 2179 Scripturas.
972 2113 1001 2163 et
1012 2106 1148 2161 haberant
1157 2103 1316 2159 cucullosin
1327 2102 1503 2175 capite;ipea
1512 2118 1580 2156 rere
1591 2111 1780 2174 pannoeaput

167 2192 276 2248 Horum
283 2195 810 2268 estmulierumquoquemonasterium
820 2200 932 2254 circiter
973 2196 1104 2252 obvoluta
1119 2192 1215 2249 obibat
1231 2208 1330 2247 earum
1343 2192 1470 2246 omnium
1486 2191 1693 2246 ministerium.
1710 2192 1779 2247 Fam

131 2282 412 2355 quadringentarum,
428 2286 503 2357 quod
517 2286 737 2344 habeteumdem
752 2289 862 2344 vivendi
878 2289 932 2344 sor·
972 2286 1050 2340 nulia
1059 2302 1094 2339 ex
1105 2281 1393 2355 quadringentisvidit
1400 2281 1582 2336 mandentem
1592 2280 1780 2336 omnibusan·

130 2383 209 2425 mam
225 2377 254 2427 et
268 2370 344 2428 idern
354 2374 526 2441 institutum,
541 2388 642 2447 praeter
652 2378 753 2448 pellem
766 2378 888 2433 ovillam.
897 2379 932 2432 Et
972 2373 1194 2430 nisvitresuaeln
1204 2370 1640 2442 mensununquamsedit,neque
1652 2387 1780 2443 unquam

129 2465 200 2516 sunt
212 2460 326 2533 quidem
337 2463 469 2518 mulieres
479 2465 682 2520 transfluvium
694 2466 868 2533 Nilam3viri
883 2483 932 2522 au·
971 2464 1160 2534 fragmentum
1181 2461 1262 2533 panis
1283 2459 1413 2524 comedit,
1430 2458 1479 2514 sed
1499 2459 1589 2513 micas
1612 2475 1777 2514 mensarum

18 2549 24 2557 ’
130 2555 190 2604 tetn
202 2559 236 2604 ex
250 2550 367 2606 adverso
379 2567 486 2607 earum.
503 2553 532 2607 Si
545 2554 623 2623 virge
638 2560 733 2608 autem
748 2555 858 2623 obierit,
869 2556 933 2610 reli·
973 2552 1090 2624 spongia
1102 2550 1244 2620 colligens,
1260 2553 1290 2602 et
1301 2547 1371 2602 ollas
1386 2546 1491 2611 lavans,
1499 2547 1543 2601 his
1554 2554 1617 2602 erat
1632 2555 1776 2603 contenta.

132 2638 393 2710 quaoirglneacum
401 2656 463 2696 eam
472 2641 686 2713 adsepuituram
694 2644 929 2711 concinnaverint,
972 2645 1071 2713 Neque
1082 2658 1146 2695 vero
1154 2656 1187 2695 ea
1196 2655 1321 2710 unquam
1332 2636 1424 2693 induit
1430 2637 1646 2708 calceos,nequc
1656 2638 1778 2708 aliquem

130 2726 263 2794 atterunt,
275 2733 304 2782 et
313 2744 376 2783 eum
385 2736 494 2801 ponunt
503 2730 539 2785 ad
550 2731 641 2803 ripam
650 2733 736 2787 ssuvii.
748 2733 931 2804 'irajicientes
973 2733 1066 2787 utleeit
1075 2730 1255 2795 contumelia,
1264 2745 1321 2783 non
1328 2727 1523 2791 murmuravit,
1536 2743 1594 2781 non
1604 2744 1725 2799 parvum
1737 2727 1779 2782 sel

131 2820 228 2871 antem
242 2816 416 2874 iratrescum
429 2819 531 2892 palmis
541 2825 571 2874 et
579 2821 665 2875 ramis
680 2822 758 2877 oliva
773 2827 802 2877 et
813 2824 933 2894 psalmo-
973 2837 1108 2891 magnum
1119 2819 1187 2890 quid
1197 2825 1241 2874 est
1249 2818 1352 2884 locuta,
1362 2816 1415 2872 etsi
1423 2816 1597 2871 contumelia
1603 2816 1776 2883 afficeretur,

32 2932 36 2940 ν
130 2904 190 2972 dia,
205 2918 269 2961 eam
282 2909 488 2975 transmittunt,
505 2915 534 2965 et
548 2910 578 2965 in
593 2911 651 2965 suis
665 2911 845 2967 monimentis
855 2929 933 2983 sepe·
974 2916 1002 2966 et
1016 2910 1118 2982 pugnis
1131 2908 1308 2975 tunderetur,
1325 2912 1354 2962 et
1367 2904 1524 2961 maledictis
1539 2911 1736 2978 appeteretur,
1753 2918 1780 2961 et

131 2993 931 3071 liuntPrceterpresbyterumautametdiaeonumnuiius
973 2999 1089 3072 plurimi
1105 3013 1169 3053 cam
1179 2996 1422 3054 abominarentur.

131 3083 237 3183 transit
248 3084 284 3143 ud
295 3087 681 3152 monasteriumtemiuarum,
690 3089 775 3160 idque
783 3089 830 3144 die
839 3088 962 3149 Domi-G
1266 3120 1383 3177 ggpug
1397 3121 1481 3176 xm,

131 3185 206 3231 urea.

1220 3248 1257 3303 lle
1280 3250 1373 3302 sancto
1388 3246 1521 3302 Pitirum.

433 3298 550 3358 CAPUT
571 3301 641 3359 XL!
1010 3359 1051 3413 Ile
1063 3353 1470 3422 imcsancta,sanctoPitirum
1480 3351 1778 3426 anachoretasquise-

133 3425 172 3484 ⁰⁶
190 3425 302 3496 folf'ti
315 3423 378 3498 (84),
403 3428 435 3483 di
456 3444 512 3498 9¹1⁰
536 3430 632 3497 sutrii
654 3429 762 3485 ditium
775 3432 880 3499 fabium
899 3436 934 3486 ἴθ’
974 3442 1780 3518 debetinPorphyrite,vireprobatissimoinvirtuteeser-

448 3521 623 3596 δ8889718848·
974 3533 1590 3603 citationis,astititreveiansaugeluschlap,
1602 3530 1691 3589 libell.
1701 3547 1778 3592 stru.

170 3625 204 3680 iu
215 3623 624 3681 hacmonastaricteminarum
633 3626 692 3681 hae
705 3643 750 3681 res
760 3627 870 3682 accidit.
883 3629 934 3683 Su·
976 3624 1107 3692 nauali),
1116 3626 1279 3679 ubidicitur
1288 3622 1455 3692 Pyctcrias),
1468 3621 1516 3694 qui
1525 3621 1551 3677 ei
1560 3612 1651 3677 dixit:
1666 3621 1779 3679 Gurubi

135 3718 182 3768 to‘r
191 3712 332 3768 secularis
346 3730 410 3769 cum
419 3715 577 3786 trajecisset
588 3730 639 3786 per
651 3715 850 3786 ignorantiam,
862 3734 936 3788 qure-
976 3715 1078 3788 plasea,
1094 3720 1123 3769 et
1136 3720 1165 3770 te
1180 3713 1330 3784 magnifice
1344 3710 1536 3783 circumspicis
1551 3711 1586 3767 ob
1599 3729 1636 3767 eu
1649 3730 1712 3785 quae
1724 3729 1742 3767 a
1752 3724 1779 3767 te

131 3797 292 3873 rabatopus
304 3818 434 3873 :egressa
443 3809 538 3858 autem
547 3817 603 3858 una
611 3804 708 3875 junior
717 3821 801 3875 quam
817 3807 878 3876 ejus
888 3822 936 3877 po-
975 3810 1051 3860 recte
1065 3810 1094 3858 et
1104 3820 1137 3857 ex
1150 3801 1254 3857 virtute
1263 3806 1411 3873 geruntur,
1428 3808 1460 3857 nt
1474 3801 1522 3873 qui
1537 3800 1577 3855 sis
1587 3801 1654 3873 pius
1667 3808 1697 3856 et
1707 3802 1780 3856 redi·

133 3889 256 3944 stillaret
269 3890 342 3945 ratio
357 3895 412 3958 test
426 3891 502 3946 enim
521 3892 599 3946 locris
612 3892 749 3948 desertum
766 3893 855 3949 invita
869 3912 935 3951 eum
974 3894 1080 3965 giosns,
1094 3891 1229 3948 etsedeas
1238 3891 1268 3946 in
1280 3890 1332 3945 hoc
1342 3890 1478 3945 ieeotVis
1488 3890 1780 3946 videremuiieremte

33 3993 36 3997 ’
136 3978 275 4046 convenit,
290 3978 424 4051 deditque
434 3980 459 4035 ei
473 3995 638 4052 responsum
650 4001 655 4035 :
669 3982 727 4037 Nos
741 3982 877 4039 habemns
886 4001 935 4039 no·
975 3983 1066 4053 magis
1074 3982 1149 4053 piam
1161 3997 1193 4034 ae
1203 3978 1477 4051 religiosamlnbiin
1486 3979 1781 4035 monasteriumfemi-

134 4061 933 4145 atrossutoresdiiaautcmquaejusviderateoiloquium,
975 4088 1077 4128 nerum
1088 4068 1538 4133 ‘tabennesiotarumetinvenies
1548 4069 1607 4123 illic
1616 4085 1706 4124 unam
1720 4087 1779 4143 quae

135 4164 200 4213 eum
215 4168 348 4230 processu
363 4157 498 4231 temporis
517 4158 591 4215 iuter
606 4179 653 4216 eas
668 4169 764 4218 exerta
779 4171 852 4219 esset
866 4181 934 4218 eon·
975 4161 1060 4216 hebet
1072 4158 1270 4215 redimiculum
1278 4158 1334 4227 (87)
1344 4158 1374 4213 in
1387 4158 1494 4230 capite;
1507 4174 1543 4213 ea
1556 4163 1601 4213 est
1614 4165 1644 4214 te
1659 4160 1778 4215 melier:

133 4249 234 4315 tentio,
245 4263 280 4303 es
290 4246 395 4303 diaboli
405 4251 593 4320 suggestione,
604 4267 660 4323 prm
669 4269 781 4308 summa
791 4254 935 4309 malitiuet
976 4267 1037 4323 quae
1051 4266 1114 4306 curn
1127 4254 1207 4304 terite
1216 4247 1300 4303 turba
1308 4247 1465 4313 decertans,
1474 4252 1504 4302 et
1513 4247 1648 4303 omnibus
1655 4245 1781 4304 indiscri-

132 4336 221 4392 animi
236 4337 466 4393 excandescentia
478 4355 541 4393 eam
555 4341 725 4395 calumniata
739 4349 782 4396 est
791 4343 866 4414 apud
877 4344 934 4398 lra-
976 4340 1105 4394 minutim
1117 4338 1251 4403 serviens,
1264 4354 1313 4391 cor
1326 4353 1471 4408 nunquam
1482 4335 1600 4391 abduxit
1612 4354 1630 4391 a
1640 4338 1712 4404 Deo,
1729 4338 1779 4392 elsi

132 4426 297 4482 tenuitatem
310 4432 425 4499 prepter
438 4427 467 4481 id
479 4429 659 4500 colloquium.
673 4430 745 4484 Cum
756 4447 936 4501 quaconcur-
976 4428 1011 4484 ab
1027 4426 1497 4498 omnibussuperbeeontemnatur.
1508 4427 1552 4480 Tu
1562 4431 1660 4481 autem
1669 4427 1778 4482 etiauni

131 4520 233 4570 rerunt
248 4532 351 4587 pauca,
369 4533 430 4587 quae
441 4513 497 4571 non
512 4514 582 4572 adeo
593 4534 695 4588 magna
704 4519 866 4575 terebantur
876 4539 934 4575 me·
943 4534 968 4593 Ι)
977 4514 1129 4572 hicsedens
1139 4515 1292 4588 ,perurbes
1306 4522 1400 4570 lamen
1415 4514 1526 4586 vagaris
1537 4515 1721 4585 cogitatione,
1732 4516 1778 4588 qui

133 4603 205 4660 litia.
213 4598 709 4680 lllaautemdoioreeonfecta‚utqure
715 4609 800 4664 talem
806 4610 938 4666 subiisset
978 4607 1075 4662 orbem
1090 4605 1272 4661 habitabilem
1284 4620 1430 4676 nunquam
1442 4604 1555 4659 calcasti
1568 4605 1699 4676 pedibus.
1716 4607 1778 4660 Sur-

134 4695 315 4763 culumniam,
325 4708 387 4767 quae
399 4712 434 4750 nu
443 4696 541 4768 inejus
554 4698 667 4768 quidem
680 4705 803 4753 mentem
813 4706 933 4767 venerat,
975 4713 1046 4767 gens
1052 4695 1402 4766 autemmagnusPitiruru,
1411 4694 1488 4748 venit
1494 4710 1584 4765 usque
1593 4695 1632 4750 ad
1640 4705 1779 4751 monaste·

133 4798 252 4840 neerem
265 4785 403 4856 potuisset
416 4780 546 4852 tolerare,
565 4802 594 4841 se
606 4787 677 4841 ciam
690 4787 759 4858 jecit
773 4787 802 4842 in
817 4782 934 4845 fluvium
974 4785 1050 4840 rium
1060 4783 1620 4854 Tabennesiotarum‚etrogatmagistros
1629 4784 1780 4839 utlieeatei

135 4873 217 4927 etsie
230 4873 309 4929 obiit.
332 4876 403 4930 Cum
417 4881 512 4931 autem
526 4876 555 4930 id
570 4877 705 4931 sensisset
719 4893 752 4930 ea
767 4893 828 4949 quae
842 4877 933 4950 ipsam
975 4874 1096 4930 transire
1104 4890 1192 4944 usque
1200 4873 1236 4928 ad
1243 4872 1444 4929 monasterium
1452 4871 1634 4941 feminarum
1645 4872 1733 4945 utqui
1740 4889 1780 4928 es

132 4959 414 5031 fuerstcalumniatu‚
424 4969 453 5019 et
463 4962 615 5020 vidissetse
625 4965 765 5020 malitiose
776 4983 838 5021 eam
849 4968 934 5023 tuisse
976 4970 1019 5019 set
1028 4980 1095 5034 ergo
1103 4963 1177 5017 inter
1187 4963 1286 5018 Patres
1294 4978 1404 5032 magna
1413 4961 1641 5029 existimationis,
1653 4968 1780 5018 atconse·

132 5049 344 5119 calumniatam,
361 5068 390 5108 et
404 5054 457 5108 hec
466 5054 556 5109 scelus
572 5055 624 5125 (85)
636 5071 654 5109 a
665 5072 695 5110 se
706 5056 896 5125 commissum,
907 5062 936 5113 et
976 5053 1121 5109 nuissetiu
1133 5040 1342 5117 exercitatione,
1350 5051 1422 5106 bono
1430 5067 1464 5105 ac
1470 5050 1569 5106 fidenti
1575 5052 1674 5107 animo
1687 5058 1779 5108 trem-

132 5137 196 5210 ipsa
208 5141 436 5211 quoqueseclam
444 5144 599 5210 suffocavit,
609 5158 673 5198 eum
683 5143 787 5199 lectum
801 5145 935 5215 regreter-
976 5142 1152 5197 missessuvie
1158 5141 1635 5197 eumintreduxeruut.0umautem
1642 5148 1778 5207 orassent,

130 5233 186 5285 ret.
198 5219 271 5285 (lum
280 5233 376 5284 autam
384 5231 506 5287 venisset
516 5234 672 5305 presbyter,
683 5235 800 5304 reliquae
812 5234 934 5304 virgines
975 5231 1057 5303 petiit
1067 5247 1188 5301 magnus
1202 5229 1322 5285 Pitinum
1340 5234 1374 5284 ut
1386 5229 1509 5300 virginea
1524 5247 1626 5286 omnes
1638 5248 1736 5286 coram
1749 5248 1780 5286 es

130 5317 227 5373 airam
234 5316 466 5374 renuntiaverunt
477 5338 482 5373 :
489 5321 677 5394 jussititaque
688 5322 933 5395 pronutiairarum
974 5320 1045 5375 faeie
1056 5319 1172 5375 videret.
1188 5320 1259 5375 Cum
1274 5335 1372 5375 omnes
1385 5335 1452 5390 ergo
1463 5318 1492 5373 in
1507 5319 1636 5374 medium
1651 5321 1779 5376 accessis

128 5404 380 5462 fiericblationetn.
392 5400 525 5479 Reliquas
534 5415 630 5466 autem
643 5418 779 5483 tanquam
793 5413 928 5481 conscias,
974 5415 1047 5478 sent,
1063 5410 1112 5465 illa
1125 5426 1182 5465 nen
1195 5409 1336 5482 apparuit.
1345 5409 1470 5464 Tandem
1479 5407 1548 5462 dicit
1561 5408 1603 5463 eis
1615 5417 1730 5464 sanctus
1740 5409 1779 5464 Pi-

129 5499 159 5550 et
171 5504 233 5567 quae
246 5495 468 5552 calumniantem
487 5513 543 5553 nou
566 5508 805 5573 compescuerant,
827 5508 856 5559 et
868 5518 931 5576 quae
972 5502 1074 5557 tirum:
1085 5496 1777 5556 Cunctasadmeadducite.Cumautemdiecrent:

128 5583 205 5641 dicta
216 5590 283 5639 sunt
294 5587 482 5656 crediderant,
499 5589 678 5659 septennium
697 5593 866 5663 segregavit,
882 5610 930 5650 eas
972 5591 1114 5646 Adsumus
1124 5605 1234 5657 omnes,
1246 5589 1315 5644 dicit
1324 5588 1365 5643 eis
1376 5607 1382 5642 :
1395 5588 1481 5643 Deest
1488 5602 1547 5642 una
1555 5603 1643 5658 quam
1658 5589 1779 5645 ostendit

127 5673 382 5734 excommunicans.
971 5676 1041 5736 mihi
1055 5676 1181 5750 angelus.
1190 5672 1236 5736 Ere
1248 5694 1315 5735 vero
1329 5676 1426 5735 dicunt
1441 5694 1448 5733 ι
1464 5670 1711 5734 nannetense
1725 5678 1772 5732 Ss-
