3818 6120
1382 15 1399 22 υ·
1437 15 1444 18 -
1461 11 1506 22 Ἰ..ιο-ι
1521 7 1565 21 n*
1573 5 1599 18 ..⁸⁵

137 352 198 414 457
349 354 435 411 VITA
453 355 672 412 SANGTORUM
691 356 863 412 BARLAAM
881 352 1049 412 EREMITAE
1069 352 1113 406 ΕΤ
1130 351 1313 408 JOSAPHAT
1331 355 1443 411 INDIAE
1461 356 1578 413 REGIS.
1727 359 1781 418 ⁴58

138 476 204 551 ipse
218 494 252 532 ex
265 478 358 532 vultus
371 477 460 549 ipsius
470 483 625 545 venustate,
637 479 780 551 animique
791 479 899 546 habitu,
912 479 975 541 inA
985 477 1061 533 inter
1071 493 1167 531 muros
1174 481 1204 532 et
1211 479 1313 548 januas
1323 478 1371 534 abs
1385 484 1414 535 te
1427 481 1587 549 concludar,
1602 498 1691 555 eoque
1702 489 1779 543 statu

139 571 289 638 stuporem
302 567 472 622 traheretur.
484 567 637 623 Mandabat
651 573 745 623 autern
758 569 802 624 his
817 568 864 640 qui
879 585 942 624 curn
983 566 1045 632 sim,
1064 571 1095 620 ut
1110 566 1249 621 anemiue
1260 566 1330 621 adiri
1344 585 1376 622 ac
1391 570 1467 624 cerni
1480 588 1591 642 queam.
1602 572 1750 641 Quoniam,
1762 592 1779 630 o

139 671 177 711 eo
190 654 376 710 versabantur
387 660 420 711 ut
434 656 534 711 darent
548 673 662 728 operam
681 674 717 711 ne
738 657 804 728 quid
828 674 942 728 prorsus
983 656 1032 721 tili,
1048 655 1142 725 inquit
1156 672 1212 722 rex,
1233 656 1297 710 nolo
1314 657 1466 728 quidquam
1480 660 1574 715 videas
1590 661 1663 732 quod
1673 663 1780 733 pectori

139 760 242 800 eornm
254 761 316 815 quse
328 744 357 798 in
366 744 421 799 hac
430 745 487 800 vita
493 746 613 800 molesta
621 751 688 800 sunt
700 745 879 816 intelligeret,
891 761 942 801 nec
983 744 1309 812 tuomolestiamallerat,
1318 744 1601 819 tibiqnevoluptatem
1607 749 1777 822 interpellat.

141 833 259 888 omnino
274 833 348 904 quod
364 850 441 888 mors
456 837 608 905 praesentes
618 834 776 905 voluptates
791 834 939 906 exciperet.
983 831 1127 903 Siquidem
1141 832 1192 886 hoc
1206 848 1259 902 ago
1270 850 1302 887 ac
1313 840 1416 904 specto,
1429 841 1461 889 ut
1470 837 1499 889 in
1508 839 1651 909 perpetuis
1660 838 1778 905 deliciis,

141 920 284 977 Ceterum
296 922 374 976 inani
382 938 432 994 spe
442 922 594 989 nitebatur,
603 928 688 994 atque
695 924 737 990 (ut
746 922 893 994 proverbio
902 923 943 977 di·
983 926 1068 993 atque
1083 921 1160 974 omni
1173 921 1277 991 gaudio
1290 922 1432 994 animique
1447 924 1597 996 voluptate,
1619 944 1701 983 omne
1714 928 1779 983 vitre

142 1009 228 1081 citur)
240 1010 504 1081 incoelumsagittas
513 1010 688 1082 mittere(li)
697 1011 859 1067 conabatur.
870 1012 943 1075 Quo·
982 1008 1239 1080 tempustraducas.
1249 1010 1378 1065 neverim
1391 1013 1471 1080 scias,
1486 1030 1502 1067 ο
1517 1014 1594 1084 here,
1604 1015 1696 1087 inquit
1705 1016 1780 1071 tilius

142 1116 211 1154 nam
227 1100 303 1154 enim
309 1099 609 1154 modomorshumanae
619 1100 942 1170 naturaehieognitaesse
983 1097 1019 1151 ad
1033 1103 1152 1168 patrem,
1164 1115 1209 1152 me
1215 1098 1267 1153 hoc
1281 1099 1364 1153 modo
1379 1117 1435 1154 non
1448 1102 1476 1154 in
1484 1103 1587 1172 gaudio
1598 1110 1682 1176 atque
1691 1104 1779 1159 animi

143 1186 372 1260 possetlltaque
381 1204 417 1242 ne
427 1189 507 1259 pueri
522 1188 940 1260 quidemcognitionemellugit.
983 1184 1134 1257 voluptate,
1158 1187 1206 1241 sed
1223 1188 1315 1258 potius
1337 1189 1368 1242 in
1391 1189 1541 1246 atllictione
1563 1198 1648 1264 atque
1670 1193 1779 1263 ingenti

143 1277 218 1332 Nam
228 1294 293 1333 cum
302 1277 429 1332 animum
438 1293 549 1332 summa
563 1277 716 1344 sagacitate
726 1283 855 1331 ornatum
864 1284 892 1331 et
902 1277 944 1331 in·
983 1275 1114 1344 angustia
1129 1275 1213 1329 vitam
1227 1292 1330 1346 agere3
1347 1278 1416 1332 adeo
1428 1283 1459 1333 ut
1468 1279 1528 1350 ipse
1539 1296 1649 1351 quoque
1658 1281 1736 1336 cibus
1747 1299 1780 1336 ac

145 1371 285 1421 sunctum
299 1365 425 1433 haberet,
432 1383 527 1421 secum
535 1365 595 1437 ipse
607 1365 801 1420 considerabat
808 1366 942 1436 quidnam
983 1366 1065 1434 potus
1078 1362 1189 1417 fastidio
1204 1364 1274 1418 mihi
1288 1370 1317 1419 ct
1331 1365 1477 1421 acerbitati
1491 1367 1527 1421 sit
1539 1387 1545 1435 ;
1568 1369 1673 1424 etenim
1694 1369 1781 1441 gestit

144 1461 256 1527 patrem
266 1455 427 1510 adduxisset
439 1455 530 1527 utipsi
541 1455 668 1510 omnium
678 1454 787 1509 aditum
796 1454 942 1509 interdico·
983 1450 1094 1505 animus
1113 1467 1147 1505 ea
1161 1469 1222 1522 quae
1236 1457 1314 1507 extra
1335 1453 1386 1508 has
1402 1456 1504 1525 januas
1523 1462 1589 1512 sunt
1610 1457 1779 1529 perspicere.

144 1550 196 1610 ret,
213 1560 267 1599 nec
282 1543 435 1615 quemlibet
448 1544 483 1598 ad
496 1560 527 1598 se
536 1543 668 1598 accedere
684 1548 838 1615 pateretur.
852 1544 942 1597 Perse
983 1539 1170 1602 Quamobrem
1183 1541 1207 1594 si
1220 1558 1265 1595 me
1275 1542 1338 1597 laete
1346 1544 1505 1613 acjucunde
1515 1534 1607 1601 vivere
1613 1541 1704 1618 cupis,
1711 1545 1781 1617 jube

144 1631 219 1687 enim
227 1631 460 1703 intelligebathoe
470 1633 540 1686 citra
550 1632 638 1703 patris
648 1631 798 1703 imperium
808 1631 940 1685 nonlieri.
983 1643 1028 1681 me
1035 1627 1172 1683 arbitratu
1183 1644 1245 1684 meo
1253 1629 1327 1684 seras
1336 1632 1475 1702 progredi,
1483 1638 1567 1704 atque
1575 1650 1672 1689 earum
1684 1651 1781 1690 rerum

144 1721 285 1776 Caeterum
299 1721 358 1793 ipse
372 1720 547 1791 interrogare
560 1720 720 1785 verebatur,
733 1726 794 1774 turn
808 1720 882 1792 qnod
893 1719 943 1773 mi·
984 1718 1347 1788 quarumprospectusmihi
1357 1724 1478 1790 negatur
1486 1723 1644 1793 spectaculo
1654 1723 1781 1779 animum

144 1808 292 1864 nimevero
300 1814 520 1864 consentaneum
527 1826 590 1864 esse
602 1809 716 1873 diceret,
730 1808 798 1878 quin
812 1812 892 1879 pater
910 1824 944 1861 ea
952 1804 1133 1893 Boblectare.

143 1914 204 1970 quae
218 1898 786 1970 ipsiconducerentanimadverterettum
795 1896 943 1966 quodillud
1018 1894 1083 1948 Hac
1097 1899 1130 1949 ut
1142 1911 1191 1948 rex
1205 1894 1319 1963 audivit,
1336 1897 1470 1951 moestitia
1490 1898 1605 1953 allectus
1619 1905 1708 1966 251
1727 1905 1779 1968 est,

140 2002 237 2041 seeum
248 1991 404 2057 reputaret,
412 1986 470 2040 siid
479 1985 849 2057 depatrisvoluntateticret,
858 2000 944 2054 quan·
983 1980 1108 2053 illudque
1124 1983 1264 2053 cogitabat
1273 1984 1341 2051 fore,
1352 1990 1385 2038 ut
1395 1985 1417 2039 si
1433 1985 1473 2039 illi
1488 1986 1563 2056 quod
1577 1986 1691 2058 petebat
1700 1988 1782 2043 dene·

138 2073 276 2129 tumlibet
289 2075 349 2146 ipse
364 2078 586 2146 percontaretur,
603 2090 633 2127 se
642 2078 736 2126 tamen
745 2071 787 2126 rei
797 2071 943 2125 veritatem
983 2076 1073 2140 garet,
1086 2073 1222 2142 majorem
1238 2073 1263 2126 ei
1274 2089 1423 2127 rnoerorem
1437 2074 1693 2130 acsollicitndinem
1701 2077 1782 2131 ailer-

133 2160 945 2233 minimeiutellectnrumesse.Quapropterexaliis,acnon
985 2164 1037 2215 ret.
1059 2160 1194 2223 Quocirca
1211 2178 1241 2215 se
1265 2178 1326 2233 qnae
1344 2166 1426 2233 grata
1448 2161 1503 2234 ipsi
1523 2168 1618 2218 essent
1641 2163 1783 2220 facturum

131 2267 151 2306 a
162 2256 254 2324 patre
269 2251 327 2306 haee
339 2251 411 2306 scire
422 2250 576 2305 constituit.
588 2252 687 2321 ltaque
700 2266 763 2304 cnm
771 2266 859 2304 unum
869 2265 884 2302 e
891 2265 945 2319 pae·
985 2247 1063 2302 dixit.
1075 2251 1115 2302 Ac
1130 2250 1225 2303 statim
1235 2249 1351 2304 eximios
1365 2267 1451 2322 equos
1459 2267 1490 2305 ac
1505 2253 1659 2307 satellitum
1665 2270 1782 2309 manum

130 2338 260 2411 degogis
275 2339 389 2410 reliquis
400 2340 557 2394 chariorem
567 2337 942 2405 acsamiliarioremhaberet,
988 2336 1780 2413 regiaedignitaticongruentempararijussit,eiqnet⁴oras,

131 2445 270 2500 eumque
284 2429 390 2498 majore
400 2428 492 2482 adhuc
503 2427 695 2482 benevolentia
703 2427 755 2480 sibi
767 2426 942 2492 devinxisset,
987 2425 1096 2496 quoties
1105 2427 1196 2494 vellet,
1213 2427 1409 2498 progrediendi
1421 2433 1589 2500 potestatem
1598 2429 1672 2484 tecit.
1682 2430 1720 2484 lis
1729 2447 1781 2485 an·

134 2522 234 2589 atque
250 2517 432 2588 amplissimis
439 2515 755 2581 muneribusalleeisset,
767 2514 801 2569 ab
812 2531 844 2569 eo
854 2514 946 2569 scisci·
985 2518 1044 2568 tem
1051 2516 1099 2586 qui
1109 2531 1172 2568 cnm
1183 2532 1216 2570 eo
1225 2515 1409 2570 versabantur
1417 2518 1744 2590 summoperemandavit
1750 2523 1783 2574 ut

129 2604 263 2661 tabatur
276 2605 409 2676 quidnam
423 2622 520 2675 regem
534 2605 694 2675 impulisset
715 2607 748 2658 ut
766 2620 831 2657 eum
848 2603 878 2656 in
891 2602 945 2657 hoc
986 2607 1118 2658 curarent
1132 2620 1168 2658 ne
1182 2603 1250 2674 quid
1263 2603 1408 2674 injucundi
1423 2605 1532 2660 obviam
1543 2604 1673 2674 haberet;
1684 2623 1783 2662 verum

127 2699 223 2767 septo
240 2694 382 2749 inclusum
392 2699 511 2748 teneret.
528 2693 600 2748 illud
615 2693 701 2747 etiam
714 2691 902 2762 adjungebat:
915 2691 945 2746 Si
986 2691 1121 2763 quidquid
1132 2691 1279 2763 pulchrum
1295 2697 1324 2746 et
1335 2708 1478 2747 amoenum
1492 2711 1524 2748 ac
1537 2695 1782 2764 jucundumesset,

127 2781 213 2838 mihi
227 2788 327 2854 aperte
341 2783 395 2836 hoc
406 2781 576 2854 exposueris,
589 2780 753 2835 omnibuste
763 2786 941 2851 anteponam,
985 2778 1039 2851 ipsi
1046 2781 1418 2852 ostenderent;choreasque
1427 2781 1512 2837 inviis
1520 2783 1669 2854 agitarent,
1679 2784 1784 2839 suavis·

128 2877 344 2944 perpetuaeque
353 2871 481 2926 amicitiae
492 2870 581 2924 foedus
589 2874 684 2924 tecum
696 2869 803 2923 seriam.
814 2869 945 2939 Paedago-
985 2867 1120 2938 simisque
1127 2867 1303 2923 cantionibus
1311 2885 1425 2940 operam
1433 2870 1542 2937 darent,
1552 2871 1669 2926 acvaria
1677 2876 1784 2944 specta·

129 2976 194 3033 gns
210 2965 317 3022 autem,
334 2964 366 3014 ut
379 2959 429 3030 qui
442 2959 528 3014 etiarn
544 2958 604 3030 ipse
623 2958 745 3029 prudens
764 2963 792 3011 et
814 2956 945 3011 cordatus
985 2956 1304 3024 culaconstituerent,nt
1314 2957 1373 3028 ipse
1382 2964 1506 3014 mentem
1520 2958 1564 3014 his
1574 2959 1784 3032 rebusoceupa·

134 3054 228 3115 esset,
242 3048 379 3120 puerique
388 3048 569 3119 sagacitatem
577 3063 610 3101 ae
618 3046 744 3101 numeris
755 3045 886 3100 omnibus
894 3043 944 3098 ab·
985 3049 1030 3098 ret
1043 3051 1127 3116 atque
1140 3043 1300 3100 oblectaret.

134 3137 268 3192 solutam
280 3136 459 3208 prudentiam
471 3136 643 3207 exploratam
657 3134 782 3201 haberet,
793 3150 883 3204 neque
893 3132 974 3205 sibifl
1022 3133 1091 3188 Cum
1107 3133 1195 3204 igitur
1207 3135 1282 3206 regis
1292 3134 1367 3190 illius
1379 3137 1498 3191 adhunc
1512 3138 1627 3192 modurn
1643 3138 1782 3194 forasere·

137 3223 178 3280 ab
194 3242 229 3280 eo
241 3226 398 3296 periculum
412 3225 502 3280 ullum
522 3225 674 3279 conflatum
699 3223 734 3278 iri
759 3221 941 3287 existimaret,
983 3220 1034 3276 bro
1048 3222 1274 3292 progrederetur,
1294 3224 1416 3294 quadam
1434 3224 1479 3279 die
1494 3224 1689 3283 ministrorum
1711 3225 1782 3281 obli·

139 3313 677 3385 amniaeisigillatimexposuit,nempe
686 3318 715 3366 et
720 3311 943 3383 persecutionem
984 3309 1065 3364 vione
1079 3309 1182 3364 sactum
1196 3315 1282 3365 estut
1293 3312 1363 3365 dnos
1377 3312 1451 3366 viros
1465 3314 1645 3384 perspiceret,
1663 3330 1783 3386 quorum

141 3402 281 3458 adversus
295 3402 477 3468 Christianos,
494 3419 526 3456 ac
546 3402 724 3473 potissimum
750 3401 882 3454 adversus
897 3415 944 3453 eos
985 3399 1057 3453 alter
1070 3398 1158 3471 lepra,
1170 3399 1241 3453 alter
1253 3399 1375 3454 caecitate
1387 3399 1541 3456 laborabat.
1556 3402 1631 3466 Quos
1641 3404 1784 3475 conspica-

143 3491 196 3563 qui
214 3506 245 3545 se
259 3490 357 3562 pietati
372 3491 495 3546 colenda>
510 3496 584 3545 totos
598 3489 773 3544 devovissent
786 3488 945 3559 promulga-
985 3490 1041 3552 tus,
1059 3491 1143 3558 atque
1153 3487 1240 3541 animi
1252 3488 1387 3543 mestitia
1396 3489 1520 3556 allectus,
1532 3488 1568 3543 ab
1577 3490 1614 3545 iis
1624 3492 1672 3562 qui
1686 3508 1783 3548 seeum

143 3584 216 3646 tam,
232 3585 263 3634 et
276 3579 513 3651 quemadmodum
527 3578 562 3633 ab
577 3577 706 3632 omnibus
731 3576 858 3631 finitimis
877 3575 945 3630 loeis
986 3580 1067 3629 erant
1080 3575 1195 3647 quinam
1216 3576 1246 3629 hi
1273 3582 1375 3641 essent,
1396 3582 1425 3631 et
1448 3578 1590 3649 quodnam
1620 3596 1704 3650 grave
1731 3582 1785 3637 hoc

145 3667 258 3739 expulsi
271 3675 301 3723 et
314 3668 396 3738 ejecti
408 3667 535 3734 fuissent,
552 3671 637 3737 atque
647 3666 715 3721 item
729 3683 763 3720 ea
777 3682 839 3736 quae
845 3665 906 3735 ipso
916 3663 945 3717 in
987 3665 1176 3735 spectaculum
1189 3671 1271 3730 esset,
1288 3671 1467 3737 percontatus
1480 3672 1536 3734 est3
1552 3668 1594 3721 illi
1608 3673 1784 3738 autem,cum

146 3754 241 3812 lucem
249 3756 325 3811 edito
335 3756 467 3827 astrologi
475 3753 835 3828 praedixissentNeigitnr,
842 3752 944 3823 inquit,
987 3752 1016 3806 id
1028 3753 1100 3823 quod
1116 3753 1145 3806 in
1159 3752 1247 3824 ipsius
1261 3757 1404 3825 aspectum
1427 3760 1542 3809 venerat
1565 3758 1704 3812 occultare
1727 3775 1783 3814 non

147 3845 247 3901 audita
261 3861 358 3899 eorum
371 3844 507 3909 doctrina,
519 3860 582 3898 earn
596 3842 727 3913 religioni
739 3847 841 3896 nostrae
851 3838 947 3912 praetb-
987 3846 1110 3913 possent,
1117 3841 1168 3895 has
1176 3842 1315 3895 humanas
1323 3843 1497 3897 calamitates
1503 3847 1783 3919 esseresponderunt,

148 3950 205 4000 ras,
221 3931 325 3988 idcirco
340 3949 358 3987 a
370 3950 437 4004 rege
451 3933 518 3987 data
532 3947 617 4003 opera
631 3937 682 3997 est,
698 3947 734 3984 ne
750 3930 832 3984 multi
853 3935 946 3984 tecum
988 3946 1048 4001 qum
1062 3946 1095 3982 ex
1109 3935 1241 4001 corrupta
1254 3931 1382 3998 materia,
1400 3937 1429 3986 et
1442 3949 1557 4004 corpore
1566 3934 1674 3989 vitiosis
1683 3936 1785 3992 humo-

148 4021 533 4086 oonsuetudinemhaberent,
543 4021 592 4075 sed
598 4019 678 4092 pauci
690 4019 813 4073 omnino.
821 4019 860 4072 Ac
866 4017 947 4073 nobis
987 4016 1065 4071 ribus
1079 4017 1171 4088 pleno,
1181 4017 1349 4072 mortalibus
1359 4020 1522 4090 contingere
1532 4023 1632 4078 solent.
1643 4024 1782 4081 Tumille:

149 4111 235 4166 etiam
247 4116 332 4182 atque
345 4109 431 4164 etiarn
445 4108 597 4174 mandavit,
612 4112 644 4161 ut
654 4107 831 4162 studeremus
838 4105 947 4176 nequid
988 4105 1139 4160 Cunetisne
1154 4105 1314 4161 hominibus
1335 4108 1394 4162 haec
1414 4109 1540 4164 accidere
1558 4116 1786 4170 consueverunt?

148 4198 267 4271 hujusce
282 4199 346 4253 vitae
360 4197 553 4254 molestiarum
563 4211 614 4268 per
627 4212 679 4250 nos
693 4195 873 4264 intelligeres.
987 4193 1050 4249 Non
1064 4194 1183 4261 cunctis
1201 4194 1335 4265 inquiunt
1346 4196 1397 4263 illi,
1411 4214 1508 4252 verum
1521 4199 1556 4253 iis
1569 4200 1706 4256 duntaxat
1720 4220 1788 4274 quo·

184 4287 252 4343 llaec
260 4292 292 4342 ut
302 4287 462 4342 adolescens
468 4283 584 4351 audivit,
591 4279 947 4339 nullumalterumrerbum
988 4298 1051 4337 rum
1064 4283 1193 4337 valetudo
1204 4288 1318 4354 propter
1330 4284 1472 4354 improbos
1488 4287 1619 4343 humores
1634 4290 1786 4361 depravata

151 4374 289 4449 adjunxit.
297 4376 434 4432 Caeterum
445 4373 575 4429 salutaris
583 4371 768 4444 sermoipsius
779 4378 876 4443 pectus
885 4370 948 4425 teti·
988 4370 1034 4424 sit.
1048 4370 1172 4426 Rursum
1182 4371 1269 4442 igitur
1278 4371 1412 4426 sciscitari
1422 4375 1544 4443 perrexit
1557 4377 1737 4434 adolescens:
1755 4379 1786 4434 si

150 4462 199 4537 git,
216 4481 251 4519 ac
265 4463 397 4520 Paracliti
410 4463 501 4535 gratia
517 4460 677 4534 spirituales
687 4460 776 4532 ipsius
784 4460 878 4514 oculos
886 4456 1044 4530 ape-Dnon
1057 4475 1155 4513 omnes
1167 4459 1296 4514 homines
1303 4461 1333 4514 in
1343 4460 1394 4515 has
1405 4461 1579 4520 calamitates
1590 4464 1713 4520 incidere
1722 4483 1786 4522 con·

138 4552 205 4609 ¹rire
220 4569 354 4624 aggressa
367 4557 419 4619 est,
434 4569 499 4607 eum
512 4551 549 4605 ad
572 4566 669 4604 verum
692 4549 792 4615 Deum,
815 4553 950 4619 tanquam
988 4553 1148 4614 sueverunt,
1163 4548 1211 4602 sed
1227 4549 1341 4619 quidam
1355 4550 1500 4619 duntaxat,
1516 4553 1729 4624 exploratumne
1743 4562 1786 4610 est

151 4646 371 4714 porrectamanu
382 4639 497 4707 ducens,
506 4635 882 4711 quemadmodumorationis
890 4652 952 4707 pro
988 4636 1174 4708 quinamsint
1189 4654 1258 4708 quos
1278 4639 1418 4693 malorum
1438 4640 1604 4697 acerbitates
1632 4650 1786 4716 arreptnrae

151 4746 250 4802 gressu
260 4729 525 4785 demonstrabimus.
534 4729 604 4782 Cum
613 4732 707 4781 autem
716 4740 764 4779 rex
773 4724 862 4796 ipsius
872 4730 953 4796 pater
988 4725 1063 4793 sint;
1079 4741 1115 4780 an
1125 4732 1224 4780 contra
1234 4725 1305 4781 citra
1319 4727 1405 4781 ullam
1415 4728 1623 4785 distinctionem
1647 4738 1732 4805 atque
1753 4751 1786 4788 ex

152 4818 249 4874 erebro
264 4835 329 4875 enm
343 4818 446 4873 viseret
466 4816 628 4887 (singularis
652 4813 757 4869 etenim
778 4812 867 4884 ipsius
885 4828 953 4883 erga
988 4814 1138 4885 improviso
1153 4814 1373 4870 conflantur‘lllt
1381 4816 1443 4886 quis
1453 4818 1568 4872 tandem
1577 4820 1734 4888 hominum,
1745 4839 1787 4878 re-

154 4923 217 4963 eum
230 4924 313 4964 amor
326 4911 408 4976 erat),
419 4905 541 4978 quadam
549 4902 594 4959 die
603 4903 648 4958 his
661 4901 752 4956 verbis
760 4901 796 4955 ad
806 4917 870 4955 eum
877 4901 950 4954 silius
991 4902 1165 4974 sponderent
1177 4903 1228 4970 illi,
1243 4903 1339 4958 futura
1347 4905 1504 4976 perspicere
1519 4924 1551 4961 ac
1566 4909 1687 4980 perfecte
1700 4912 1785 4967 intel-

153 5011 219 5052 usns
234 5001 298 5051 est:
312 4995 417 5051 onere
436 5011 468 5050 ac
483 5011 541 5059 rex,
556 4992 663 5063 aliquid
679 5007 711 5045 ex
726 4995 753 5044 te
772 4990 842 5044 scire
857 4989 948 5060 cupio,
991 4989 1079 5061 ligere
1093 4991 1200 5060 queat?
1215 4991 1274 5045 Hoc
1295 4992 1370 5046 enirn
1397 4992 1526 5049 humanae
1549 5002 1657 5054 naturae
1673 5005 1787 5071 captum

154 5086 232 5158 cnjus
240 5100 326 5140 causa
333 5090 605 5157 perpetuusmoeror‚
617 5086 701 5152 atque
712 5078 803 5133 omnis
811 5077 952 5132 intermis-
992 5077 1108 5143 excedit,
1125 5094 1157 5131 ac
1171 5077 1236 5133 solis
1250 5079 1456 5135 immortalibus
1474 5082 1528 5137 diis
1551 5085 1718 5142 attributum
1733 5096 1785 5144 est.

154 5173 238 5230 donn
253 5190 352 5245 expers
366 5170 523 5228 sollicitudo
529 5170 656 5225 animum
668 5183 760 5223 meum
771 5171 952 5222 exestaccon-
992 5167 1043 5221 Hic
1059 5167 1240 5237 percontandi
1251 5167 1363 5237 quidem
1376 5170 1461 5224 finem
1474 5171 1540 5225 lecit
1553 5175 1627 5245 regis
1642 5176 1730 5246 filius3
1743 5196 1788 5234 ve·

151 5262 218 5319 'ficit
235 5264 322 5319 Pater
335 5267 429 5318 autem
445 5260 605 5331 exhocipso
614 5272 743 5312 sermone
754 5254 952 5312 intimisvisce·
991 5270 1055 5310 rum
1071 5271 1103 5308 ex
1116 5254 1278 5326 hujusmodi
1292 5257 1450 5327 spectaculo
1460 5259 1585 5316 dolorem
1598 5265 1692 5321 animo
1703 5267 1785 5340 cepit,

154 5350 229 5407 ribus
243 5352 439 5417 discruciatus,
458 5350 516 5405 ait:
541 5349 591 5404 Dic
606 5347 686 5413 mihi,
713 5344 877 5400 charissime
900 5343 949 5410 lili,
991 5342 1087 5413 reique
1102 5343 1225 5397 novitate
1239 5345 1279 5400 ita
1287 5345 1402 5402 allectus
1412 5354 1463 5415 est,
1481 5355 1513 5405 ut
1525 5351 1582 5406 oris
1595 5351 1683 5425 ipsius
1698 5355 1788 5410 forma

156 5440 284 5513 quisnam
298 5440 336 5496 sit
346 5440 391 5496 hic
402 5456 506 5495 moeror
516 5438 602 5509 quite
612 5435 730 5501 obsidet,
742 5433 875 5488 aestatim
885 5448 950 5487 eum
990 5431 1198 5486 immutaretur.

154 5526 182 5585 in
194 5523 948 5602 gaudiumeommutarestudebo.Tumpuer:Expone,
1026 5521 1149 5576 Rursum
1163 5527 1258 5577 autem
1272 5522 1347 5579 foras
1360 5528 1553 5598 progrediens,
1576 5530 1606 5585 in
1628 5532 1787 5603 capularem

155 5614 253 5694 inquit,
267 5616 403 5692 quidnam
416 5633 507 5673 causa
523 5615 561 5671 sit
573 5631 622 5670 cur
641 5613 687 5669 hic
709 5611 846 5680 detinear,
866 5615 951 5682 atque
992 5611 1144 5681 quemdam
1157 5626 1253 5668 senem
1263 5610 1371 5682 incidit,
1384 5621 1485 5688 rugata
1494 5618 1573 5686 facie,
1586 5618 1681 5675 tractis
1695 5616 1787 5674 aedis·

341 5717 476 5780 Parnon.
491 5711 636 5776 LXXIII.
1590 5717 1628 5775 lt
