3818 6120
177 222 229 283 ors
538 203 546 223 '
683 215 731 273 aa
748 214 843 272 vrrrs
862 207 1011 270 rnraun
1030 207 1137 269 amaa
1154 209 1299 270 reuma.
1765 217 1820 281 epp

175 349 281 408 suarna
295 347 397 421 quitur
408 344 501 400 valeat
520 343 677 416 imparia
690 343 744 402 ubi
766 344 907 417 reparatio
922 336 1088 411 nonnihil
1099 337 1176 393 anua
1189 338 1367 407 remanserit,
1386 339 1440 396 nisi
1453 341 1513 397 sota
1526 358 1585 411 ora
1605 361 1668 419 qua
1683 345 1739 406 tuit
1752 356 1820 411 aare

176 453 324 495 manarum
344 433 468 489 virium?
481 431 530 487 ubi
550 432 669 489 Romani
692 434 830 490 exercitus
853 431 978 488 rediviva
1015 425 1133 496 januam
1147 427 1255 499 templi,
1268 428 1397 500 adquam
1409 430 1503 486 stabat
1515 432 1599 489 beata
1612 435 1820 509 Eugeniaflac

174 525 350 584 certamina?
363 525 418 578 Pro
433 521 534 594 quibus
547 521 674 578 victrices
685 524 894 578 dextravestrae
907 521 974 575 hos·
1016 513 1151 572 ininsula
1165 518 1306 590 Lycaonia
1329 525 1410 591 gesta
1428 525 1496 575 sunt
1510 538 1604 578 coram
1624 526 1755 584 omnibns
1770 529 1819 603 qui

172 617 245 672 tium
263 613 383 670 cervices
402 609 590 677 molinabunt,
613 610 637 666 si
648 611 708 682 jam
722 627 823 667 uxores
839 607 973 664 habenda
1014 605 1204 675 sequebantur
1216 624 1336 680 agonem
1345 609 1486 680 Eugenia.
1496 611 1542 666 Fit
1555 629 1710 671 concursus
1721 618 1819 692 populi

171 722 228 762 non
242 708 335 769 erunt,
350 701 375 757 si
389 716 505 774 sponsas
516 700 684 767 amittimus,
698 705 727 756 et
739 700 882 756 tacemus?
1013 692 1142 764 Romani,
1159 702 1188 752 et
1211 698 1290 752 varia
1310 699 1484 754 acclamatio,
1496 700 1552 755 Alii
1571 694 1672 759 dieunt
1685 705 1818 765 innocen·

206 793 272 849 (inv.
284 791 421 848 xxm·
438 791 504 846 ilaec
514 790 594 845 ethis
603 789 706 844 similia
713 791 780 845 dum
791 802 972 862 prosequere·
1014 789 1081 851 tem,
1097 786 1144 841 alii
1159 804 1281 860 magam.
1296 789 1470 844 Nuntiantur
1489 789 1545 844 ista
1558 792 1700 862 praefecto,
1715 795 1816 868 pmta.

168 888 225 949 tur,
237 886 267 937 et
282 880 373 938 omnis
383 884 497 935 senatus
512 877 643 934 cailabili
654 879 769 950 querela
783 878 970 949 depromeret,
1013 878 1074 930 ctus
1100 876 1264 949 imperatori
1281 877 1448 933 manifestat.
1466 878 1626 950 Imperator
1645 898 1709 938 earn
1731 884 1814 955 jubet

169 970 292 1027 decrevit
312 969 457 1027 Gallienus
474 971 619 1039 Augustus
635 966 700 1038 tto),
719 972 752 1022 ut
765 972 816 1022 aut
834 980 969 1039 sponsum
1012 963 1094 1034 ligari
1117 983 1193 1034 saxo,
1213 973 1242 1023 et
1255 967 1423 1041 praecipitari
1438 968 1467 1022 in
1479 968 1620 1038 Tiberim3
1647 972 1698 1027 sed
1712 973 1812 1030 statim

168 1076 253 1117 sunm
266 1060 371 1116 Basilia
384 1059 532 1131 acciperet,
548 1063 598 1113 aut
610 1056 704 1128 gladio
718 1056 847 1112 interiret
853 1075 861 1121 ,·
877 1055 968 1126 Euge·
1010 1070 1108 1110 saxum
1122 1056 1283 1128 disruptum
1297 1063 1347 1113 est.
1367 1057 1455 1112 Beata
1477 1075 1542 1113 vero
1557 1059 1685 1131 Eugenia
1702 1061 1746 1118 ita
1767 1079 1812 1120 se-

167 1150 246 1206 niam
252 1153 374 1205 remant
382 1147 538 1204 scenicam
552 1146 669 1212 diis,aut
675 1146 827 1201 crudeliter
839 1143 966 1211 interire;
1010 1142 1088 1211 dens,
1103 1161 1188 1217 super
1208 1145 1313 1200 tiuvioii
1341 1163 1415 1218 aqua
1430 1146 1608 1215 efferebatur,
1630 1154 1667 1205 nt
1679 1151 1812 1209 omnibus

167 1245 196 1295 at
205 1240 284 1296 dedit
295 1237 437 1294 licentiam
449 1243 482 1293 ut
494 1236 664 1309 quicumque
676 1235 867 1291 Christianum
881 1249 968 1307 penes
1009 1231 1175 1288 Christianis
1192 1240 1342 1306 appareret
1356 1235 1439 1290 illum
1448 1235 1534 1291 fuisse
1547 1252 1614 1292 cum
1631 1236 1764 1315 Mensa
1781 1241 1811 1297 in

167 1346 197 1385 se
215 1327 400 1386 absconderet
423 1326 582 1399 puniretur.
608 1326 780 1380 Convenitur
806 1324 920 1390 Basilia,
935 1327 968 1378 ut
1008 1321 1181 1390 flumineae
1196 1323 1395 1380 absorberetur
1412 1325 1460 1397 qui
1479 1325 1571 1382 iuerat
1592 1343 1658 1383 cum
1680 1326 1768 1385 Petro
1782 1329 1810 1387 in

167 1434 303 1490 sponsum
312 1415 518 1489 recipiat.Dicit
528 1431 560 1470 se
574 1414 624 1470 illa
633 1414 739 1486 Regem
753 1430 853 1486 regum
863 1412 967 1468 habere
1007 1412 1089 1479 mari,
1105 1429 1141 1468 ne
1156 1419 1343 1485 mergeretur.

165 1522 309 1579 sponsum,
326 1507 373 1578 qui
391 1511 434 1562 est
456 1505 585 1562 Christus
597 1504 687 1560 Filius
700 1504 762 1559 Dei.
779 1503 814 1558 nt
826 1520 890 1558 oum
907 1502 966 1558 haec
1043 1501 1108 1556 Gar·
1122 1503 1222 1563 XXIX.
1241 1535 1272 1546 -
1286 1505 1359 1561 item
1373 1503 1438 1559 iude
1452 1503 1572 1571 sublata,
1587 1505 1617 1560 iu
1630 1506 1809 1566 thermarum

164 1596 289 1665 dixisset,
304 1595 399 1667 gladio
414 1593 570 1651 transiossa
584 1599 637 1649 est.
654 1593 736 1650 'Ponti
749 1594 845 1648 statim
861 1592 964 1648 Protus
1007 1589 1221 1647 Severiauarum
1240 1592 1399 1649 fornacibus
1411 1593 1557 1648 mittitur:
1576 1611 1638 1666 quae
1656 1597 1697 1651 sic
1711 1598 1808 1655 statim

164 1692 193 1741 et
207 1684 391 1758 Hyacinthus,
406 1683 560 1740 trahuntur
574 1684 609 1738 ad
623 1683 762 1755 templum
775 1702 783 1754 ;
795 1682 844 1736 sed
860 1681 966 1736 oratio·
975 1672 998 1733 Β
1008 1680 1150 1736 emuncta
1164 1687 1239 1748 sunt,
1256 1689 1289 1737 ut
1312 1682 1490 1738 thermarum
1504 1683 1581 1738 calor
1599 1684 1805 1758 refrigesceret,

163 1791 229 1831 nem
241 1774 297 1829 illis
310 1773 485 1838 iacientibus,
496 1772 679 1828 simulacrum
692 1772 767 1827 iovis
776 1771 811 1826 ad
825 1771 899 1842 quod
912 1770 962 1826 du·
1003 1773 1032 1823 et
1042 1769 1138 1824 omnia
1147 1770 1276 1827 incendia
1289 1771 1431 1843 lignorum
1444 1772 1479 1826 ad
1494 1771 1614 1828 nihilum
1629 1774 1805 1837 devenirent.

161 1863 298 1920 rebantur
310 1863 478 1928 sacrificare,
494 1860 595 1917 cecidit
607 1861 644 1917 ad
654 1861 740 1933 pedes
749 1878 866 1931 eorum;
881 1860 963 1916 etita
1003 1858 1049 1912 Sic
1059 1859 1179 1930 denique
1192 1860 1277 1915 chaos
1287 1860 1463 1927 iecerunt,ut
1475 1861 1594 1917 ulterius
1608 1863 1737 1920 exhiberi
1752 1881 1805 1923 non

162 1952 368 2009 comminutum
383 1955 435 2019 est,
451 1956 484 2006 ut
498 1950 546 2007 ubi
567 1950 660 2016 suerit,
681 1965 738 2005 non
761 1955 882 2023 pareret.
898 1950 962 2005 Non
1003 1954 1127 2017 possent.
1140 1948 1330 2022 Mittiturpost
1339 1950 1397 2005 haec
1411 1950 1440 2004 in
1447 1950 1803 2026 custodismtenebrarurn,

159 2041 259 2097 rirmti
272 2040 382 2106 divinae,
394 2040 444 2096 sed
458 2039 572 2111 magica
586 2040 641 2094 arti
653 2039 705 2095 hoc
714 2039 866 2111 imputans,
880 2037 963 2109 jubet
1003 2040 1032 2091 et
1043 2053 1095 2108 per
1107 2037 1204 2092 decern
1219 2039 1279 2094 dies
1300 2039 1418 2110 jubetur
1431 2039 1540 2095 nullum
1554 2039 1649 2098 cibum
1662 2044 1800 2116 accipere,
1818 2030 1822 2041 ’

159 2147 207 2187 eos
217 2129 351 2187 decollari
363 2129 487 2186 Nicetius
499 2128 576 2184 urbis
590 2129 745 2202 prefectus.
1003 2127 1138 2181 etlumen
1151 2128 1264 2198 penitus
1278 2145 1334 2184 non
1351 2129 1454 2184 videre.
1465 2128 1507 2186 lbi
1518 2136 1614 2185 autem
1626 2137 1729 2189 tantus
1738 2150 1803 2207 quo-

193 2219 374 2276 earnxvn.
388 2247 419 2260 -
431 2219 485 2284 Qui
497 2219 583 2274 etiam
597 2220 760 2274 accersitam
775 2219 811 2274 sd
825 2235 855 2274 se
867 2219 960 2289 Euge·
1002 2213 1070 2269 tidie
1084 2215 1237 2272 abundavit
1247 2217 1428 2289 splenduerit
1442 2219 1509 2274 dum
1524 2219 1710 2290 egrederetur
1721 2220 1801 2279 beatu

155 2309 233 2365 niam
244 2309 329 2383 caepit
338 2309 373 2364 de
383 2308 501 2380 magicis
510 2306 618 2363 artibus
626 2307 661 2363 ab
672 2325 706 2363 ea
715 2307 844 2379 ilagitare
855 2322 960 2362 sermo·
1001 2303 1137 2375 lingonis,
1152 2306 1233 2378 quasi
1247 2306 1342 2361 iumen
1368 2306 1482 2379 aliquod
1507 2308 1643 2385 radiaret.
1659 2311 1800 2383 Apparuit

154 2416 233 2458 nem.
256 2400 294 2454 lit
306 2398 355 2455 itta
369 2403 531 2454 constanter
547 2414 578 2453 os
604 2413 688 2452 suum
703 2396 842 2469 aperiens,
863 2396 957 2452 dixit:
1000 2399 1095 2448 autem
1109 2394 1150 2449 illi
1168 2395 1304 2463 Salvator,
1322 2395 1415 2451 serens
1436 2397 1466 2451 in
1488 2414 1574 2452 manu
1600 2415 1706 2470 panem
1727 2400 1798 2457 nivei

154 2487 350 2545 Polliceortibi
361 2487 488 2560 quodam
497 2485 891 2556 nostrarehementiormagis
899 2492 951 2541 est:
996 2483 1161 2539 candoriset
1174 2484 1471 2540 immensmsunvitatis
1482 2492 1511 2541 et
1520 2488 1629 2559 gratiae,
1637 2492 1666 2544 et
1677 2488 1750 2544 dixit
1762 2491 1797 2547 ei:

153 2592 220 2632 narn
230 2576 366 2648 magister
374 2573 562 2631 nosterhabet
575 2575 687 2630 Patrem
703 2575 763 2631 sine
778 2575 837 2630 ulla
850 2579 951 2644 matre,
996 2572 1131 2643 Eugenia,
1139 2574 1234 2645 accipe
1242 2573 1335 2631 cibum
1345 2574 1380 2629 de
1390 2591 1476 2630 mauu
1484 2592 1557 2646 mea,
1567 2593 1619 2648 ego
1629 2593 1695 2632 sum
1708 2578 1800 2635 Salva·

152 2670 315 2720 etmatrsm
328 2663 434 2735 absque
448 2670 537 2736 patre.
568 2663 694 2736 Denique
713 2664 753 2719 sic
769 2680 833 2719 eum
853 2664 953 2736 genuit
992 2663 1040 2716 tor
1053 2667 1129 2728 tuus,
1142 2679 1225 2734 quem
1237 2669 1298 2719 tota
1307 2663 1411 2718 mentis
1425 2664 1569 2736 animique
1583 2666 1744 2723 intentione
1754 2666 1799 2723 di·

151 2753 245 2821 Pater,
259 2753 413 2809 utomnino
423 2752 711 2825 seminamnunquam
725 2754 819 2821 sciren
836 2754 875 2808 sic
886 2769 951 2808 eum
992 2750 1093 2818 texisti,
1108 2758 1137 2806 et
1145 2752 1249 2823 diligis.
1259 2752 1363 2808 Eodem
1372 2752 1417 2809 die
1426 2753 1492 2808 tein
1502 2754 1578 2809 coeiis
1586 2755 1796 2830 recipiamque

149 2845 249 2914 genuit
261 2848 361 2910 mater,
367 2849 400 2898 ut
409 2842 566 2897 masculum
579 2843 693 2899 omnino
707 2859 764 2898 non
779 2849 891 2899 nosset:
905 2843 951 2898 hic
992 2856 1043 2911 ego
1065 2841 1195 2896 descendi
1207 2842 1243 2897 ad
1255 2847 1370 2896 terram.
1388 2843 1422 2897 Et
1440 2843 1500 2898 hac
1512 2843 1618 2911 dicens,
1642 2845 1791 2902 abscessit.

149 2934 210 3005 ipse
220 2931 306 2989 habet
318 2948 434 2989 uxorem
448 2932 596 3003 virginem.
608 2950 669 3003 quap
682 2933 723 2987 iili
739 2932 864 3004 quotidie
877 2933 950 2987 illios
991 2930 1055 3001 ipso
1069 2936 1164 2986 auum
1176 2930 1221 2985 die
1233 2931 1342 2986 Natalis
1358 2932 1469 2987 Domini
1478 2932 1581 2988 missus
1588 2938 1631 2989 est
1638 2933 1792 3007 gladiator,

148 3024 235 3089 creat,
252 3020 338 3077 etiam
363 3019 583 3076 innumerabiles
598 3021 624 3076 ei
638 3020 711 3076 filios
725 3021 808 3093 parit,
821 3021 977 3105 quotidiec
990 3019 1038 3091 qui
1052 3035 1115 3073 eam
1130 3020 1159 3074 in
1173 3020 1301 3075 custodia
1310 3020 1430 3091 positam
1445 3022 1598 3093 percussit,
1611 3028 1640 3078 et
1650 3024 1793 3083 sublatum

147 3126 230 3166 suam
242 3110 427 3183 carnemque
441 3108 572 3166 carnibus
586 3111 742 3182 conjungit.
764 3111 866 3168 Oscula
885 3113 947 3183 ejus
988 3114 1031 3164 est
1045 3124 1146 3181 corpus
1161 3107 1196 3164 ab
1211 3109 1342 3165 affinibus
1357 3110 1534 3178 Christianis,
1549 3118 1577 3167 et
1594 3112 1721 3185 positum
1749 3120 1792 3172 est

147 3200 221 3259 οἱῐοα
240 3216 305 3256 mm
327 3200 389 3256 sine
409 3199 618 3256 intermissione
638 3195 790 3263 sociantur,
804 3200 834 3254 in
849 3215 946 3255 amore
987 3213 1044 3253 non
1054 3199 1136 3269 longe
1148 3197 1183 3253 ab
1195 3198 1265 3254 urbe
1278 3199 1430 3254 viaLatina
1439 3200 1578 3272 iupraedio
1592 3202 1655 3274 eius
1665 3188 1790 3276 proprio,

146 3305 197 3346 suo
210 3289 330 3347 invicem
342 3290 457 3346 omnino
469 3289 633 3362 perdurant,
651 3294 769 3344 ettanta
784 3288 946 3361 integritate
987 3286 1035 3341 ubi
1050 3288 1204 3343 multorum
1228 3293 1390 3344 sanctorum
1409 3289 1471 3361 ipsa
1485 3291 1635 3362 sepelierat
1650 3291 1787 3350 membra.

145 3378 311 3446 subsistunt,
322 3385 355 3436 ut
368 3379 460 3434 omnis
472 3378 629 3450 virginitas,
639 3383 668 3434 et
677 3379 769 3434 omnis
781 3379 945 3446 charitas,et
1021 3377 1087 3432 Car.
1098 3377 1183 3432 XXX.
1204 3406 1228 3417 -
1246 3377 1469 3434 Claudiaautem
1483 3385 1575 3435 mater
1589 3382 1662 3453 ejus,
1678 3382 1788 3439 cnmad

144 3467 236 3527 omnis
249 3467 398 3541 integritas
410 3485 444 3522 ex
458 3484 557 3524 eorum
570 3468 702 3539 conjugio
715 3468 878 3527 dirimatur.
985 3467 1047 3537 ejus
1060 3465 1219 3538 sepulcrum
1234 3467 1493 3540 sseret,apparurtei
1507 3469 1633 3540 vigilanti
1648 3471 1680 3527 in
1693 3471 1787 3529 medio

180 3558 414 3615 (ianXVIIL-
429 3557 554 3612 Audiens
565 3557 625 3613 hac
638 3557 775 3623 Nicetius,
787 3557 942 3629 obstupuit;
985 3554 1274 3622 noctissilentio,auro
1289 3560 1366 3611 texta
1377 3556 1607 3629 cycladeinduta,
1616 3575 1684 3615 cum
1695 3560 1784 3618 multo

143 3653 173 3701 et
186 3662 223 3703 ne
236 3646 273 3702 ad
286 3646 486 3719 imperatorem
498 3645 657 3717 perveniret
665 3645 739 3717 quod
751 3661 814 3700 earn
825 3645 946 3701 libenter
985 3645 1088 3717 populo
1100 3645 1251 3716 virginum,
1266 3650 1295 3701 et
1308 3645 1378 3700 dixit
1391 3645 1436 3701 ei:
1454 3646 1552 3703 Gaude
1566 3654 1595 3704 et
1608 3649 1785 3725 laetare,quis

143 3735 265 3804 audiret,
277 3735 364 3807 jussit
378 3751 441 3790 eam
456 3734 490 3789 ad
505 3734 643 3808 templum
655 3734 719 3790 duci
734 3733 845 3803 Dianam
862 3735 945 3791 etita
985 3739 1015 3789 et
1026 3750 1071 3789 me
1082 3734 1239 3789 introduxit
1253 3735 1382 3791 Christus
1397 3736 1426 3791 in
1440 3736 1658 3794 exsultationem
1672 3746 1784 3797 sancto·

143 3823 295 3895 spiculator
307 3823 470 3887 imminens,
486 3823 558 3879 dixit
569 3824 608 3878 ei:
623 3823 740 3879 Redime
752 3824 839 3880 vitam
854 3830 943 3894 tuam,
986 3840 1061 3890 rum,
1070 3829 1099 3878 et
1109 3829 1220 3896 patrem
1234 3841 1329 3881 meum
1344 3825 1607 3898 inpetriarcharum
1621 3816 1813 3893 uumerunO

141 3912 441 3983 patrimoniumtnum,
452 3912 588 3983 Eugenia,
597 3913 826 3970 etsacriticadeae
836 3915 942 3971 Dianae.
986 3914 1056 3969 Ecce
1071 3913 1116 3968 die
1131 3913 1278 3969 Dominico
1290 3920 1319 3970 at
1332 3920 1361 3969 te
1374 3916 1507 3988 suscipiet
1517 3917 1547 3971 iu
1560 3918 1699 3988 gaudium
1713 3935 1782 3975 sem·

141 4001 315 4057 Tunobeato
331 4001 456 4073 Eugenia
470 4001 631 4073 expandens
653 4019 754 4059 manus
768 4020 843 4072 suas,
859 4004 943 4078 capit
984 4003 1138 4075 piternum.
1173 4003 1349 4059 commenda
1374 4004 1440 4060 tiliis
1464 4005 1520 4061 tuis
1544 4005 1682 4064 fratribus
1715 4009 1782 4066 meis

140 4092 388 4147 orareacdicere:
405 4090 491 4157 Deus,
507 4091 555 4163 qui
569 4091 661 4148 cordis
669 4092 942 4165 meiarcanacogno·
982 4093 1123 4148 custodire
1156 4092 1336 4163 signaculum
1361 4094 1460 4163 crucis,
1488 4099 1518 4151 et
1548 4096 1711 4168 efficiantur
1734 4115 1782 4156 no·

139 4180 202 4249 sois,
214 4180 263 4252 qui
277 4179 469 4253 virginitatem
483 4196 574 4238 meam
588 4181 728 4239 sinceram
738 4183 768 4238 in
782 4187 832 4239 tuo
844 4200 941 4240 amoro
983 4182 1034 4238 stri
1048 4183 1210 4254 participes.
1219 4182 1297 4251 Ecce,
1305 4183 1438 4255 loquente
1452 4201 1495 4252 ea,
1510 4185 1586 4241 sacta
1597 4192 1643 4242 est
1656 4187 1778 4257 alnum,

138 4270 265 4338 servasti,
280 4269 330 4344 qui
338 4286 384 4326 me
398 4270 468 4327 Filio
482 4275 531 4327 tuo
543 4270 663 4328 Domino
676 4288 740 4328 meo
753 4273 819 4328 iesu
828 4273 940 4329 Christo
982 4275 1079 4338 Mt)
1091 4287 1176 4344 quam
1201 4271 1299 4328 oculus
1321 4272 1395 4328 terre
1415 4291 1472 4330 non
1486 4281 1612 4348 poterat;
1638 4281 1668 4332 et
1689 4277 1780 4349 angeli

137 4360 244 4416 sociare
254 4359 388 4432 dignatus
401 4377 442 4431 es,
458 4360 506 4432 qui
522 4361 659 4433 Spiritum
671 4365 801 4418 sanctum
814 4367 896 4418 tuum
908 4362 939 4418 in
981 4365 1170 4428 transeuntes,
1186 4361 1323 4433 hymnum
1334 4361 1464 4418 dicebant
1477 4364 1535 4420 Deo
1543 4365 1779 4425 inenarrabilibus

138 4465 184 4507 me
199 4465 319 4522 regnare
332 4449 431 4517 iecisti,
445 4450 542 4505 adesto
554 4451 622 4506 mihi
637 4451 753 4507 nuncin
767 4451 940 4508 confessione
982 4450 1103 4507 vocibus.
1120 4450 1180 4506 Hoc
1208 4450 1298 4506 solum
1324 4451 1548 4523 intelligebatur,
1576 4455 1654 4527 quod
1675 4472 1778 4513 nomen

136 4539 260 4596 nominis
273 4540 362 4607 tui,ut
372 4539 582 4595 confundantur
592 4556 690 4595 omnes
699 4542 747 4612 qui
755 4541 876 4596 adorant
886 4543 940 4597 hoc
979 4542 1046 4596 iesu
1061 4539 1167 4596 Ohmsti
1180 4544 1209 4595 et
1221 4540 1342 4610 Spiritus
1356 4541 1446 4597 sancti
1460 4542 1490 4596 in
1499 4543 1571 4615 ipsis
1586 4544 1722 4603 laudibus
1733 4562 1775 4603 re·

136 4628 253 4697 idolum,
267 4633 297 4685 et
309 4629 359 4702 qui
368 4629 527 4701 gloriantur
538 4627 568 4684 in
583 4629 740 4685 simulacris
749 4630 860 4686 suiaiit
870 4631 939 4687 dum
980 4628 1128 4685 sonabant.
1142 4628 1241 4685 Gloria
1255 4634 1283 4685 et
1304 4629 1394 4685 honor
1408 4631 1498 4700 Patri,
1511 4636 1540 4687 et
1557 4633 1640 4701 Filio,
1651 4640 1681 4690 et
1695 4635 1778 4709 Spiri-

135 4723 239 4784 oraret,
254 4719 287 4774 iit
300 4723 478 4775 tommmotus
488 4717 518 4773 in
531 4717 630 4773 eodem
650 4717 729 4786 loco;
745 4724 774 4774 st
788 4719 827 4773 ita
838 4720 935 4792 templi
978 4719 1020 4775 tui
1034 4724 1141 4785 sancto,
1167 4724 1196 4773 et
1221 4734 1305 4786 nunc,
1319 4722 1348 4773 et
1361 4735 1481 4792 semper,
1499 4726 1528 4776 et
1549 4721 1579 4777 in
1603 4724 1710 4780 saeuis
1726 4740 1774 4781 sss·

135 4807 224 4878 ipsius
236 4806 421 4864 fundamenta
442 4822 537 4863 mersa
549 4810 617 4863 sunt
630 4822 695 4862 cum
718 4807 779 4879 ipso
805 4807 889 4877 idolo,
903 4814 936 4866 ut
975 4810 1113 4867 culorum.
1128 4809 1229 4864 Amen.

764 4923 956 4985 ROSWEYDI
974 4926 1143 4985 ΝΟΤΑἸἸΟ.

167 5021 371 5147 (ipssupeniai
386 5021 615 5097 liartyrologium
639 5021 797 5077 Romanum
820 5021 856 5080 25
880 5023 932 5080 De·
972 5022 1379 5098 martyrisetsoriororn.tlae
1392 5022 1446 5079 tute
1461 5023 1774 5101 subcommodoimpe·

134 5109 194 5149 cern
214 5095 255 5149 ris
275 5111 307 5149 :‹
324 5093 420 5150 Βοωω
433 5096 463 5150 in
479 5094 640 5150 coemeterio
654 5094 808 5176 Aproniani
826 5101 930 5152 saneta
970 5094 1258 5153 ratoresrlia'l'ribuni
1273 5095 1304 5150 in
1312 5093 1389 5151 Urba
1400 5096 1606 5151 Roma.iiissus
1620 5103 1718 5154 autem

133 5164 265 5236 Eugenia
274 5164 399 5248 ⁸virginis,
407 5183 469 5238 quse
479 5173 605 5248 tempore
617 5165 737 5220 Galheni
750 5166 929 5249 imperatoris
970 5174 1015 5224 ter
1028 5168 1063 5224 ab
1075 5167 1246 5250 imperatore
1259 5166 1288 5221 iu
1294 5166 1436 5221 civitatem
1446 5167 1634 5251 Alexandria,
1642 5176 1677 5225 ut
1684 5116 1774 5228 triba

130 5238 929 5382 {sitientissimepatientientiae
970 5243 1402 5382 ittltittti‘tiutaitt
1415 5244 1774 5383 sletstatinus?
1835 5320 1839 5325 ·

129 5384 175 5435 cto
189 5380 238 5437 diu
253 5377 419 5451 mannans,
433 5378 584 5434 novissime
597 5378 690 5449 gladio
702 5379 831 5450 jugulata
843 5386 895 5436 est.
914 5401 925 5434 r
969 5388 1045 5437 teras
1072 5381 1219 5447 edisceret,
1236 5382 1307 5437 etin
1331 5382 1484 5436 multorum
1500 5380 1640 5438 librorum
1654 5383 1774 5441 iectiorm

128 5451 269 5524 Monolog.
286 5448 447 5505 urarorum
465 5449 500 5504 ‘ll
523 5448 666 5516 Decemb,
681 5450 751 5505 Acta
769 5452 830 5523 ejus
855 5469 929 5508 com·
973 5453 1774 5580 versaretur,inciditinepistolassanctiapostcliPontias

127 5524 261 5593 paudiose
286 5525 439 5577 retexens:
458 5538 469 5571 r
491 5520 641 5575 certamen
666 5527 769 5577 sanctae
797 5524 927 5595 Eugenia
969 5525 1070 5597 quibus
1084 5524 1283 5581 ciristiiidem
1316 5524 1504 5596 traiciensque
1514 5525 1623 5596 patrios
1633 5528 1773 5590 tumultus
