<?xml version="1.0" encoding="UTF-8"?>
<!DOCTYPE html PUBLIC "-//W3C//DTD XHTML 1.0 Transitional//EN"
    "http://www.w3.org/TR/xhtml1/DTD/xhtml1-transitional.dtd">
<html xmlns="http://www.w3.org/1999/xhtml" xml:lang="en" lang="en">
 <head>
  <title>
</title>
<meta http-equiv="Content-Type" content="text/html;charset=utf-8" />
  <meta name='ocr-system' content='tesseract 3.04.00' />
  <meta name='ocr-capabilities' content='ocr_page ocr_carea ocr_par ocr_line ocrx_word'/>
</head>
<body>
  <div class='ocr_page' id='page_1' title='image "./patrologiaecurs38unkngoog_0327.png"; bbox 0 0 3818 6120; ppageno 0'>
   <div class='ocr_carea' id='block_1_1' title="bbox 141 203 1790 272">
    <p class='ocr_par' dir='ltr' id='par_1_1' title="bbox 141 203 1790 272">
     <span class='ocr_line' id='line_1_1' title="bbox 141 203 1790 272; baseline 0.005 -13"><span class='ocrx_word' id='word_1_1' title='bbox 141 203 194 262; x_wconf 70' lang='grc'>643</span> <span class='ocrx_word' id='word_1_2' title='bbox 655 210 703 266; x_wconf 84' lang='lat' dir='ltr'>DE</span> <span class='ocrx_word' id='word_1_3' title='bbox 714 211 809 268; x_wconf 79' lang='lat' dir='ltr'>Vl&#39;l&#39;lS</span> <span class='ocrx_word' id='word_1_4' title='bbox 828 214 976 271; x_wconf 78' lang='lat' dir='ltr'>PATRUM</span> <span class='ocrx_word' id='word_1_5' title='bbox 994 215 1101 272; x_wconf 85' lang='lat' dir='ltr'>LIBER</span> <span class='ocrx_word' id='word_1_6' title='bbox 1119 211 1264 269; x_wconf 84' lang='lat' dir='ltr'><strong>PRIMUS.</strong></span> <span class='ocrx_word' id='word_1_7' title='bbox 1735 207 1790 267; x_wconf 65' lang='lat' dir='ltr'>6ss</span> 
     </span>
    </p>
   </div>
   <div class='ocr_carea' id='block_1_2' title="bbox 141 331 1788 1193">
    <p class='ocr_par' dir='ltr' id='par_1_2' title="bbox 144 331 1788 553">
     <span class='ocr_line' id='line_1_2' title="bbox 181 331 1788 413; baseline 0.002 -26"><span class='ocrx_word' id='word_1_8' title='bbox 181 331 216 402; x_wconf 72' lang='lat' dir='ltr'>tl)</span> <span class='ocrx_word' id='word_1_9' title='bbox 232 333 431 404; x_wconf 67' lang='lat' dir='ltr'>danemarcia]</span> <span class='ocrx_word' id='word_1_10' title='bbox 452 334 504 399; x_wconf 87' lang='lat' dir='ltr'>lta,</span> <span class='ocrx_word' id='word_1_11' title='bbox 526 333 634 406; x_wconf 79' lang='lat' dir='ltr'>opinor,</span> <span class='ocrx_word' id='word_1_12' title='bbox 656 344 735 393; x_wconf 85' lang='lat' dir='ltr'>vocat</span> <span class='ocrx_word' id='word_1_13' title='bbox 754 350 862 411; x_wconf 79' lang='grc' dir='ltr'>σεμνεῖα,</span> <span class='ocrx_word' id='word_1_14' title='bbox 883 345 1054 404; x_wconf 73' lang='lat' dir='ltr'>mo-Arunt</span> <span class='ocrx_word' id='word_1_15' title='bbox 1067 342 1142 413; x_wconf 90' lang='lat' dir='ltr'>apud</span> <span class='ocrx_word' id='word_1_16' title='bbox 1157 338 1407 409; x_wconf 85' lang='lat' dir='ltr'>variosscriptores</span> <span class='ocrx_word' id='word_1_17' title='bbox 1420 336 1630 393; x_wconf 75' lang='lat' dir='ltr'>raodmmdara·</span> <span class='ocrx_word' id='word_1_18' title='bbox 1641 351 1693 391; x_wconf 84' lang='lat' dir='ltr'>seu</span> <span class='ocrx_word' id='word_1_19' title='bbox 1707 332 1788 405; x_wconf 69' lang='lat' dir='ltr'>septi·</span> 
     </span>
     <span class='ocr_line' id='line_1_3' title="bbox 146 406 1432 477; baseline 0.002 -19"><span class='ocrx_word' id='word_1_20' title='bbox 146 408 278 460; x_wconf 81' lang='lat' dir='ltr'>austerio.</span> <span class='ocrx_word' id='word_1_21' title='bbox 296 406 340 460; x_wconf 88' lang='lat' dir='ltr'>Sic</span> <span class='ocrx_word' id='word_1_22' title='bbox 355 423 414 477; x_wconf 89' lang='lat' dir='ltr'>cap.</span> <span class='ocrx_word' id='word_1_23' title='bbox 432 407 465 461; x_wconf 88' lang='lat'>5:</span> <span class='ocrx_word' id='word_1_24' title='bbox 485 425 496 457; x_wconf 78' lang='grc' dir='ltr'>ι</span> <span class='ocrx_word' id='word_1_25' title='bbox 513 406 580 470; x_wconf 76' lang='lat' dir='ltr'>Qua</span> <span class='ocrx_word' id='word_1_26' title='bbox 603 408 688 463; x_wconf 89' lang='lat' dir='ltr'>etiam</span> <span class='ocrx_word' id='word_1_27' title='bbox 713 411 770 465; x_wconf 92' lang='lat' dir='ltr'>illic</span> <span class='ocrx_word' id='word_1_28' title='bbox 791 429 892 467; x_wconf 82' lang='lat' dir='ltr'>vacans</span> <span class='ocrx_word' id='word_1_29' title='bbox 914 413 943 468; x_wconf 88' lang='lat' dir='ltr'>in</span> <span class='ocrx_word' id='word_1_30' title='bbox 986 417 1122 468; x_wconf 72' lang='lat' dir='ltr'>resarserit.</span> <span class='ocrx_word' id='word_1_31' title='bbox 1135 412 1205 465; x_wconf 78' lang='lat' dir='ltr'>Vide</span> <span class='ocrx_word' id='word_1_32' title='bbox 1222 409 1432 465; x_wconf 89' lang='lat' dir='ltr'>Onomasticon.</span> 
     </span>
     <span class='ocr_line' id='line_1_4' title="bbox 144 474 1787 553; baseline -0.004 -15"><span class='ocrx_word' id='word_1_33' title='bbox 144 476 319 530; x_wconf 74' lang='lat' dir='ltr'>sanctuariis·</span> <span class='ocrx_word' id='word_1_34' title='bbox 344 497 354 527; x_wconf 60' lang='grc' dir='ltr'><strong><em>ν</em></strong></span> <span class='ocrx_word' id='word_1_35' title='bbox 1023 481 1059 553; x_wconf 79' lang='grc'>(6)</span> <span class='ocrx_word' id='word_1_36' title='bbox 1077 485 1220 539; x_wconf 81' lang='lat' dir='ltr'>Solerr‘ma</span> <span class='ocrx_word' id='word_1_37' title='bbox 1237 480 1374 550; x_wconf 78' lang='lat' dir='ltr'>tertiam]</span> <span class='ocrx_word' id='word_1_38' title='bbox 1389 480 1460 549; x_wconf 86' lang='lat' dir='ltr'>Ergo</span> <span class='ocrx_word' id='word_1_39' title='bbox 1476 474 1558 545; x_wconf 88' lang='lat' dir='ltr'>plura</span> <span class='ocrx_word' id='word_1_40' title='bbox 1573 481 1656 533; x_wconf 88' lang='lat' dir='ltr'>erant</span> <span class='ocrx_word' id='word_1_41' title='bbox 1676 478 1706 533; x_wconf 91' lang='lat' dir='ltr'>in</span> <span class='ocrx_word' id='word_1_42' title='bbox 1730 493 1787 532; x_wconf 89' lang='lat' dir='ltr'>una</span> 
     </span>
    </p>

    <p class='ocr_par' dir='ltr' id='par_1_3' title="bbox 143 545 1787 759">
     <span class='ocr_line' id='line_1_5' title="bbox 178 545 1787 627; baseline 0.002 -28"><span class='ocrx_word' id='word_1_43' title='bbox 178 547 206 616; x_wconf 82' lang='grc'>(3</span> <span class='ocrx_word' id='word_1_44' title='bbox 209 555 218 613; x_wconf 68' lang='lat' dir='ltr'>p</span> <span class='ocrx_word' id='word_1_45' title='bbox 232 548 397 618; x_wconf 68' lang='lat' dir='ltr'>architria]</span> <span class='ocrx_word' id='word_1_46' title='bbox 409 550 452 603; x_wconf 84' lang='lat' dir='ltr'>An</span> <span class='ocrx_word' id='word_1_47' title='bbox 461 551 593 622; x_wconf 83' lang='lat' dir='ltr'>intelligit</span> <span class='ocrx_word' id='word_1_48' title='bbox 601 552 732 607; x_wconf 84' lang='lat' dir='ltr'>cellulas?</span> <span class='ocrx_word' id='word_1_49' title='bbox 743 554 774 608; x_wconf 93' lang='lat' dir='ltr'>ln</span> <span class='ocrx_word' id='word_1_50' title='bbox 784 555 849 609; x_wconf 82' lang='lat' dir='ltr'>Vita</span> <span class='ocrx_word' id='word_1_51' title='bbox 855 555 944 609; x_wconf 76' lang='lat' dir='ltr'>sancti</span> <span class='ocrx_word' id='word_1_52' title='bbox 986 555 1069 609; x_wconf 90' lang='lat' dir='ltr'>domo</span> <span class='ocrx_word' id='word_1_53' title='bbox 1084 555 1196 616; x_wconf 86' lang='lat' dir='ltr'>solaria,</span> <span class='ocrx_word' id='word_1_54' title='bbox 1210 553 1289 607; x_wconf 88' lang='lat' dir='ltr'>idest</span> <span class='ocrx_word' id='word_1_55' title='bbox 1302 551 1441 606; x_wconf 88' lang='lat' dir='ltr'>tabulata.</span> <span class='ocrx_word' id='word_1_56' title='bbox 1460 545 1537 627; x_wconf 70' lang='lat' dir='ltr'>Alias</span> <span class='ocrx_word' id='word_1_57' title='bbox 1547 552 1697 614; x_wconf 69' lang='lat' dir='ltr'>solemn-m,</span> <span class='ocrx_word' id='word_1_58' title='bbox 1708 548 1787 603; x_wconf 84' lang='lat' dir='ltr'>idest</span> 
     </span>
     <span class='ocr_line' id='line_1_6' title="bbox 143 617 1785 698; baseline 0.009 -27"><span class='ocrx_word' id='word_1_59' title='bbox 143 618 258 672; x_wconf 85' lang='lat' dir='ltr'><strong>Antonii</strong></span> <span class='ocrx_word' id='word_1_60' title='bbox 273 636 333 689; x_wconf 86' lang='lat' dir='ltr'>cap.</span> <span class='ocrx_word' id='word_1_61' title='bbox 347 617 391 684; x_wconf 81' lang='lat'>53,</span> <span class='ocrx_word' id='word_1_62' title='bbox 408 621 494 676; x_wconf 92' lang='lat' dir='ltr'>habes</span> <span class='ocrx_word' id='word_1_63' title='bbox 508 627 715 690; x_wconf 73' lang='lat' dir='ltr'><strong><em>archisterium,</em></strong></span> <span class='ocrx_word' id='word_1_64' title='bbox 733 625 766 678; x_wconf 91' lang='lat' dir='ltr'>de</span> <span class='ocrx_word' id='word_1_65' title='bbox 776 625 946 681; x_wconf 88' lang='lat' dir='ltr'>interioreet</span> <span class='ocrx_word' id='word_1_66' title='bbox 985 643 1117 698; x_wconf 89' lang='lat' dir='ltr'>suprema</span> <span class='ocrx_word' id='word_1_67' title='bbox 1140 624 1313 694; x_wconf 80' lang='lat' dir='ltr'>contignatio</span> <span class='ocrx_word' id='word_1_68' title='bbox 1337 624 1389 677; x_wconf 85' lang='lat' dir='ltr'>soli</span> <span class='ocrx_word' id='word_1_69' title='bbox 1410 625 1544 693; x_wconf 62' lang='lat' dir='ltr'>expossta,</span> <span class='ocrx_word' id='word_1_70' title='bbox 1565 636 1654 675; x_wconf 88' lang='lat' dir='ltr'>unum</span> <span class='ocrx_word' id='word_1_71' title='bbox 1673 626 1785 675; x_wconf 59' lang='lat' dir='ltr'>mnium</span> 
     </span>
     <span class='ocr_line' id='line_1_7' title="bbox 143 689 1056 759; baseline 0.011 -18"><span class='ocrx_word' id='word_1_72' title='bbox 143 689 277 759; x_wconf 90' lang='lat' dir='ltr'>primaria</span> <span class='ocrx_word' id='word_1_73' title='bbox 291 692 407 746; x_wconf 84' lang='lat' dir='ltr'>Antonii</span> <span class='ocrx_word' id='word_1_74' title='bbox 421 694 500 747; x_wconf 91' lang='lat' dir='ltr'>cella.</span> <span class='ocrx_word' id='word_1_75' title='bbox 986 703 1056 753; x_wconf 89' lang='lat' dir='ltr'>erat.</span> 
     </span>
    </p>

    <p class='ocr_par' dir='ltr' id='par_1_4' title="bbox 141 760 1787 975">
     <span class='ocr_line' id='line_1_8' title="bbox 179 760 1786 842; baseline 0.002 -29"><span class='ocrx_word' id='word_1_76' title='bbox 179 761 214 829; x_wconf 83' lang='grc'>(4)</span> <span class='ocrx_word' id='word_1_77' title='bbox 230 763 339 829; x_wconf 74' lang='lat' dir='ltr'>,dquam</span> <span class='ocrx_word' id='word_1_78' title='bbox 349 766 380 817; x_wconf 83' lang='lat' dir='ltr'>in</span> <span class='ocrx_word' id='word_1_79' title='bbox 394 765 493 831; x_wconf 81' lang='lat' dir='ltr'>facicm</span> <span class='ocrx_word' id='word_1_80' title='bbox 509 768 567 833; x_wconf 76' lang='lat' dir='ltr'>ejus</span> <span class='ocrx_word' id='word_1_81' title='bbox 583 767 682 835; x_wconf 72' lang='lat' dir='ltr'>misia]</span> <span class='ocrx_word' id='word_1_82' title='bbox 692 768 789 821; x_wconf 82' lang='lat' dir='ltr'>Allusa</span> <span class='ocrx_word' id='word_1_83' title='bbox 803 785 877 839; x_wconf 88' lang='lat' dir='ltr'>equa</span> <span class='ocrx_word' id='word_1_84' title='bbox 893 768 944 823; x_wconf 90' lang='lat' dir='ltr'>sri-</span> <span class='ocrx_word' id='word_1_85' title='bbox 1020 767 1058 842; x_wconf 72' lang='lat'>(71</span> <span class='ocrx_word' id='word_1_86' title='bbox 1074 772 1181 824; x_wconf 82' lang='lat' dir='ltr'>Priores</span> <span class='ocrx_word' id='word_1_87' title='bbox 1193 767 1334 836; x_wconf 77' lang='lat' dir='ltr'>seniores]</span> <span class='ocrx_word' id='word_1_88' title='bbox 1346 766 1417 831; x_wconf 83' lang='lat' dir='ltr'>Mox,</span> <span class='ocrx_word' id='word_1_89' title='bbox 1440 760 1502 835; x_wconf 65' lang='lat' dir='ltr'>cai).</span> <span class='ocrx_word' id='word_1_90' title='bbox 1512 761 1548 820; x_wconf 65' lang='grc' dir='ltr'><em>Ἦ</em></span> <span class='ocrx_word' id='word_1_91' title='bbox 1564 768 1593 817; x_wconf 90' lang='lat' dir='ltr'>et</span> <span class='ocrx_word' id='word_1_92' title='bbox 1607 762 1642 820; x_wconf 84' lang='lat'>30</span> <span class='ocrx_word' id='word_1_93' title='bbox 1666 767 1786 818; x_wconf 79' lang='lat' dir='ltr'>seniores</span> 
     </span>
     <span class='ocr_line' id='line_1_9' title="bbox 143 831 1787 910; baseline 0.004 -27"><span class='ocrx_word' id='word_1_94' title='bbox 143 831 210 901; x_wconf 83' lang='lat' dir='ltr'>gida</span> <span class='ocrx_word' id='word_1_95' title='bbox 225 832 379 887; x_wconf 85' lang='lat' dir='ltr'>exanimati</span> <span class='ocrx_word' id='word_1_96' title='bbox 394 834 430 888; x_wconf 91' lang='lat' dir='ltr'>ad</span> <span class='ocrx_word' id='word_1_97' title='bbox 444 853 474 889; x_wconf 88' lang='lat' dir='ltr'>se</span> <span class='ocrx_word' id='word_1_98' title='bbox 490 836 628 890; x_wconf 88' lang='lat' dir='ltr'>redibunt.</span> <span class='ocrx_word' id='word_1_99' title='bbox 652 838 730 893; x_wconf 89' lang='lat' dir='ltr'>Unde</span> <span class='ocrx_word' id='word_1_100' title='bbox 754 837 942 909; x_wconf 81' lang='lat' dir='ltr'>proverbium,</span> <span class='ocrx_word' id='word_1_101' title='bbox 985 834 1787 910; x_wconf 77' lang='lat' dir='ltr'>sorores.Saepeoccurruntseniorertaminterrirosquam</span> 
     </span>
     <span class='ocr_line' id='line_1_10' title="bbox 141 903 1409 975; baseline 0.003 -17"><span class='ocrx_word' id='word_1_102' title='bbox 141 903 251 971; x_wconf 82' lang='lat' dir='ltr'>Aquam</span> <span class='ocrx_word' id='word_1_103' title='bbox 265 919 415 973; x_wconf 75' lang='lat' dir='ltr'>esperqere,</span> <span class='ocrx_word' id='word_1_104' title='bbox 428 907 517 971; x_wconf 90' lang='lat' dir='ltr'>idest,</span> <span class='ocrx_word' id='word_1_105' title='bbox 533 907 642 961; x_wconf 88' lang='lat' dir='ltr'>animos</span> <span class='ocrx_word' id='word_1_106' title='bbox 652 909 765 966; x_wconf 89' lang='lat' dir='ltr'>addere.</span> <span class='ocrx_word' id='word_1_107' title='bbox 779 910 946 964; x_wconf 86' lang='lat' dir='ltr'>lloxinVita</span> <span class='ocrx_word' id='word_1_108' title='bbox 986 912 1060 965; x_wconf 90' lang='lat' dir='ltr'>inter</span> <span class='ocrx_word' id='word_1_109' title='bbox 1075 911 1215 975; x_wconf 88' lang='lat' dir='ltr'>mulieres,</span> <span class='ocrx_word' id='word_1_110' title='bbox 1230 910 1260 963; x_wconf 94' lang='lat' dir='ltr'>in</span> <span class='ocrx_word' id='word_1_111' title='bbox 1270 909 1313 963; x_wconf 92' lang='lat' dir='ltr'>his</span> <span class='ocrx_word' id='word_1_112' title='bbox 1328 908 1409 962; x_wconf 86' lang='lat' dir='ltr'>Vitis·</span> 
     </span>
    </p>

    <p class='ocr_par' dir='ltr' id='par_1_5' title="bbox 141 974 1787 1193">
     <span class='ocr_line' id='line_1_11' title="bbox 142 974 1787 1110; baseline 0.002 -82"><span class='ocrx_word' id='word_1_113' title='bbox 142 974 342 1047; x_wconf 69' lang='lat' dir='ltr'>Euphrosynen,</span> <span class='ocrx_word' id='word_1_114' title='bbox 365 993 426 1049; x_wconf 89' lang='lat' dir='ltr'>cap.</span> <span class='ocrx_word' id='word_1_115' title='bbox 452 976 501 1033; x_wconf 79' lang='lat' dir='ltr'>lh:</span> <span class='ocrx_word' id='word_1_116' title='bbox 526 993 539 1028; x_wconf 80' lang='lat' dir='ltr'>a</span> <span class='ocrx_word' id='word_1_117' title='bbox 565 980 685 1034; x_wconf 82' lang='lat' dir='ltr'>lactavit</span> <span class='ocrx_word' id='word_1_118' title='bbox 707 980 858 1035; x_wconf 85' lang='lat' dir='ltr'>infaciem</span> <span class='ocrx_word' id='word_1_119' title='bbox 883 983 944 1052; x_wconf 85' lang='lat' dir='ltr'>ejus</span> <span class='ocrx_word' id='word_1_120' title='bbox 1022 980 1220 1110; x_wconf 55' lang='lat' dir='ltr'>rdpPetieatr&#39;d</span> <span class='ocrx_word' id='word_1_121' title='bbox 1244 981 1275 1035; x_wconf 92' lang='lat' dir='ltr'>Id</span> <span class='ocrx_word' id='word_1_122' title='bbox 1297 986 1349 1043; x_wconf 89' lang='lat' dir='ltr'>est,</span> <span class='ocrx_word' id='word_1_123' title='bbox 1380 995 1578 1047; x_wconf 64' lang='lat' dir='ltr'>energumena.</span> <span class='ocrx_word' id='word_1_124' title='bbox 1609 979 1727 1033; x_wconf 85' lang='lat' dir='ltr'>Clarum</span> <span class='ocrx_word' id='word_1_125' title='bbox 1754 994 1787 1033; x_wconf 89' lang='lat' dir='ltr'>ex</span> 
     </span>
     <span class='ocr_line' id='line_1_12' title="bbox 141 1055 1093 1118; baseline 0.009 -19"><span class='ocrx_word' id='word_1_126' title='bbox 141 1061 253 1118; x_wconf 89' lang='lat' dir='ltr'>aquam.</span> <span class='ocrx_word' id='word_1_127' title='bbox 985 1069 1018 1110; x_wconf 90' lang='lat' dir='ltr'>ca</span> <span class='ocrx_word' id='word_1_128' title='bbox 1040 1095 1045 1107; x_wconf 90' lang='lat'>.</span> <span class='ocrx_word' id='word_1_129' title='bbox 1067 1055 1093 1108; x_wconf 86' lang='lat'>5.</span> 
     </span>
     <span class='ocr_line' id='line_1_13' title="bbox 178 1071 1036 1193; baseline 0.01 -22"><span class='ocrx_word' id='word_1_130' title='bbox 178 1119 215 1187; x_wconf 86' lang='lat'>(5)</span> <span class='ocrx_word' id='word_1_131' title='bbox 232 1119 264 1171; x_wconf 82' lang='lat' dir='ltr'>Et</span> <span class='ocrx_word' id='word_1_132' title='bbox 278 1122 462 1188; x_wconf 72' lang='lat' dir='ltr'>septimanam</span> <span class='ocrx_word' id='word_1_133' title='bbox 473 1136 563 1176; x_wconf 85' lang='lat' dir='ltr'>meam</span> <span class='ocrx_word' id='word_1_134' title='bbox 578 1124 765 1193; x_wconf 66' lang='lat' dir='ltr'>commeare]</span> <span class='ocrx_word' id='word_1_135' title='bbox 777 1124 944 1180; x_wconf 90' lang='lat' dir='ltr'>lndeoccur·</span> <span class='ocrx_word' id='word_1_136' title='bbox 1018 1071 1036 1124; x_wconf 75' lang='lat' dir='ltr'>p</span> 
     </span>
    </p>
   </div>
   <div class='ocr_carea' id='block_1_3' title="bbox 868 1399 1058 1446">
    <p class='ocr_par' dir='ltr' id='par_1_6' title="bbox 868 1399 1058 1446">
     <span class='ocr_line' id='line_1_14' title="bbox 868 1399 1058 1446; baseline 0.011 -2"><span class='ocrx_word' id='word_1_137' title='bbox 868 1399 1014 1446; x_wconf 71' lang='lat' dir='ltr'>annuatur</span> <span class='ocrx_word' id='word_1_138' title='bbox 1036 1401 1058 1446; x_wconf 90' lang='lat'>1.</span> 
     </span>
    </p>
   </div>
   <div class='ocr_carea' id='block_1_4' title="bbox 195 1555 1739 1728">
    <p class='ocr_par' dir='ltr' id='par_1_7' title="bbox 195 1555 1739 1728">
     <span class='ocr_line' id='line_1_15' title="bbox 195 1555 1739 1728; baseline 0.019 -30"><span class='ocrx_word' id='word_1_139' title='bbox 195 1555 418 1703; x_wconf 85' lang='lat' dir='ltr'>VITA</span> <span class='ocrx_word' id='word_1_140' title='bbox 467 1557 873 1704; x_wconf 84' lang='lat' dir='ltr'><strong>SANCTAE</strong></span> <span class='ocrx_word' id='word_1_141' title='bbox 916 1558 1627 1710; x_wconf 86' lang='lat' dir='ltr'>EUPHROSYNAE</span> <span class='ocrx_word' id='word_1_142' title='bbox 1664 1632 1739 1728; x_wconf 71' lang='lat' dir='ltr'>(o,</span> 
     </span>
    </p>
   </div>
   <div class='ocr_carea' id='block_1_5' title="bbox 585 1804 1293 2074">
    <p class='ocr_par' dir='ltr' id='par_1_8' title="bbox 585 1804 1293 2074">
     <span class='ocr_line' id='line_1_16' title="bbox 803 1804 1121 1890; baseline 0.031 -13"><span class='ocrx_word' id='word_1_143' title='bbox 803 1804 1121 1890; x_wconf 68' lang='lat' dir='ltr'>vlnerum,</span> 
     </span>
     <span class='ocr_line' id='line_1_17' title="bbox 585 1983 1293 2074; baseline 0.003 -4"><span class='ocrx_word' id='word_1_144' title='bbox 585 1984 915 2072; x_wconf 87' lang='lat' dir='ltr'><strong>AUCTORE</strong></span> <span class='ocrx_word' id='word_1_145' title='bbox 961 1983 1293 2074; x_wconf 88' lang='lat' dir='ltr'>INCERTO.</span> 
     </span>
    </p>
   </div>
   <div class='ocr_carea' id='block_1_6' title="bbox 128 2231 1782 5708">
    <p class='ocr_par' dir='ltr' id='par_1_9' title="bbox 133 2231 1782 4094">
     <span class='ocr_line' id='line_1_18' title="bbox 175 2231 1782 2310; baseline 0.004 -24"><span class='ocrx_word' id='word_1_146' title='bbox 175 2231 269 2289; x_wconf 68' lang='lat' dir='ltr'>Cabur</span> <span class='ocrx_word' id='word_1_147' title='bbox 281 2245 398 2288; x_wconf 76' lang='lat' dir='ltr'>namon.</span> <span class='ocrx_word' id='word_1_148' title='bbox 412 2261 441 2272; x_wconf 90' lang='lat'>-</span> <span class='ocrx_word' id='word_1_149' title='bbox 451 2234 663 2301; x_wconf 64' lang='lat' dir='ltr'>ml&#39;uitn&#39;r</span> <span class='ocrx_word' id='word_1_150' title='bbox 671 2234 701 2288; x_wconf 92' lang='lat' dir='ltr'>in</span> <span class='ocrx_word' id='word_1_151' title='bbox 709 2233 878 2289; x_wconf 80' lang='lat' dir='ltr'>Alexandria</span> <span class='ocrx_word' id='word_1_152' title='bbox 887 2231 1107 2300; x_wconf 83' lang='lat' dir='ltr'>no·Bvitatem,</span> <span class='ocrx_word' id='word_1_153' title='bbox 1124 2239 1153 2289; x_wconf 87' lang='lat' dir='ltr'>et</span> <span class='ocrx_word' id='word_1_154' title='bbox 1167 2234 1202 2290; x_wconf 89' lang='lat' dir='ltr'>de</span> <span class='ocrx_word' id='word_1_155' title='bbox 1216 2235 1354 2307; x_wconf 76' lang='lat' dir='ltr'>sapientia</span> <span class='ocrx_word' id='word_1_156' title='bbox 1368 2237 1429 2306; x_wconf 86' lang='lat' dir='ltr'>ejus</span> <span class='ocrx_word' id='word_1_157' title='bbox 1443 2240 1472 2291; x_wconf 90' lang='lat' dir='ltr'>et</span> <span class='ocrx_word' id='word_1_158' title='bbox 1485 2236 1520 2292; x_wconf 90' lang='lat' dir='ltr'>de</span> <span class='ocrx_word' id='word_1_159' title='bbox 1533 2236 1672 2306; x_wconf 85' lang='lat' dir='ltr'>doctrina,</span> <span class='ocrx_word' id='word_1_160' title='bbox 1681 2239 1782 2310; x_wconf 77' lang='lat' dir='ltr'>etquis</span> 
     </span>
     <span class='ocr_line' id='line_1_19' title="bbox 139 2319 1780 2396; baseline 0.001 -21"><span class='ocrx_word' id='word_1_161' title='bbox 139 2321 215 2375; x_wconf 88' lang='lat' dir='ltr'>miae</span> <span class='ocrx_word' id='word_1_162' title='bbox 229 2321 406 2393; x_wconf 89' lang='lat' dir='ltr'>Paphnutius</span> <span class='ocrx_word' id='word_1_163' title='bbox 418 2321 469 2396; x_wconf 70' lang='lat' dir='ltr'>(l),</span> <span class='ocrx_word' id='word_1_164' title='bbox 481 2323 651 2378; x_wconf 90' lang='lat' dir='ltr'>honorabilis</span> <span class='ocrx_word' id='word_1_165' title='bbox 662 2322 800 2390; x_wconf 86' lang='lat' dir='ltr'>omnibus,</span> <span class='ocrx_word' id='word_1_166' title='bbox 810 2328 839 2376; x_wconf 88' lang='lat' dir='ltr'>et</span> <span class='ocrx_word' id='word_1_167' title='bbox 850 2327 940 2376; x_wconf 74' lang='lat' dir='ltr'>custo</span> <span class='ocrx_word' id='word_1_168' title='bbox 981 2325 1043 2372; x_wconf 89' lang='lat' dir='ltr'>erat</span> <span class='ocrx_word' id='word_1_169' title='bbox 1056 2319 1172 2390; x_wconf 90' lang='lat' dir='ltr'>pulchra</span> <span class='ocrx_word' id='word_1_170' title='bbox 1184 2321 1278 2387; x_wconf 88' lang='lat' dir='ltr'>nimis,</span> <span class='ocrx_word' id='word_1_171' title='bbox 1296 2327 1325 2376; x_wconf 91' lang='lat' dir='ltr'>et</span> <span class='ocrx_word' id='word_1_172' title='bbox 1343 2322 1497 2392; x_wconf 89' lang='lat' dir='ltr'>composita</span> <span class='ocrx_word' id='word_1_173' title='bbox 1520 2322 1599 2377; x_wconf 80' lang='lat' dir='ltr'>vulta</span> <span class='ocrx_word' id='word_1_174' title='bbox 1623 2328 1654 2378; x_wconf 86' lang='lat' dir='ltr'>et</span> <span class='ocrx_word' id='word_1_175' title='bbox 1676 2324 1780 2378; x_wconf 74' lang='lat' dir='ltr'>ammo.</span> 
     </span>
     <span class='ocr_line' id='line_1_20' title="bbox 139 2408 1779 2484; baseline 0.002 -20"><span class='ocrx_word' id='word_1_176' title='bbox 139 2409 220 2464; x_wconf 87' lang='lat' dir='ltr'>diens</span> <span class='ocrx_word' id='word_1_177' title='bbox 234 2411 369 2467; x_wconf 87' lang='lat' dir='ltr'>mandata</span> <span class='ocrx_word' id='word_1_178' title='bbox 385 2412 445 2466; x_wconf 88' lang='lat' dir='ltr'>Dei.</span> <span class='ocrx_word' id='word_1_179' title='bbox 463 2413 516 2466; x_wconf 81' lang='lat' dir='ltr'>llic</span> <span class='ocrx_word' id='word_1_180' title='bbox 529 2413 636 2484; x_wconf 88' lang='lat' dir='ltr'>aceepit</span> <span class='ocrx_word' id='word_1_181' title='bbox 656 2414 805 2483; x_wconf 85' lang='lat' dir='ltr'>conjugem</span> <span class='ocrx_word' id='word_1_182' title='bbox 825 2411 939 2481; x_wconf 84' lang='lat' dir='ltr'>dignam</span> <span class='ocrx_word' id='word_1_183' title='bbox 981 2408 1779 2483; x_wconf 80' lang='lat' dir='ltr'>Multosautemexcitavitadaccipiendumeamliliissuis,</span> 
     </span>
     <span class='ocr_line' id='line_1_21' title="bbox 142 2493 1780 2573; baseline 0.002 -20"><span class='ocrx_word' id='word_1_184' title='bbox 142 2500 254 2569; x_wconf 81' lang='lat' dir='ltr'>generis</span> <span class='ocrx_word' id='word_1_185' title='bbox 266 2501 320 2567; x_wconf 89' lang='lat' dir='ltr'>sui,</span> <span class='ocrx_word' id='word_1_186' title='bbox 336 2506 365 2555; x_wconf 89' lang='lat' dir='ltr'>et</span> <span class='ocrx_word' id='word_1_187' title='bbox 374 2501 464 2571; x_wconf 83' lang='lat' dir='ltr'>ipsam</span> <span class='ocrx_word' id='word_1_188' title='bbox 479 2501 604 2556; x_wconf 85' lang='lat' dir='ltr'>honestis</span> <span class='ocrx_word' id='word_1_189' title='bbox 619 2501 744 2556; x_wconf 88' lang='lat' dir='ltr'>moribus</span> <span class='ocrx_word' id='word_1_190' title='bbox 759 2500 939 2573; x_wconf 87' lang='lat' dir='ltr'>plenam,sed</span> <span class='ocrx_word' id='word_1_191' title='bbox 981 2503 1009 2551; x_wconf 86' lang='lat' dir='ltr'>ct</span> <span class='ocrx_word' id='word_1_192' title='bbox 1021 2499 1333 2555; x_wconf 87' lang='lat' dir='ltr'>multisdecertantibus</span> <span class='ocrx_word' id='word_1_193' title='bbox 1343 2516 1406 2555; x_wconf 90' lang='lat' dir='ltr'>cum</span> <span class='ocrx_word' id='word_1_194' title='bbox 1417 2507 1496 2572; x_wconf 88' lang='lat' dir='ltr'>patre</span> <span class='ocrx_word' id='word_1_195' title='bbox 1506 2503 1577 2573; x_wconf 78' lang='lat' dir='ltr'>eJ&#39;us,</span> <span class='ocrx_word' id='word_1_196' title='bbox 1589 2493 1780 2573; x_wconf 79' lang='lat' dir='ltr'>perveniread</span> 
     </span>
     <span class='ocr_line' id='line_1_22' title="bbox 139 2587 1779 2661; baseline 0.003 -21"><span class='ocrx_word' id='word_1_197' title='bbox 139 2587 242 2642; x_wconf 88' lang='lat' dir='ltr'>sterilis</span> <span class='ocrx_word' id='word_1_198' title='bbox 253 2604 310 2643; x_wconf 92' lang='lat' dir='ltr'>non</span> <span class='ocrx_word' id='word_1_199' title='bbox 318 2588 454 2659; x_wconf 86' lang='lat' dir='ltr'>pariebat.</span> <span class='ocrx_word' id='word_1_200' title='bbox 465 2590 612 2644; x_wconf 69' lang='lat' dir='ltr'>virentem</span> <span class='ocrx_word' id='word_1_201' title='bbox 622 2591 683 2659; x_wconf 87' lang='lat' dir='ltr'>ejus</span> <span class='ocrx_word' id='word_1_202' title='bbox 693 2589 778 2644; x_wconf 85' lang='lat' dir='ltr'>nimis</span> <span class='ocrx_word' id='word_1_203' title='bbox 787 2590 936 2656; x_wconf 85' lang='lat' dir='ltr'>fluctuans,</span> <span class='ocrx_word' id='word_1_204' title='bbox 979 2587 1066 2641; x_wconf 80' lang='lat' dir='ltr'>finem</span> <span class='ocrx_word' id='word_1_205' title='bbox 1083 2605 1140 2643; x_wconf 91' lang='lat' dir='ltr'>non</span> <span class='ocrx_word' id='word_1_206' title='bbox 1155 2594 1294 2660; x_wconf 81' lang='lat' dir='ltr'>poterant,</span> <span class='ocrx_word' id='word_1_207' title='bbox 1316 2591 1366 2644; x_wconf 90' lang='lat' dir='ltr'>sed</span> <span class='ocrx_word' id='word_1_208' title='bbox 1385 2596 1480 2645; x_wconf 86' lang='lat' dir='ltr'>tamen</span> <span class='ocrx_word' id='word_1_209' title='bbox 1494 2591 1553 2661; x_wconf 90' lang='lat' dir='ltr'>ipse</span> <span class='ocrx_word' id='word_1_210' title='bbox 1574 2591 1705 2648; x_wconf 83' lang='lat' dir='ltr'>dicebat:</span> <span class='ocrx_word' id='word_1_211' title='bbox 1726 2590 1779 2645; x_wconf 87' lang='lat' dir='ltr'>Do-</span> 
     </span>
     <span class='ocr_line' id='line_1_23' title="bbox 140 2676 1778 2751; baseline 0.003 -22"><span class='ocrx_word' id='word_1_212' title='bbox 140 2692 173 2730; x_wconf 89' lang='lat' dir='ltr'>eo</span> <span class='ocrx_word' id='word_1_213' title='bbox 184 2676 258 2748; x_wconf 92' lang='lat' dir='ltr'>quod</span> <span class='ocrx_word' id='word_1_214' title='bbox 266 2693 323 2731; x_wconf 93' lang='lat' dir='ltr'>non</span> <span class='ocrx_word' id='word_1_215' title='bbox 335 2676 502 2733; x_wconf 87' lang='lat' dir='ltr'>haberetcui</span> <span class='ocrx_word' id='word_1_216' title='bbox 513 2695 609 2733; x_wconf 91' lang='lat' dir='ltr'>omnes</span> <span class='ocrx_word' id='word_1_217' title='bbox 617 2679 764 2733; x_wconf 80' lang='lat' dir='ltr'>facultates</span> <span class='ocrx_word' id='word_1_218' title='bbox 772 2678 936 2746; x_wconf 83' lang='lat' dir='ltr'>dimitteret,</span> <span class='ocrx_word' id='word_1_219' title='bbox 980 2677 1048 2731; x_wconf 90' lang='lat' dir='ltr'>mini</span> <span class='ocrx_word' id='word_1_220' title='bbox 1060 2679 1188 2733; x_wconf 83' lang='lat' dir='ltr'>voluntas</span> <span class='ocrx_word' id='word_1_221' title='bbox 1199 2681 1257 2732; x_wconf 86' lang='lat' dir='ltr'>hat.</span> <span class='ocrx_word' id='word_1_222' title='bbox 1272 2680 1349 2733; x_wconf 90' lang='lat' dir='ltr'>Unus</span> <span class='ocrx_word' id='word_1_223' title='bbox 1360 2687 1454 2735; x_wconf 87' lang='lat' dir='ltr'>autam</span> <span class='ocrx_word' id='word_1_224' title='bbox 1468 2696 1641 2751; x_wconf 86' lang='lat' dir='ltr'>exsuperans</span> <span class='ocrx_word' id='word_1_225' title='bbox 1652 2680 1778 2734; x_wconf 80' lang='lat' dir='ltr'>omneein</span> 
     </span>
     <span class='ocr_line' id='line_1_24' title="bbox 141 2765 1778 2841; baseline 0.003 -23"><span class='ocrx_word' id='word_1_226' title='bbox 141 2771 173 2818; x_wconf 90' lang='lat' dir='ltr'>ut</span> <span class='ocrx_word' id='word_1_227' title='bbox 183 2771 246 2835; x_wconf 89' lang='lat' dir='ltr'>post</span> <span class='ocrx_word' id='word_1_228' title='bbox 256 2765 365 2820; x_wconf 88' lang='lat' dir='ltr'>obitum</span> <span class='ocrx_word' id='word_1_229' title='bbox 379 2783 462 2820; x_wconf 89' lang='lat' dir='ltr'>suum</span> <span class='ocrx_word' id='word_1_230' title='bbox 472 2767 706 2840; x_wconf 82' lang='lat' dir='ltr'>bencetcongruc</span> <span class='ocrx_word' id='word_1_231' title='bbox 716 2786 796 2823; x_wconf 86' lang='lat' dir='ltr'>suam</span> <span class='ocrx_word' id='word_1_232' title='bbox 806 2768 938 2823; x_wconf 89' lang='lat' dir='ltr'>substan·</span> <span class='ocrx_word' id='word_1_233' title='bbox 980 2766 1086 2821; x_wconf 91' lang='lat' dir='ltr'>honore</span> <span class='ocrx_word' id='word_1_234' title='bbox 1101 2774 1130 2822; x_wconf 89' lang='lat' dir='ltr'>ct</span> <span class='ocrx_word' id='word_1_235' title='bbox 1143 2769 1257 2835; x_wconf 88' lang='lat' dir='ltr'>divitiis,</span> <span class='ocrx_word' id='word_1_236' title='bbox 1272 2769 1625 2841; x_wconf 79' lang='lat' dir='ltr'>accersivitpatremillius,</span> <span class='ocrx_word' id='word_1_237' title='bbox 1642 2776 1671 2824; x_wconf 88' lang='lat' dir='ltr'>et</span> <span class='ocrx_word' id='word_1_238' title='bbox 1684 2776 1778 2841; x_wconf 82' lang='lat' dir='ltr'>postu-</span> 
     </span>
     <span class='ocr_line' id='line_1_25' title="bbox 139 2854 1778 2930; baseline 0.005 -23"><span class='ocrx_word' id='word_1_239' title='bbox 139 2854 208 2908; x_wconf 90' lang='lat' dir='ltr'>tiam</span> <span class='ocrx_word' id='word_1_240' title='bbox 221 2856 403 2925; x_wconf 85' lang='lat' dir='ltr'>gubernaret,</span> <span class='ocrx_word' id='word_1_241' title='bbox 420 2857 611 2928; x_wconf 82' lang='lat' dir='ltr'>indigentibus</span> <span class='ocrx_word' id='word_1_242' title='bbox 626 2876 681 2913; x_wconf 92' lang='lat' dir='ltr'>non</span> <span class='ocrx_word' id='word_1_243' title='bbox 704 2858 831 2913; x_wconf 85' lang='lat' dir='ltr'>cessabat</span> <span class='ocrx_word' id='word_1_244' title='bbox 854 2858 938 2912; x_wconf 88' lang='lat' dir='ltr'>mini·</span> <span class='ocrx_word' id='word_1_245' title='bbox 979 2855 1055 2910; x_wconf 87' lang='lat' dir='ltr'>labat</span> <span class='ocrx_word' id='word_1_246' title='bbox 1070 2857 1104 2910; x_wconf 87' lang='lat' dir='ltr'>ab</span> <span class='ocrx_word' id='word_1_247' title='bbox 1120 2874 1152 2912; x_wconf 91' lang='lat' dir='ltr'>eo</span> <span class='ocrx_word' id='word_1_248' title='bbox 1162 2864 1195 2912; x_wconf 92' lang='lat' dir='ltr'>ut</span> <span class='ocrx_word' id='word_1_249' title='bbox 1209 2859 1290 2913; x_wconf 90' lang='lat' dir='ltr'>daret</span> <span class='ocrx_word' id='word_1_250' title='bbox 1298 2859 1384 2914; x_wconf 84' lang='lat' dir='ltr'>filiam</span> <span class='ocrx_word' id='word_1_251' title='bbox 1395 2861 1456 2930; x_wconf 85' lang='lat' dir='ltr'>ejus</span> <span class='ocrx_word' id='word_1_252' title='bbox 1467 2859 1581 2914; x_wconf 85' lang='lat' dir='ltr'>filiosuo</span> <span class='ocrx_word' id='word_1_253' title='bbox 1591 2860 1622 2913; x_wconf 94' lang='lat' dir='ltr'>in</span> <span class='ocrx_word' id='word_1_254' title='bbox 1638 2860 1778 2915; x_wconf 88' lang='lat' dir='ltr'>matrimo-</span> 
     </span>
     <span class='ocr_line' id='line_1_26' title="bbox 138 2946 1241 3020; baseline 0.003 -22"><span class='ocrx_word' id='word_1_255' title='bbox 138 2950 229 3000; x_wconf 90' lang='lat' dir='ltr'>strare</span> <span class='ocrx_word' id='word_1_256' title='bbox 242 2952 323 3000; x_wconf 90' lang='lat' dir='ltr'>nocte</span> <span class='ocrx_word' id='word_1_257' title='bbox 337 2946 429 3013; x_wconf 88' lang='lat' dir='ltr'>etdie,</span> <span class='ocrx_word' id='word_1_258' title='bbox 446 2948 624 3020; x_wconf 84' lang='lat' dir='ltr'>ecclesiisque</span> <span class='ocrx_word' id='word_1_259' title='bbox 644 2949 798 3015; x_wconf 80' lang='lat' dir='ltr'>adhaerens,</span> <span class='ocrx_word' id='word_1_260' title='bbox 821 2948 938 3019; x_wconf 82' lang='lat' dir='ltr'>jejuniis</span> <span class='ocrx_word' id='word_1_261' title='bbox 979 2947 1036 3011; x_wconf 91' lang='lat' dir='ltr'>nio,</span> <span class='ocrx_word' id='word_1_262' title='bbox 1054 2953 1082 3001; x_wconf 85' lang='lat' dir='ltr'>et</span> <span class='ocrx_word' id='word_1_263' title='bbox 1096 2949 1241 3003; x_wconf 88' lang='lat' dir='ltr'>concessit.</span> 
     </span>
     <span class='ocr_line' id='line_1_27' title="bbox 138 3034 1776 3113; baseline 0.004 -25"><span class='ocrx_word' id='word_1_264' title='bbox 138 3040 167 3088; x_wconf 88' lang='lat' dir='ltr'>et</span> <span class='ocrx_word' id='word_1_265' title='bbox 179 3034 352 3090; x_wconf 90' lang='lat' dir='ltr'>orationibus</span> <span class='ocrx_word' id='word_1_266' title='bbox 363 3053 447 3090; x_wconf 87' lang='lat' dir='ltr'>orans</span> <span class='ocrx_word' id='word_1_267' title='bbox 461 3043 490 3091; x_wconf 89' lang='lat' dir='ltr'>et</span> <span class='ocrx_word' id='word_1_268' title='bbox 500 3043 597 3109; x_wconf 87' lang='lat' dir='ltr'>petens</span> <span class='ocrx_word' id='word_1_269' title='bbox 607 3039 689 3094; x_wconf 89' lang='lat' dir='ltr'>aDeo</span> <span class='ocrx_word' id='word_1_270' title='bbox 702 3039 762 3093; x_wconf 89' lang='lat' dir='ltr'>dari</span> <span class='ocrx_word' id='word_1_271' title='bbox 773 3038 826 3093; x_wconf 89' lang='lat' dir='ltr'>sibi</span> <span class='ocrx_word' id='word_1_272' title='bbox 836 3038 937 3094; x_wconf 85' lang='lat' dir='ltr'>tilium.</span> <span class='ocrx_word' id='word_1_273' title='bbox 1015 3038 1080 3091; x_wconf 76' lang='lat' dir='ltr'>Can.</span> <span class='ocrx_word' id='word_1_274' title='bbox 1096 3038 1143 3092; x_wconf 89' lang='lat' dir='ltr'>lV.</span> <span class='ocrx_word' id='word_1_275' title='bbox 1154 3063 1185 3074; x_wconf 95' lang='lat'><em>-</em></span> <span class='ocrx_word' id='word_1_276' title='bbox 1198 3039 1267 3093; x_wconf 89' lang='lat' dir='ltr'>Post</span> <span class='ocrx_word' id='word_1_277' title='bbox 1280 3039 1400 3094; x_wconf 89' lang='lat' dir='ltr'>multum</span> <span class='ocrx_word' id='word_1_278' title='bbox 1414 3055 1479 3095; x_wconf 85' lang='lat' dir='ltr'>vero</span> <span class='ocrx_word' id='word_1_279' title='bbox 1494 3040 1631 3111; x_wconf 90' lang='lat' dir='ltr'>temporis</span> <span class='ocrx_word' id='word_1_280' title='bbox 1641 3040 1776 3113; x_wconf 80' lang='lat' dir='ltr'>accipiens</span> 
     </span>
     <span class='ocr_line' id='line_1_28' title="bbox 138 3124 1775 3197; baseline 0.003 -18"><span class='ocrx_word' id='word_1_281' title='bbox 138 3124 274 3179; x_wconf 87' lang='lat' dir='ltr'>Similiter</span> <span class='ocrx_word' id='word_1_282' title='bbox 284 3131 313 3179; x_wconf 90' lang='lat' dir='ltr'>et</span> <span class='ocrx_word' id='word_1_283' title='bbox 326 3141 395 3179; x_wconf 90' lang='lat' dir='ltr'>uxor</span> <span class='ocrx_word' id='word_1_284' title='bbox 408 3127 469 3196; x_wconf 90' lang='lat' dir='ltr'>ejus</span> <span class='ocrx_word' id='word_1_285' title='bbox 480 3126 935 3194; x_wconf 81' lang='lat' dir='ltr'>doloribusafficiebaturmaxime,</span> <span class='ocrx_word' id='word_1_286' title='bbox 979 3142 1041 3179; x_wconf 90' lang='lat' dir='ltr'>eam</span> <span class='ocrx_word' id='word_1_287' title='bbox 1060 3126 1247 3197; x_wconf 83' lang='lat' dir='ltr'>Paphnutius,</span> <span class='ocrx_word' id='word_1_288' title='bbox 1265 3145 1329 3182; x_wconf 89' lang='lat' dir='ltr'>cum</span> <span class='ocrx_word' id='word_1_289' title='bbox 1354 3135 1427 3183; x_wconf 86' lang='lat' dir='ltr'>esset</span> <span class='ocrx_word' id='word_1_290' title='bbox 1450 3144 1589 3183; x_wconf 86' lang='lat' dir='ltr'>annornm</span> <span class='ocrx_word' id='word_1_291' title='bbox 1613 3129 1775 3195; x_wconf 84' lang='lat' dir='ltr'>octodecim,</span> 
     </span>
     <span class='ocr_line' id='line_1_29' title="bbox 137 3213 1775 3289; baseline 0.005 -23"><span class='ocrx_word' id='word_1_292' title='bbox 137 3213 232 3268; x_wconf 86' lang='lat' dir='ltr'>videns</span> <span class='ocrx_word' id='word_1_293' title='bbox 246 3215 338 3268; x_wconf 76' lang='lat' dir='ltr'>virum</span> <span class='ocrx_word' id='word_1_294' title='bbox 353 3231 435 3270; x_wconf 91' lang='lat' dir='ltr'>suum</span> <span class='ocrx_word' id='word_1_295' title='bbox 447 3216 628 3271; x_wconf 75' lang='lat' dir='ltr'>fluctuantem</span> <span class='ocrx_word' id='word_1_296' title='bbox 642 3218 770 3285; x_wconf 90' lang='lat' dir='ltr'>nimium,</span> <span class='ocrx_word' id='word_1_297' title='bbox 782 3218 939 3272; x_wconf 88' lang='lat' dir='ltr'>multamet</span> <span class='ocrx_word' id='word_1_298' title='bbox 979 3214 1048 3268; x_wconf 90' lang='lat' dir='ltr'>abiit</span> <span class='ocrx_word' id='word_1_299' title='bbox 1062 3216 1092 3269; x_wconf 92' lang='lat' dir='ltr'>in</span> <span class='ocrx_word' id='word_1_300' title='bbox 1107 3218 1310 3271; x_wconf 89' lang='lat' dir='ltr'>monasterium</span> <span class='ocrx_word' id='word_1_301' title='bbox 1326 3234 1388 3272; x_wconf 91' lang='lat' dir='ltr'>eum</span> <span class='ocrx_word' id='word_1_302' title='bbox 1404 3235 1445 3280; x_wconf 90' lang='lat' dir='ltr'>ea,</span> <span class='ocrx_word' id='word_1_303' title='bbox 1459 3219 1488 3272; x_wconf 92' lang='lat' dir='ltr'>in</span> <span class='ocrx_word' id='word_1_304' title='bbox 1509 3235 1564 3289; x_wconf 91' lang='lat' dir='ltr'>quo</span> <span class='ocrx_word' id='word_1_305' title='bbox 1584 3224 1775 3282; x_wconf 77' lang='lat' dir='ltr'>consueverat,</span> 
     </span>
     <span class='ocr_line' id='line_1_30' title="bbox 134 3303 1776 3378; baseline 0.004 -21"><span class='ocrx_word' id='word_1_306' title='bbox 134 3303 196 3375; x_wconf 90' lang='lat' dir='ltr'>ipsa</span> <span class='ocrx_word' id='word_1_307' title='bbox 208 3304 294 3359; x_wconf 88' lang='lat' dir='ltr'>etiam</span> <span class='ocrx_word' id='word_1_308' title='bbox 304 3305 453 3376; x_wconf 86' lang='lat' dir='ltr'>pecuniam</span> <span class='ocrx_word' id='word_1_309' title='bbox 462 3322 581 3376; x_wconf 85' lang='lat' dir='ltr'>erogans</span> <span class='ocrx_word' id='word_1_310' title='bbox 590 3306 760 3378; x_wconf 88' lang='lat' dir='ltr'>pauperibus</span> <span class='ocrx_word' id='word_1_311' title='bbox 772 3312 800 3361; x_wconf 90' lang='lat' dir='ltr'>et</span> <span class='ocrx_word' id='word_1_312' title='bbox 812 3307 938 3361; x_wconf 89' lang='lat' dir='ltr'>inorato-</span> <span class='ocrx_word' id='word_1_313' title='bbox 979 3305 1153 3376; x_wconf 84' lang='lat' dir='ltr'>multamque</span> <span class='ocrx_word' id='word_1_314' title='bbox 1161 3306 1264 3361; x_wconf 80' lang='lat' dir='ltr'>iterum</span> <span class='ocrx_word' id='word_1_315' title='bbox 1274 3308 1422 3378; x_wconf 87' lang='lat' dir='ltr'>pecuniam</span> <span class='ocrx_word' id='word_1_316' title='bbox 1430 3307 1549 3378; x_wconf 80' lang='lat' dir='ltr'>largitus</span> <span class='ocrx_word' id='word_1_317' title='bbox 1556 3313 1600 3362; x_wconf 88' lang='lat' dir='ltr'>est</span> <span class='ocrx_word' id='word_1_318' title='bbox 1610 3308 1647 3362; x_wconf 90' lang='lat' dir='ltr'>ad</span> <span class='ocrx_word' id='word_1_319' title='bbox 1654 3324 1776 3363; x_wconf 78' lang='lat' dir='ltr'>necessa·</span> 
     </span>
     <span class='ocr_line' id='line_1_31' title="bbox 135 3392 1775 3468; baseline 0.004 -22"><span class='ocrx_word' id='word_1_320' title='bbox 135 3392 227 3461; x_wconf 88' lang='lat' dir='ltr'>toriis,</span> <span class='ocrx_word' id='word_1_321' title='bbox 236 3410 354 3465; x_wconf 89' lang='lat' dir='ltr'>poscens</span> <span class='ocrx_word' id='word_1_322' title='bbox 365 3395 520 3466; x_wconf 89' lang='lat' dir='ltr'>adimplere</span> <span class='ocrx_word' id='word_1_323' title='bbox 528 3396 697 3451; x_wconf 87' lang='lat' dir='ltr'>desiderium</span> <span class='ocrx_word' id='word_1_324' title='bbox 706 3395 938 3451; x_wconf 87' lang='lat' dir='ltr'>suum.Similiter</span> <span class='ocrx_word' id='word_1_325' title='bbox 978 3394 1021 3448; x_wconf 85' lang='lat' dir='ltr'>ria</span> <span class='ocrx_word' id='word_1_326' title='bbox 1035 3394 1165 3453; x_wconf 81' lang='lat' dir='ltr'>fratrum.</span> <span class='ocrx_word' id='word_1_327' title='bbox 1180 3397 1310 3468; x_wconf 79' lang='lat' dir='ltr'>Dixitque</span> <span class='ocrx_word' id='word_1_328' title='bbox 1326 3395 1438 3451; x_wconf 91' lang='lat' dir='ltr'>abbati:</span> <span class='ocrx_word' id='word_1_329' title='bbox 1455 3396 1589 3451; x_wconf 83' lang='lat' dir='ltr'>Fructum</span> <span class='ocrx_word' id='word_1_330' title='bbox 1617 3398 1775 3453; x_wconf 85' lang='lat' dir='ltr'>orationum</span> 
     </span>
     <span class='ocr_line' id='line_1_32' title="bbox 135 3484 1774 3558; baseline 0.004 -23"><span class='ocrx_word' id='word_1_331' title='bbox 135 3489 231 3537; x_wconf 88' lang='lat' dir='ltr'>autem</span> <span class='ocrx_word' id='word_1_332' title='bbox 245 3489 274 3538; x_wconf 91' lang='lat' dir='ltr'>et</span> <span class='ocrx_word' id='word_1_333' title='bbox 286 3484 329 3538; x_wconf 83' lang='lat' dir='ltr'>vir</span> <span class='ocrx_word' id='word_1_334' title='bbox 343 3485 404 3554; x_wconf 86' lang='lat' dir='ltr'>ejus</span> <span class='ocrx_word' id='word_1_335' title='bbox 418 3485 556 3540; x_wconf 83' lang='lat' dir='ltr'>circuiens</span> <span class='ocrx_word' id='word_1_336' title='bbox 576 3485 718 3558; x_wconf 85' lang='lat' dir='ltr'>quaerebat</span> <span class='ocrx_word' id='word_1_337' title='bbox 736 3485 862 3539; x_wconf 86' lang='lat' dir='ltr'>invenire</span> <span class='ocrx_word' id='word_1_338' title='bbox 882 3484 935 3539; x_wconf 90' lang='lat' dir='ltr'>ali-</span> <span class='ocrx_word' id='word_1_339' title='bbox 978 3489 1092 3539; x_wconf 88' lang='lat' dir='ltr'>tuarum</span> <span class='ocrx_word' id='word_1_340' title='bbox 1107 3485 1210 3540; x_wconf 87' lang='lat' dir='ltr'>adduxi</span> <span class='ocrx_word' id='word_1_341' title='bbox 1224 3485 1286 3552; x_wconf 85' lang='lat' dir='ltr'>tibi,</span> <span class='ocrx_word' id='word_1_342' title='bbox 1308 3491 1339 3540; x_wconf 89' lang='lat' dir='ltr'>at</span> <span class='ocrx_word' id='word_1_343' title='bbox 1354 3501 1418 3540; x_wconf 88' lang='lat' dir='ltr'>ores</span> <span class='ocrx_word' id='word_1_344' title='bbox 1433 3502 1483 3556; x_wconf 93' lang='lat' dir='ltr'>pro</span> <span class='ocrx_word' id='word_1_345' title='bbox 1499 3502 1534 3540; x_wconf 87' lang='lat' dir='ltr'>ea</span> <span class='ocrx_word' id='word_1_346' title='bbox 1546 3504 1552 3552; x_wconf 94' lang='grc'><strong>;</strong></span> <span class='ocrx_word' id='word_1_347' title='bbox 1566 3487 1635 3557; x_wconf 89' lang='lat' dir='ltr'>quia</span> <span class='ocrx_word' id='word_1_348' title='bbox 1653 3487 1716 3557; x_wconf 77' lang='lat' dir='ltr'>J&#39;am</span> <span class='ocrx_word' id='word_1_349' title='bbox 1743 3485 1774 3540; x_wconf 83' lang='lat' dir='ltr'>ad</span> 
     </span>
     <span class='ocr_line' id='line_1_33' title="bbox 135 3552 1773 3646; baseline 0.003 -21"><span class='ocrx_word' id='word_1_350' title='bbox 135 3588 219 3642; x_wconf 79' lang='lat' dir='ltr'>quam</span> <span class='ocrx_word' id='word_1_351' title='bbox 226 3572 370 3628; x_wconf 87' lang='lat' dir='ltr'>hominem</span> <span class='ocrx_word' id='word_1_352' title='bbox 379 3573 572 3644; x_wconf 78' lang='lat' dir='ltr'>dignunrDeo,</span> <span class='ocrx_word' id='word_1_353' title='bbox 583 3574 866 3646; x_wconf 89' lang='lat' dir='ltr'>quipossetpreeibus</span> <span class='ocrx_word' id='word_1_354' title='bbox 877 3552 967 3630; x_wconf 80' lang='lat' dir='ltr'>suisC</span> <span class='ocrx_word' id='word_1_355' title='bbox 978 3575 1091 3644; x_wconf 81' lang='lat' dir='ltr'>nuptias</span> <span class='ocrx_word' id='word_1_356' title='bbox 1104 3591 1166 3629; x_wconf 87' lang='lat' dir='ltr'>eam</span> <span class='ocrx_word' id='word_1_357' title='bbox 1177 3575 1289 3629; x_wconf 88' lang='lat' dir='ltr'>tradere</span> <span class='ocrx_word' id='word_1_358' title='bbox 1304 3576 1375 3630; x_wconf 83' lang='lat' dir='ltr'>volo.</span> <span class='ocrx_word' id='word_1_359' title='bbox 1392 3575 1480 3629; x_wconf 88' lang='lat' dir='ltr'>Jussit</span> <span class='ocrx_word' id='word_1_360' title='bbox 1494 3581 1590 3630; x_wconf 85' lang='lat' dir='ltr'>antem</span> <span class='ocrx_word' id='word_1_361' title='bbox 1605 3573 1694 3630; x_wconf 85' lang='lat' dir='ltr'>abbas</span> <span class='ocrx_word' id='word_1_362' title='bbox 1717 3590 1773 3631; x_wconf 88' lang='lat' dir='ltr'>eam</span> 
     </span>
     <span class='ocr_line' id='line_1_34' title="bbox 134 3661 1774 3738; baseline 0.004 -24"><span class='ocrx_word' id='word_1_363' title='bbox 134 3661 264 3717; x_wconf 78' lang='lat' dir='ltr'>effectum</span> <span class='ocrx_word' id='word_1_364' title='bbox 274 3662 407 3716; x_wconf 88' lang='lat' dir='ltr'>desiderii</span> <span class='ocrx_word' id='word_1_365' title='bbox 420 3664 721 3735; x_wconf 85' lang='lat' dir='ltr'>ejusperficere.Etita</span> <span class='ocrx_word' id='word_1_366' title='bbox 731 3663 936 3735; x_wconf 85' lang='lat' dir='ltr'>perambulavit</span> <span class='ocrx_word' id='word_1_367' title='bbox 975 3664 1115 3719; x_wconf 88' lang='lat' dir='ltr'>introduci</span> <span class='ocrx_word' id='word_1_368' title='bbox 1128 3665 1158 3718; x_wconf 92' lang='lat' dir='ltr'>in</span> <span class='ocrx_word' id='word_1_369' title='bbox 1172 3664 1344 3719; x_wconf 85' lang='lat' dir='ltr'>xenodochia</span> <span class='ocrx_word' id='word_1_370' title='bbox 1363 3664 1537 3732; x_wconf 83' lang='lat' dir='ltr'>monasterii,</span> <span class='ocrx_word' id='word_1_371' title='bbox 1552 3665 1722 3738; x_wconf 86' lang='lat' dir='ltr'>locutusque</span> <span class='ocrx_word' id='word_1_372' title='bbox 1736 3668 1774 3720; x_wconf 86' lang='lat' dir='ltr'>est</span> 
     </span>
     <span class='ocr_line' id='line_1_35' title="bbox 133 3750 1773 3826; baseline 0.004 -22"><span class='ocrx_word' id='word_1_373' title='bbox 133 3750 163 3805; x_wconf 90' lang='lat' dir='ltr'>in</span> <span class='ocrx_word' id='word_1_374' title='bbox 178 3754 359 3821; x_wconf 82' lang='lat' dir='ltr'>monasterio,</span> <span class='ocrx_word' id='word_1_375' title='bbox 376 3755 405 3808; x_wconf 92' lang='lat' dir='ltr'>in</span> <span class='ocrx_word' id='word_1_376' title='bbox 425 3772 479 3826; x_wconf 91' lang='lat' dir='ltr'>quo</span> <span class='ocrx_word' id='word_1_377' title='bbox 495 3754 622 3824; x_wconf 88' lang='lat' dir='ltr'>ejusdem</span> <span class='ocrx_word' id='word_1_378' title='bbox 647 3753 810 3809; x_wconf 88' lang='lat' dir='ltr'>monasterii</span> <span class='ocrx_word' id='word_1_379' title='bbox 826 3761 935 3826; x_wconf 90' lang='lat' dir='ltr'>patrem</span> <span class='ocrx_word' id='word_1_380' title='bbox 976 3769 1040 3808; x_wconf 87' lang='lat' dir='ltr'>cum</span> <span class='ocrx_word' id='word_1_381' title='bbox 1055 3771 1098 3823; x_wconf 85' lang='lat' dir='ltr'>ea,</span> <span class='ocrx_word' id='word_1_382' title='bbox 1114 3760 1143 3810; x_wconf 89' lang='lat' dir='ltr'>et</span> <span class='ocrx_word' id='word_1_383' title='bbox 1156 3754 1324 3810; x_wconf 90' lang='lat' dir='ltr'>benedicens</span> <span class='ocrx_word' id='word_1_384' title='bbox 1339 3756 1501 3809; x_wconf 83' lang='lat' dir='ltr'>exhortatus</span> <span class='ocrx_word' id='word_1_385' title='bbox 1513 3761 1556 3809; x_wconf 87' lang='lat' dir='ltr'>est</span> <span class='ocrx_word' id='word_1_386' title='bbox 1568 3771 1635 3809; x_wconf 64' lang='lat' dir='ltr'>mm</span> <span class='ocrx_word' id='word_1_387' title='bbox 1648 3755 1686 3809; x_wconf 87' lang='lat' dir='ltr'>de</span> <span class='ocrx_word' id='word_1_388' title='bbox 1698 3753 1773 3810; x_wconf 82' lang='lat' dir='ltr'>easti-</span> 
     </span>
     <span class='ocr_line' id='line_1_36' title="bbox 135 3841 1774 3915; baseline 0.003 -22"><span class='ocrx_word' id='word_1_389' title='bbox 135 3856 269 3910; x_wconf 80' lang='lat' dir='ltr'>magnum</span> <span class='ocrx_word' id='word_1_390' title='bbox 283 3841 414 3897; x_wconf 87' lang='lat' dir='ltr'>dicebant</span> <span class='ocrx_word' id='word_1_391' title='bbox 427 3844 502 3914; x_wconf 90' lang='lat' dir='ltr'>apud</span> <span class='ocrx_word' id='word_1_392' title='bbox 511 3843 733 3914; x_wconf 80' lang='lat' dir='ltr'>Deumlllicque</span> <span class='ocrx_word' id='word_1_393' title='bbox 742 3845 894 3914; x_wconf 82' lang='lat' dir='ltr'>ingressus,</span> <span class='ocrx_word' id='word_1_394' title='bbox 906 3847 935 3898; x_wconf 90' lang='lat' dir='ltr'>et</span> <span class='ocrx_word' id='word_1_395' title='bbox 975 3848 1043 3910; x_wconf 87' lang='lat' dir='ltr'>tate,</span> <span class='ocrx_word' id='word_1_396' title='bbox 1059 3850 1087 3898; x_wconf 89' lang='lat' dir='ltr'>et</span> <span class='ocrx_word' id='word_1_397' title='bbox 1100 3844 1270 3910; x_wconf 82' lang='lat' dir='ltr'>humilitate,</span> <span class='ocrx_word' id='word_1_398' title='bbox 1285 3851 1314 3899; x_wconf 91' lang='lat' dir='ltr'>et</span> <span class='ocrx_word' id='word_1_399' title='bbox 1328 3844 1465 3915; x_wconf 88' lang='lat' dir='ltr'>patientia</span> <span class='ocrx_word' id='word_1_400' title='bbox 1474 3844 1586 3898; x_wconf 82' lang='lat' dir='ltr'>timoris</span> <span class='ocrx_word' id='word_1_401' title='bbox 1596 3844 1728 3899; x_wconf 89' lang='lat' dir='ltr'>Domini:</span> <span class='ocrx_word' id='word_1_402' title='bbox 1739 3843 1774 3898; x_wconf 82' lang='lat' dir='ltr'>la·</span> 
     </span>
     <span class='ocr_line' id='line_1_37' title="bbox 134 3929 1772 4006; baseline 0.004 -24"><span class='ocrx_word' id='word_1_403' title='bbox 134 3929 254 3983; x_wconf 87' lang='lat' dir='ltr'>multam</span> <span class='ocrx_word' id='word_1_404' title='bbox 267 3932 415 4002; x_wconf 88' lang='lat' dir='ltr'>pecaniam</span> <span class='ocrx_word' id='word_1_405' title='bbox 426 3932 554 3996; x_wconf 82' lang='lat' dir='ltr'>offerens,</span> <span class='ocrx_word' id='word_1_406' title='bbox 567 3933 686 3987; x_wconf 89' lang='lat' dir='ltr'>multam</span> <span class='ocrx_word' id='word_1_407' title='bbox 701 3933 786 3988; x_wconf 89' lang='lat' dir='ltr'>etiam</span> <span class='ocrx_word' id='word_1_408' title='bbox 802 3933 934 3987; x_wconf 84' lang='lat' dir='ltr'>fiduciam</span> <span class='ocrx_word' id='word_1_409' title='bbox 974 3933 1049 3987; x_wconf 89' lang='lat' dir='ltr'>ciens</span> <span class='ocrx_word' id='word_1_410' title='bbox 1063 3932 1102 3987; x_wconf 92' lang='lat' dir='ltr'>ibi</span> <span class='ocrx_word' id='word_1_411' title='bbox 1116 3938 1174 3988; x_wconf 89' lang='lat' dir='ltr'>tres</span> <span class='ocrx_word' id='word_1_412' title='bbox 1188 3933 1258 4003; x_wconf 88' lang='lat' dir='ltr'>dies,</span> <span class='ocrx_word' id='word_1_413' title='bbox 1273 3950 1370 3988; x_wconf 90' lang='lat' dir='ltr'>aurem</span> <span class='ocrx_word' id='word_1_414' title='bbox 1382 3933 1502 4005; x_wconf 89' lang='lat' dir='ltr'>ponebat</span> <span class='ocrx_word' id='word_1_415' title='bbox 1515 3933 1642 4004; x_wconf 90' lang='lat' dir='ltr'>quotidie</span> <span class='ocrx_word' id='word_1_416' title='bbox 1655 3933 1694 3989; x_wconf 87' lang='lat' dir='ltr'>ad</span> <span class='ocrx_word' id='word_1_417' title='bbox 1703 3932 1772 4006; x_wconf 78' lang='lat' dir='ltr'>psal·</span> 
     </span>
     <span class='ocr_line' id='line_1_38' title="bbox 133 4018 1772 4094; baseline 0.003 -21"><span class='ocrx_word' id='word_1_418' title='bbox 133 4018 168 4073; x_wconf 88' lang='lat' dir='ltr'>ab</span> <span class='ocrx_word' id='word_1_419' title='bbox 178 4019 278 4075; x_wconf 88' lang='lat' dir='ltr'>abbate</span> <span class='ocrx_word' id='word_1_420' title='bbox 293 4026 323 4076; x_wconf 90' lang='lat' dir='ltr'>et</span> <span class='ocrx_word' id='word_1_421' title='bbox 336 4021 472 4077; x_wconf 86' lang='lat' dir='ltr'>universis</span> <span class='ocrx_word' id='word_1_422' title='bbox 485 4022 618 4077; x_wconf 84' lang='lat' dir='ltr'>fratribus</span> <span class='ocrx_word' id='word_1_423' title='bbox 626 4028 791 4079; x_wconf 90' lang='lat' dir='ltr'>consecutus</span> <span class='ocrx_word' id='word_1_424' title='bbox 802 4029 853 4078; x_wconf 68' lang='lat' dir='ltr'>est,</span> <span class='ocrx_word' id='word_1_425' title='bbox 974 4039 1044 4089; x_wconf 79' lang='lat' dir='ltr'>moe,</span> <span class='ocrx_word' id='word_1_426' title='bbox 1063 4029 1091 4077; x_wconf 87' lang='lat' dir='ltr'>ct</span> <span class='ocrx_word' id='word_1_427' title='bbox 1104 4023 1200 4077; x_wconf 81' lang='lat' dir='ltr'>ridens</span> <span class='ocrx_word' id='word_1_428' title='bbox 1215 4023 1390 4093; x_wconf 81' lang='lat' dir='ltr'>singulorum</span> <span class='ocrx_word' id='word_1_429' title='bbox 1403 4022 1646 4078; x_wconf 82' lang='lat' dir='ltr'>conversationem</span> <span class='ocrx_word' id='word_1_430' title='bbox 1657 4020 1772 4094; x_wconf 82' lang='lat' dir='ltr'>etspiti·</span> 
     </span>
    </p>

    <p class='ocr_par' dir='ltr' id='par_1_10' title="bbox 128 4110 1772 5169">
     <span class='ocr_line' id='line_1_39' title="bbox 167 4110 1769 4184; baseline -0.001 -20"><span class='ocrx_word' id='word_1_431' title='bbox 167 4110 233 4164; x_wconf 72' lang='lat' dir='ltr'>Car,</span> <span class='ocrx_word' id='word_1_432' title='bbox 250 4112 286 4166; x_wconf 91' lang='lat' dir='ltr'>ll.</span> <span class='ocrx_word' id='word_1_433' title='bbox 306 4139 333 4149; x_wconf 93' lang='lat'><em>-</em></span> <span class='ocrx_word' id='word_1_434' title='bbox 346 4112 414 4166; x_wconf 90' lang='lat' dir='ltr'>Post</span> <span class='ocrx_word' id='word_1_435' title='bbox 427 4111 549 4167; x_wconf 88' lang='lat' dir='ltr'>multum</span> <span class='ocrx_word' id='word_1_436' title='bbox 564 4130 628 4168; x_wconf 79' lang='lat' dir='ltr'>sero</span> <span class='ocrx_word' id='word_1_437' title='bbox 643 4114 779 4184; x_wconf 88' lang='lat' dir='ltr'>temporis</span> <span class='ocrx_word' id='word_1_438' title='bbox 799 4112 934 4167; x_wconf 85' lang='lat' dir='ltr'>indicavit</span> <span class='ocrx_word' id='word_1_439' title='bbox 973 4110 1050 4167; x_wconf 84' lang='lat' dir='ltr'>tuate</span> <span class='ocrx_word' id='word_1_440' title='bbox 1062 4110 1248 4183; x_wconf 87' lang='lat' dir='ltr'>propositum,</span> <span class='ocrx_word' id='word_1_441' title='bbox 1264 4112 1422 4167; x_wconf 87' lang='lat' dir='ltr'>mirabatur</span> <span class='ocrx_word' id='word_1_442' title='bbox 1435 4128 1533 4166; x_wconf 88' lang='lat' dir='ltr'>eorum</span> <span class='ocrx_word' id='word_1_443' title='bbox 1547 4111 1645 4178; x_wconf 85' lang='lat' dir='ltr'>vitam,</span> <span class='ocrx_word' id='word_1_444' title='bbox 1665 4112 1769 4167; x_wconf 75' lang='lat' dir='ltr'>dicens:</span> 
     </span>
     <span class='ocr_line' id='line_1_40' title="bbox 131 4198 1772 4276; baseline 0.001 -23"><span class='ocrx_word' id='word_1_445' title='bbox 131 4198 225 4254; x_wconf 90' lang='lat' dir='ltr'>abbati</span> <span class='ocrx_word' id='word_1_446' title='bbox 234 4216 348 4255; x_wconf 89' lang='lat' dir='ltr'>causam</span> <span class='ocrx_word' id='word_1_447' title='bbox 359 4202 491 4257; x_wconf 90' lang='lat' dir='ltr'>desiderii</span> <span class='ocrx_word' id='word_1_448' title='bbox 501 4203 563 4257; x_wconf 89' lang='lat' dir='ltr'>sui:</span> <span class='ocrx_word' id='word_1_449' title='bbox 582 4204 629 4274; x_wconf 92' lang='lat' dir='ltr'>qui</span> <span class='ocrx_word' id='word_1_450' title='bbox 640 4203 812 4276; x_wconf 89' lang='lat' dir='ltr'>compatiens</span> <span class='ocrx_word' id='word_1_451' title='bbox 827 4202 933 4273; x_wconf 87' lang='lat' dir='ltr'>illi,po-</span> <span class='ocrx_word' id='word_1_452' title='bbox 973 4200 1053 4255; x_wconf 88' lang='lat' dir='ltr'>Beati</span> <span class='ocrx_word' id='word_1_453' title='bbox 1068 4206 1134 4255; x_wconf 89' lang='lat' dir='ltr'>sunt</span> <span class='ocrx_word' id='word_1_454' title='bbox 1146 4200 1199 4255; x_wconf 83' lang='lat' dir='ltr'>vin&#39;</span> <span class='ocrx_word' id='word_1_455' title='bbox 1209 4201 1267 4269; x_wconf 89' lang='lat' dir='ltr'>isti,</span> <span class='ocrx_word' id='word_1_456' title='bbox 1284 4201 1332 4271; x_wconf 87' lang='lat' dir='ltr'>qui</span> <span class='ocrx_word' id='word_1_457' title='bbox 1347 4201 1416 4255; x_wconf 90' lang='lat' dir='ltr'>etin</span> <span class='ocrx_word' id='word_1_458' title='bbox 1435 4201 1488 4256; x_wconf 91' lang='lat' dir='ltr'>hoc</span> <span class='ocrx_word' id='word_1_459' title='bbox 1497 4200 1599 4255; x_wconf 73' lang='lat' dir='ltr'>saeculo</span> <span class='ocrx_word' id='word_1_460' title='bbox 1612 4201 1772 4256; x_wconf 84' lang='lat' dir='ltr'>similesan·</span> 
     </span>
     <span class='ocr_line' id='line_1_41' title="bbox 131 4289 1771 4362; baseline 0.001 -18"><span class='ocrx_word' id='word_1_461' title='bbox 131 4289 246 4345; x_wconf 89' lang='lat' dir='ltr'>stulavit</span> <span class='ocrx_word' id='word_1_462' title='bbox 259 4307 276 4344; x_wconf 94' lang='lat' dir='ltr'>a</span> <span class='ocrx_word' id='word_1_463' title='bbox 291 4291 411 4346; x_wconf 90' lang='lat' dir='ltr'>Domino</span> <span class='ocrx_word' id='word_1_464' title='bbox 421 4291 483 4346; x_wconf 90' lang='lat' dir='ltr'>dari</span> <span class='ocrx_word' id='word_1_465' title='bbox 492 4293 533 4346; x_wconf 91' lang='lat' dir='ltr'>illi</span> <span class='ocrx_word' id='word_1_466' title='bbox 541 4293 661 4347; x_wconf 87' lang='lat' dir='ltr'>fructum</span> <span class='ocrx_word' id='word_1_467' title='bbox 670 4293 787 4359; x_wconf 57' lang='lat' dir='ltr'>contria</span> <span class='ocrx_word' id='word_1_468' title='bbox 801 4299 830 4346; x_wconf 89' lang='lat' dir='ltr'>et</span> <span class='ocrx_word' id='word_1_469' title='bbox 839 4291 933 4346; x_wconf 88' lang='lat' dir='ltr'>ambo·</span> <span class='ocrx_word' id='word_1_470' title='bbox 972 4290 1052 4360; x_wconf 81' lang='lat' dir='ltr'>gelis,</span> <span class='ocrx_word' id='word_1_471' title='bbox 1070 4296 1173 4362; x_wconf 89' lang='lat' dir='ltr'>etpost</span> <span class='ocrx_word' id='word_1_472' title='bbox 1187 4291 1245 4346; x_wconf 87' lang='lat' dir='ltr'>haee</span> <span class='ocrx_word' id='word_1_473' title='bbox 1259 4291 1345 4345; x_wconf 88' lang='lat' dir='ltr'>vitam</span> <span class='ocrx_word' id='word_1_474' title='bbox 1359 4295 1493 4345; x_wconf 72' lang='lat' dir='ltr'>retensum</span> <span class='ocrx_word' id='word_1_475' title='bbox 1506 4297 1731 4362; x_wconf 87' lang='lat' dir='ltr'>consequuntur.</span> <span class='ocrx_word' id='word_1_476' title='bbox 1742 4289 1771 4345; x_wconf 77' lang='lat' dir='ltr'>lit</span> 
     </span>
     <span class='ocr_line' id='line_1_42' title="bbox 131 4379 1739 4455; baseline 0 -22"><span class='ocrx_word' id='word_1_477' title='bbox 131 4396 194 4435; x_wconf 88' lang='lat' dir='ltr'>rum</span> <span class='ocrx_word' id='word_1_478' title='bbox 210 4380 351 4436; x_wconf 89' lang='lat' dir='ltr'>orationes</span> <span class='ocrx_word' id='word_1_479' title='bbox 365 4383 516 4438; x_wconf 86' lang='lat' dir='ltr'>exaudiens</span> <span class='ocrx_word' id='word_1_480' title='bbox 530 4384 614 4450; x_wconf 87' lang='lat' dir='ltr'>Deus,</span> <span class='ocrx_word' id='word_1_481' title='bbox 631 4384 751 4455; x_wconf 82' lang='lat' dir='ltr'>largitur</span> <span class='ocrx_word' id='word_1_482' title='bbox 765 4384 878 4439; x_wconf 86' lang='lat' dir='ltr'>unicam</span> <span class='ocrx_word' id='word_1_483' title='bbox 898 4382 931 4435; x_wconf 85' lang='lat' dir='ltr'>h·</span> <span class='ocrx_word' id='word_1_484' title='bbox 973 4381 1057 4451; x_wconf 76' lang='lat' dir='ltr'>coepit</span> <span class='ocrx_word' id='word_1_485' title='bbox 1070 4397 1118 4435; x_wconf 87' lang='lat' dir='ltr'>cor</span> <span class='ocrx_word' id='word_1_486' title='bbox 1130 4382 1192 4451; x_wconf 87' lang='lat' dir='ltr'>ejus</span> <span class='ocrx_word' id='word_1_487' title='bbox 1204 4398 1265 4435; x_wconf 90' lang='lat' dir='ltr'>esse</span> <span class='ocrx_word' id='word_1_488' title='bbox 1275 4379 1424 4435; x_wconf 89' lang='lat' dir='ltr'>sollicitum</span> <span class='ocrx_word' id='word_1_489' title='bbox 1439 4380 1467 4433; x_wconf 90' lang='lat' dir='ltr'>in</span> <span class='ocrx_word' id='word_1_490' title='bbox 1479 4379 1537 4434; x_wconf 87' lang='lat' dir='ltr'>zelo</span> <span class='ocrx_word' id='word_1_491' title='bbox 1550 4379 1665 4434; x_wconf 88' lang='lat' dir='ltr'>timoris</span> <span class='ocrx_word' id='word_1_492' title='bbox 1678 4379 1739 4436; x_wconf 89' lang='lat' dir='ltr'>Dei.</span> 
     </span>
     <span class='ocr_line' id='line_1_43' title="bbox 130 4468 1769 4542; baseline 0.001 -20"><span class='ocrx_word' id='word_1_493' title='bbox 130 4468 208 4523; x_wconf 83' lang='lat' dir='ltr'>liam.</span> <span class='ocrx_word' id='word_1_494' title='bbox 223 4469 328 4525; x_wconf 82' lang='lat' dir='ltr'>Videns</span> <span class='ocrx_word' id='word_1_495' title='bbox 341 4476 436 4526; x_wconf 89' lang='lat' dir='ltr'>autem</span> <span class='ocrx_word' id='word_1_496' title='bbox 450 4471 626 4542; x_wconf 89' lang='lat' dir='ltr'>Paphnutius</span> <span class='ocrx_word' id='word_1_497' title='bbox 633 4469 933 4529; x_wconf 80' lang='lat' dir='ltr'>abbatisconversatio·</span> <span class='ocrx_word' id='word_1_498' title='bbox 1009 4470 1073 4524; x_wconf 79' lang='lat' dir='ltr'>Cir.</span> <span class='ocrx_word' id='word_1_499' title='bbox 1088 4469 1122 4522; x_wconf 85' lang='lat' dir='ltr'>V.</span> <span class='ocrx_word' id='word_1_500' title='bbox 1143 4496 1175 4508; x_wconf 89' lang='lat'>-</span> <span class='ocrx_word' id='word_1_501' title='bbox 1189 4470 1256 4523; x_wconf 89' lang='lat' dir='ltr'>Post</span> <span class='ocrx_word' id='word_1_502' title='bbox 1264 4474 1323 4523; x_wconf 87' lang='lat' dir='ltr'>tres</span> <span class='ocrx_word' id='word_1_503' title='bbox 1333 4475 1428 4524; x_wconf 87' lang='lat' dir='ltr'>autem</span> <span class='ocrx_word' id='word_1_504' title='bbox 1443 4469 1503 4524; x_wconf 89' lang='lat' dir='ltr'>dies</span> <span class='ocrx_word' id='word_1_505' title='bbox 1512 4469 1583 4523; x_wconf 77' lang='lat' dir='ltr'>dixit</span> <span class='ocrx_word' id='word_1_506' title='bbox 1598 4468 1769 4540; x_wconf 73' lang='lat' dir='ltr'>Paphnutius</span> 
     </span>
     <span class='ocr_line' id='line_1_44' title="bbox 130 4558 1767 4630; baseline 0.007 -18"><span class='ocrx_word' id='word_1_507' title='bbox 130 4574 205 4626; x_wconf 90' lang='lat' dir='ltr'>nem,</span> <span class='ocrx_word' id='word_1_508' title='bbox 224 4574 369 4630; x_wconf 88' lang='lat' dir='ltr'>nunquam</span> <span class='ocrx_word' id='word_1_509' title='bbox 389 4577 407 4614; x_wconf 89' lang='lat' dir='ltr'>a</span> <span class='ocrx_word' id='word_1_510' title='bbox 426 4561 597 4615; x_wconf 85' lang='lat' dir='ltr'>monasterio</span> <span class='ocrx_word' id='word_1_511' title='bbox 625 4563 781 4619; x_wconf 88' lang='lat' dir='ltr'>recedebat.</span> <span class='ocrx_word' id='word_1_512' title='bbox 806 4564 885 4618; x_wconf 88' lang='lat' dir='ltr'>Unde</span> <span class='ocrx_word' id='word_1_513' title='bbox 904 4572 933 4621; x_wconf 90' lang='lat' dir='ltr'>et</span> <span class='ocrx_word' id='word_1_514' title='bbox 973 4558 1008 4612; x_wconf 78' lang='lat' dir='ltr'>ssd</span> <span class='ocrx_word' id='word_1_515' title='bbox 1023 4558 1169 4612; x_wconf 66' lang='lat' dir='ltr'>abbatem:</span> <span class='ocrx_word' id='word_1_516' title='bbox 1187 4559 1268 4625; x_wconf 66' lang='lat' dir='ltr'>Veni,</span> <span class='ocrx_word' id='word_1_517' title='bbox 1285 4559 1378 4626; x_wconf 58' lang='lat' dir='ltr'>Pater,</span> <span class='ocrx_word' id='word_1_518' title='bbox 1394 4558 1767 4624; x_wconf 60' lang='lat' dir='ltr'>utfflluieiteasscfflffls</span> 
     </span>
     <span class='ocr_line' id='line_1_45' title="bbox 129 4647 1768 4720; baseline -0.001 -18"><span class='ocrx_word' id='word_1_519' title='bbox 129 4649 278 4720; x_wconf 82' lang='lat' dir='ltr'>conjugem</span> <span class='ocrx_word' id='word_1_520' title='bbox 292 4666 374 4704; x_wconf 89' lang='lat' dir='ltr'>suam</span> <span class='ocrx_word' id='word_1_521' title='bbox 384 4649 551 4718; x_wconf 86' lang='lat' dir='ltr'>introduxit,</span> <span class='ocrx_word' id='word_1_522' title='bbox 568 4656 601 4704; x_wconf 92' lang='lat' dir='ltr'>ut</span> <span class='ocrx_word' id='word_1_523' title='bbox 616 4650 869 4708; x_wconf 88' lang='lat' dir='ltr'>benedicereturab</span> <span class='ocrx_word' id='word_1_524' title='bbox 881 4655 931 4709; x_wconf 91' lang='lat' dir='ltr'>ab·</span> <span class='ocrx_word' id='word_1_525' title='bbox 973 4653 1002 4703; x_wconf 89' lang='lat' dir='ltr'>et</span> <span class='ocrx_word' id='word_1_526' title='bbox 1012 4664 1061 4702; x_wconf 93' lang='lat' dir='ltr'>ora</span> <span class='ocrx_word' id='word_1_527' title='bbox 1075 4664 1125 4719; x_wconf 90' lang='lat' dir='ltr'>pro</span> <span class='ocrx_word' id='word_1_528' title='bbox 1141 4665 1184 4715; x_wconf 85' lang='lat' dir='ltr'>ea,</span> <span class='ocrx_word' id='word_1_529' title='bbox 1202 4648 1268 4719; x_wconf 89' lang='lat' dir='ltr'>quia</span> <span class='ocrx_word' id='word_1_530' title='bbox 1281 4648 1427 4703; x_wconf 86' lang='lat' dir='ltr'>ambulare</span> <span class='ocrx_word' id='word_1_531' title='bbox 1440 4648 1569 4702; x_wconf 88' lang='lat' dir='ltr'>volumus</span> <span class='ocrx_word' id='word_1_532' title='bbox 1579 4647 1610 4702; x_wconf 94' lang='lat' dir='ltr'>in</span> <span class='ocrx_word' id='word_1_533' title='bbox 1619 4647 1768 4703; x_wconf 81' lang='lat' dir='ltr'>civitatem</span> 
     </span>
     <span class='ocr_line' id='line_1_46' title="bbox 128 4735 1769 4810; baseline 0.001 -19"><span class='ocrx_word' id='word_1_534' title='bbox 128 4735 194 4792; x_wconf 85' lang='lat' dir='ltr'>bate</span> <span class='ocrx_word' id='word_1_535' title='bbox 204 4743 233 4792; x_wconf 88' lang='lat' dir='ltr'>et</span> <span class='ocrx_word' id='word_1_536' title='bbox 244 4738 530 4794; x_wconf 81' lang='lat' dir='ltr'>asrah·ibus.&#39;l’ollens</span> <span class='ocrx_word' id='word_1_537' title='bbox 541 4746 636 4795; x_wconf 87' lang='lat' dir='ltr'>autem</span> <span class='ocrx_word' id='word_1_538' title='bbox 646 4741 811 4796; x_wconf 86' lang='lat' dir='ltr'>infantulam</span> <span class='ocrx_word' id='word_1_539' title='bbox 823 4743 928 4810; x_wconf 87' lang='lat' dir='ltr'>alacte,</span> <span class='ocrx_word' id='word_1_540' title='bbox 973 4738 1043 4791; x_wconf 81' lang='lat' dir='ltr'>Cum</span> <span class='ocrx_word' id='word_1_541' title='bbox 1059 4744 1154 4792; x_wconf 74' lang='lat' dir='ltr'>autem</span> <span class='ocrx_word' id='word_1_542' title='bbox 1168 4736 1392 4804; x_wconf 82' lang='lat' dir='ltr'>venissetabbas,</span> <span class='ocrx_word' id='word_1_543' title='bbox 1402 4737 1519 4809; x_wconf 85' lang='lat' dir='ltr'>projecit</span> <span class='ocrx_word' id='word_1_544' title='bbox 1528 4754 1559 4792; x_wconf 90' lang='lat' dir='ltr'>se</span> <span class='ocrx_word' id='word_1_545' title='bbox 1576 4737 1676 4810; x_wconf 88' lang='lat' dir='ltr'>puella</span> <span class='ocrx_word' id='word_1_546' title='bbox 1689 4737 1769 4808; x_wconf 69' lang='lat' dir='ltr'>adpe</span> 
     </span>
     <span class='ocr_line' id='line_1_47' title="bbox 130 4825 1770 4901; baseline 0.007 -23"><span class='ocrx_word' id='word_1_547' title='bbox 130 4825 239 4881; x_wconf 80' lang='lat' dir='ltr'>attacta</span> <span class='ocrx_word' id='word_1_548' title='bbox 249 4834 501 4901; x_wconf 89' lang='lat' dir='ltr'>annorumseptem</span> <span class='ocrx_word' id='word_1_549' title='bbox 511 4828 653 4901; x_wconf 87' lang='lat' dir='ltr'>baptizata</span> <span class='ocrx_word' id='word_1_550' title='bbox 663 4837 713 4891; x_wconf 88' lang='lat' dir='ltr'>est,</span> <span class='ocrx_word' id='word_1_551' title='bbox 725 4831 932 4901; x_wconf 90' lang='lat' dir='ltr'>imposuerunt·</span> <span class='ocrx_word' id='word_1_552' title='bbox 972 4827 1021 4881; x_wconf 74' lang='lat' dir='ltr'>des</span> <span class='ocrx_word' id='word_1_553' title='bbox 1034 4828 1104 4897; x_wconf 70' lang='lat' dir='ltr'>tius,</span> <span class='ocrx_word' id='word_1_554' title='bbox 1122 4827 1237 4882; x_wconf 69' lang='lat' dir='ltr'>dicens:</span> <span class='ocrx_word' id='word_1_555' title='bbox 1253 4826 1419 4893; x_wconf 72' lang='lat' dir='ltr'>Obsecmte,</span> <span class='ocrx_word' id='word_1_556' title='bbox 1435 4827 1528 4893; x_wconf 68' lang='lat' dir='ltr'>Pater,</span> <span class='ocrx_word' id='word_1_557' title='bbox 1544 4842 1597 4882; x_wconf 69' lang='lat' dir='ltr'>om</span> <span class='ocrx_word' id='word_1_558' title='bbox 1611 4843 1727 4898; x_wconf 71' lang='lat' dir='ltr'>prome,</span> <span class='ocrx_word' id='word_1_559' title='bbox 1741 4828 1770 4881; x_wconf 55' lang='grc' dir='ltr'>ὓ*</span> 
     </span>
     <span class='ocr_line' id='line_1_48' title="bbox 131 4913 1768 4992; baseline 0.002 -24"><span class='ocrx_word' id='word_1_560' title='bbox 131 4929 185 4984; x_wconf 92' lang='lat' dir='ltr'>que</span> <span class='ocrx_word' id='word_1_561' title='bbox 198 4914 239 4969; x_wconf 90' lang='lat' dir='ltr'>illi</span> <span class='ocrx_word' id='word_1_562' title='bbox 253 4933 355 4972; x_wconf 87' lang='lat' dir='ltr'>nomen</span> <span class='ocrx_word' id='word_1_563' title='bbox 369 4920 594 4992; x_wconf 85' lang='lat' dir='ltr'>Euphrosynam.</span> <span class='ocrx_word' id='word_1_564' title='bbox 604 4919 874 4976; x_wconf 89' lang='lat' dir='ltr'>Gaudebantautem</span> <span class='ocrx_word' id='word_1_565' title='bbox 884 4913 1097 4978; x_wconf 86' lang='lat' dir='ltr'>su·Dlucretur</span> <span class='ocrx_word' id='word_1_566' title='bbox 1109 4916 1185 4971; x_wconf 89' lang='lat' dir='ltr'>Deus</span> <span class='ocrx_word' id='word_1_567' title='bbox 1196 4916 1320 4971; x_wconf 90' lang='lat' dir='ltr'>animam</span> <span class='ocrx_word' id='word_1_568' title='bbox 1326 4916 1768 4988; x_wconf 84' lang='lat' dir='ltr'>meam.Extendensquemanum</span> 
     </span>
     <span class='ocr_line' id='line_1_49' title="bbox 130 5002 1769 5081; baseline 0.013 -27"><span class='ocrx_word' id='word_1_569' title='bbox 130 5018 181 5073; x_wconf 87' lang='lat' dir='ltr'>per</span> <span class='ocrx_word' id='word_1_570' title='bbox 197 5003 274 5057; x_wconf 88' lang='lat' dir='ltr'>illam</span> <span class='ocrx_word' id='word_1_571' title='bbox 288 5012 419 5076; x_wconf 88' lang='lat' dir='ltr'>parentes</span> <span class='ocrx_word' id='word_1_572' title='bbox 440 5010 512 5080; x_wconf 90' lang='lat' dir='ltr'>ejus,</span> <span class='ocrx_word' id='word_1_573' title='bbox 524 5010 591 5081; x_wconf 90' lang='lat' dir='ltr'>quia</span> <span class='ocrx_word' id='word_1_574' title='bbox 605 5015 666 5065; x_wconf 89' lang='lat' dir='ltr'>erat</span> <span class='ocrx_word' id='word_1_575' title='bbox 691 5015 805 5081; x_wconf 88' lang='lat' dir='ltr'>accepta</span> <span class='ocrx_word' id='word_1_576' title='bbox 823 5012 881 5066; x_wconf 88' lang='lat' dir='ltr'>Deo</span> <span class='ocrx_word' id='word_1_577' title='bbox 903 5018 931 5068; x_wconf 87' lang='lat' dir='ltr'>et</span> <span class='ocrx_word' id='word_1_578' title='bbox 971 5024 1052 5063; x_wconf 73' lang='lat' dir='ltr'>suam</span> <span class='ocrx_word' id='word_1_579' title='bbox 1067 5007 1208 5062; x_wconf 69' lang='lat' dir='ltr'>benedixit</span> <span class='ocrx_word' id='word_1_580' title='bbox 1227 5023 1299 5071; x_wconf 66' lang='lat' dir='ltr'>eam,</span> <span class='ocrx_word' id='word_1_581' title='bbox 1315 5007 1411 5061; x_wconf 66' lang='lat' dir='ltr'>dicens</span> <span class='ocrx_word' id='word_1_582' title='bbox 1423 5026 1429 5060; x_wconf 90' lang='lat'>:</span> <span class='ocrx_word' id='word_1_583' title='bbox 1443 5006 1528 5074; x_wconf 62' lang='lat' dir='ltr'>Deus,</span> <span class='ocrx_word' id='word_1_584' title='bbox 1554 5005 1603 5078; x_wconf 81' lang='lat' dir='ltr'>(lui</span> <span class='ocrx_word' id='word_1_585' title='bbox 1626 5002 1769 5078; x_wconf 59' lang='lat' dir='ltr'>008¹¹⁰⁸fl⁶⁸</span> 
     </span>
     <span class='ocr_line' id='line_1_50' title="bbox 131 5090 1769 5169; baseline 0.003 -23"><span class='ocrx_word' id='word_1_586' title='bbox 131 5090 248 5162; x_wconf 87' lang='lat' dir='ltr'>pulchra</span> <span class='ocrx_word' id='word_1_587' title='bbox 261 5093 345 5153; x_wconf 79' lang='lat' dir='ltr'>facie,</span> <span class='ocrx_word' id='word_1_588' title='bbox 971 5098 1113 5153; x_wconf 91' lang='lat' dir='ltr'>hominem</span> <span class='ocrx_word' id='word_1_589' title='bbox 1121 5101 1272 5169; x_wconf 87' lang='lat' dir='ltr'>antequam</span> <span class='ocrx_word' id='word_1_590' title='bbox 1279 5101 1420 5164; x_wconf 87' lang='lat' dir='ltr'>nascatur,</span> <span class='ocrx_word' id='word_1_591' title='bbox 1428 5100 1561 5163; x_wconf 61' lang='lat' dir='ltr'>matu</span> <span class='ocrx_word' id='word_1_592' title='bbox 1571 5094 1769 5166; x_wconf 73' lang='lat' dir='ltr'>hujusancifln</span> 
     </span>
    </p>

    <p class='ocr_par' dir='ltr' id='par_1_11' title="bbox 129 5181 1770 5708">
     <span class='ocr_line' id='line_1_51' title="bbox 168 5181 1769 5257; baseline 0.004 -22"><span class='ocrx_word' id='word_1_593' title='bbox 168 5181 233 5235; x_wconf 71' lang='lat' dir='ltr'>Car.</span> <span class='ocrx_word' id='word_1_594' title='bbox 248 5183 298 5238; x_wconf 90' lang='lat' dir='ltr'>lll.</span> <span class='ocrx_word' id='word_1_595' title='bbox 310 5213 343 5224; x_wconf 93' lang='lat'>-</span> <span class='ocrx_word' id='word_1_596' title='bbox 358 5184 444 5239; x_wconf 83' lang='lat' dir='ltr'>Facta</span> <span class='ocrx_word' id='word_1_597' title='bbox 457 5193 551 5242; x_wconf 88' lang='lat' dir='ltr'>autem</span> <span class='ocrx_word' id='word_1_598' title='bbox 560 5189 929 5257; x_wconf 88' lang='lat' dir='ltr'>annorumduodecim‚ma·</span> <span class='ocrx_word' id='word_1_599' title='bbox 969 5193 1025 5243; x_wconf 75' lang='lat' dir='ltr'>tuce</span> <span class='ocrx_word' id='word_1_600' title='bbox 1040 5186 1247 5242; x_wconf 88' lang='lat' dir='ltr'>euramhabere</span> <span class='ocrx_word' id='word_1_601' title='bbox 1261 5186 1394 5255; x_wconf 81' lang='lat' dir='ltr'>digneris,</span> <span class='ocrx_word' id='word_1_602' title='bbox 1410 5191 1442 5241; x_wconf 87' lang='lat' dir='ltr'>ut</span> <span class='ocrx_word' id='word_1_603' title='bbox 1456 5189 1600 5240; x_wconf 89' lang='lat' dir='ltr'>mereatur</span> <span class='ocrx_word' id='word_1_604' title='bbox 1609 5185 1769 5256; x_wconf 85' lang='lat' dir='ltr'>portionem</span> 
     </span>
     <span class='ocr_line' id='line_1_52' title="bbox 132 5273 1769 5347; baseline 0.002 -22"><span class='ocrx_word' id='word_1_605' title='bbox 132 5275 177 5325; x_wconf 86' lang='lat' dir='ltr'>ter</span> <span class='ocrx_word' id='word_1_606' title='bbox 192 5273 253 5340; x_wconf 88' lang='lat' dir='ltr'>ejus</span> <span class='ocrx_word' id='word_1_607' title='bbox 272 5273 405 5342; x_wconf 82' lang='lat' dir='ltr'>migravit</span> <span class='ocrx_word' id='word_1_608' title='bbox 419 5274 453 5329; x_wconf 89' lang='lat' dir='ltr'>de</span> <span class='ocrx_word' id='word_1_609' title='bbox 467 5276 520 5331; x_wconf 88' lang='lat' dir='ltr'>hoc</span> <span class='ocrx_word' id='word_1_610' title='bbox 535 5280 644 5333; x_wconf 69' lang='lat' dir='ltr'>saeculo.</span> <span class='ocrx_word' id='word_1_611' title='bbox 668 5279 815 5334; x_wconf 83' lang='lat' dir='ltr'>Remansit</span> <span class='ocrx_word' id='word_1_612' title='bbox 833 5286 928 5335; x_wconf 91' lang='lat' dir='ltr'>autem</span> <span class='ocrx_word' id='word_1_613' title='bbox 969 5283 998 5331; x_wconf 91' lang='lat' dir='ltr'>et</span> <span class='ocrx_word' id='word_1_614' title='bbox 1011 5278 1184 5332; x_wconf 89' lang='lat' dir='ltr'>consortium</span> <span class='ocrx_word' id='word_1_615' title='bbox 1204 5275 1307 5331; x_wconf 90' lang='lat' dir='ltr'>habere</span> <span class='ocrx_word' id='word_1_616' title='bbox 1322 5276 1351 5330; x_wconf 90' lang='lat' dir='ltr'>in</span> <span class='ocrx_word' id='word_1_617' title='bbox 1367 5292 1454 5347; x_wconf 78' lang='lat' dir='ltr'>regno</span> <span class='ocrx_word' id='word_1_618' title='bbox 1476 5275 1621 5329; x_wconf 84' lang='lat' dir='ltr'>eoelorum.</span> <span class='ocrx_word' id='word_1_619' title='bbox 1646 5276 1682 5331; x_wconf 85' lang='lat' dir='ltr'>Et</span> <span class='ocrx_word' id='word_1_620' title='bbox 1695 5290 1769 5330; x_wconf 86' lang='lat' dir='ltr'>eom·</span> 
     </span>
     <span class='ocr_line' id='line_1_53' title="bbox 129 5357 1768 5437; baseline 0.003 -22"><span class='ocrx_word' id='word_1_621' title='bbox 129 5364 211 5434; x_wconf 88' lang='lat' dir='ltr'>pater</span> <span class='ocrx_word' id='word_1_622' title='bbox 225 5362 295 5431; x_wconf 89' lang='lat' dir='ltr'>ejus,</span> <span class='ocrx_word' id='word_1_623' title='bbox 312 5357 445 5417; x_wconf 83' lang='lat' dir='ltr'>erudiens</span> <span class='ocrx_word' id='word_1_624' title='bbox 457 5382 519 5420; x_wconf 85' lang='lat' dir='ltr'>earn</span> <span class='ocrx_word' id='word_1_625' title='bbox 528 5366 631 5425; x_wconf 74' lang='lat' dir='ltr'>litteris</span> <span class='ocrx_word' id='word_1_626' title='bbox 642 5373 670 5421; x_wconf 87' lang='lat' dir='ltr'>et</span> <span class='ocrx_word' id='word_1_627' title='bbox 684 5368 858 5437; x_wconf 88' lang='lat' dir='ltr'>lectionibus,</span> <span class='ocrx_word' id='word_1_628' title='bbox 879 5387 929 5424; x_wconf 71' lang='lat' dir='ltr'>cte·</span> <span class='ocrx_word' id='word_1_629' title='bbox 968 5367 1134 5422; x_wconf 85' lang='lat' dir='ltr'>mandantes</span> <span class='ocrx_word' id='word_1_630' title='bbox 1147 5367 1218 5434; x_wconf 79' lang='lat' dir='ltr'>seni,</span> <span class='ocrx_word' id='word_1_631' title='bbox 1235 5366 1365 5420; x_wconf 87' lang='lat' dir='ltr'>abierunt</span> <span class='ocrx_word' id='word_1_632' title='bbox 1380 5366 1410 5420; x_wconf 90' lang='lat' dir='ltr'>in</span> <span class='ocrx_word' id='word_1_633' title='bbox 1424 5364 1585 5419; x_wconf 89' lang='lat' dir='ltr'>civitatem:</span> <span class='ocrx_word' id='word_1_634' title='bbox 1603 5370 1689 5437; x_wconf 88' lang='lat' dir='ltr'>pater</span> <span class='ocrx_word' id='word_1_635' title='bbox 1706 5378 1768 5419; x_wconf 79' lang='lat' dir='ltr'>vero</span> 
     </span>
     <span class='ocr_line' id='line_1_54' title="bbox 130 5450 1769 5529; baseline 0.003 -23"><span class='ocrx_word' id='word_1_636' title='bbox 130 5456 247 5522; x_wconf 88' lang='lat' dir='ltr'>teraque</span> <span class='ocrx_word' id='word_1_637' title='bbox 261 5450 347 5522; x_wconf 84' lang='lat' dir='ltr'>hujus</span> <span class='ocrx_word' id='word_1_638' title='bbox 362 5452 460 5506; x_wconf 88' lang='lat' dir='ltr'>mundi</span> <span class='ocrx_word' id='word_1_639' title='bbox 467 5455 613 5525; x_wconf 88' lang='lat' dir='ltr'>sapientia.</span> <span class='ocrx_word' id='word_1_640' title='bbox 630 5456 727 5512; x_wconf 88' lang='lat' dir='ltr'>Puella</span> <span class='ocrx_word' id='word_1_641' title='bbox 743 5476 805 5514; x_wconf 84' lang='lat' dir='ltr'>rere</span> <span class='ocrx_word' id='word_1_642' title='bbox 818 5464 927 5514; x_wconf 87' lang='lat' dir='ltr'>tantam</span> <span class='ocrx_word' id='word_1_643' title='bbox 968 5457 1043 5512; x_wconf 88' lang='lat' dir='ltr'>illius</span> <span class='ocrx_word' id='word_1_644' title='bbox 1057 5457 1081 5511; x_wconf 89' lang='lat' dir='ltr'>si</span> <span class='ocrx_word' id='word_1_645' title='bbox 1095 5456 1246 5529; x_wconf 88' lang='lat' dir='ltr'>aliquando</span> <span class='ocrx_word' id='word_1_646' title='bbox 1260 5455 1421 5511; x_wconf 87' lang='lat' dir='ltr'>inveniebat</span> <span class='ocrx_word' id='word_1_647' title='bbox 1431 5455 1609 5522; x_wconf 86' lang='lat' dir='ltr'>monachum,</span> <span class='ocrx_word' id='word_1_648' title='bbox 1629 5455 1708 5511; x_wconf 87' lang='lat' dir='ltr'>hunc</span> <span class='ocrx_word' id='word_1_649' title='bbox 1720 5453 1769 5510; x_wconf 87' lang='lat' dir='ltr'>ad·</span> 
     </span>
     <span class='ocr_line' id='line_1_55' title="bbox 131 5541 1769 5620; baseline 0.002 -25"><span class='ocrx_word' id='word_1_650' title='bbox 131 5542 271 5614; x_wconf 83' lang='lat' dir='ltr'>excipiens</span> <span class='ocrx_word' id='word_1_651' title='bbox 286 5541 472 5613; x_wconf 86' lang='lat' dir='ltr'>disciplinam,</span> <span class='ocrx_word' id='word_1_652' title='bbox 488 5543 528 5598; x_wconf 86' lang='lat' dir='ltr'>ita</span> <span class='ocrx_word' id='word_1_653' title='bbox 545 5549 577 5599; x_wconf 92' lang='lat' dir='ltr'>ut</span> <span class='ocrx_word' id='word_1_654' title='bbox 595 5545 747 5602; x_wconf 90' lang='lat' dir='ltr'>miraretur</span> <span class='ocrx_word' id='word_1_655' title='bbox 760 5556 840 5620; x_wconf 90' lang='lat' dir='ltr'>pater</span> <span class='ocrx_word' id='word_1_656' title='bbox 853 5549 927 5604; x_wconf 90' lang='lat' dir='ltr'>illius</span> <span class='ocrx_word' id='word_1_657' title='bbox 968 5548 1086 5603; x_wconf 89' lang='lat' dir='ltr'>ducebat</span> <span class='ocrx_word' id='word_1_658' title='bbox 1101 5547 1136 5601; x_wconf 89' lang='lat' dir='ltr'>ad</span> <span class='ocrx_word' id='word_1_659' title='bbox 1151 5547 1267 5602; x_wconf 90' lang='lat' dir='ltr'>domum</span> <span class='ocrx_word' id='word_1_660' title='bbox 1281 5563 1371 5612; x_wconf 86' lang='lat' dir='ltr'>suam,</span> <span class='ocrx_word' id='word_1_661' title='bbox 1390 5562 1493 5617; x_wconf 67' lang='lat' dir='ltr'>rengans</span> <span class='ocrx_word' id='word_1_662' title='bbox 1502 5551 1534 5602; x_wconf 90' lang='lat' dir='ltr'>ut</span> <span class='ocrx_word' id='word_1_663' title='bbox 1545 5552 1643 5601; x_wconf 87' lang='lat' dir='ltr'>oraret</span> <span class='ocrx_word' id='word_1_664' title='bbox 1654 5562 1706 5618; x_wconf 81' lang='lat' dir='ltr'>pro</span> <span class='ocrx_word' id='word_1_665' title='bbox 1725 5561 1769 5600; x_wconf 83' lang='lat' dir='ltr'>aa.</span> 
     </span>
     <span class='ocr_line' id='line_1_56' title="bbox 130 5631 1770 5708; baseline -0.001 -16"><span class='ocrx_word' id='word_1_666' title='bbox 130 5631 317 5707; x_wconf 78' lang='lat' dir='ltr'>prudentiam.</span> <span class='ocrx_word' id='word_1_667' title='bbox 334 5632 437 5706; x_wconf 90' lang='lat' dir='ltr'>Opinio</span> <span class='ocrx_word' id='word_1_668' title='bbox 450 5637 544 5689; x_wconf 88' lang='lat' dir='ltr'>autem</span> <span class='ocrx_word' id='word_1_669' title='bbox 558 5635 881 5708; x_wconf 77' lang='lat' dir='ltr'>ejusperagravittntem</span> <span class='ocrx_word' id='word_1_670' title='bbox 891 5640 928 5696; x_wconf 90' lang='lat' dir='ltr'>ci·</span> <span class='ocrx_word' id='word_1_671' title='bbox 968 5639 1031 5696; x_wconf 90' lang='lat' dir='ltr'>Una</span> <span class='ocrx_word' id='word_1_672' title='bbox 1044 5642 1141 5694; x_wconf 83' lang='lat' dir='ltr'>autem</span> <span class='ocrx_word' id='word_1_673' title='bbox 1154 5637 1201 5692; x_wconf 88' lang='lat' dir='ltr'>die</span> <span class='ocrx_word' id='word_1_674' title='bbox 1215 5636 1415 5705; x_wconf 87' lang='lat' dir='ltr'>anniversaria,</span> <span class='ocrx_word' id='word_1_675' title='bbox 1436 5635 1550 5707; x_wconf 89' lang='lat' dir='ltr'>quando</span> <span class='ocrx_word' id='word_1_676' title='bbox 1568 5635 1770 5692; x_wconf 80' lang='lat' dir='ltr'>ordinatuaest</span> 
     </span>
    </p>
   </div>
   <div class='ocr_carea' id='block_1_7' title="bbox 0 0 1914 6120">
    <p class='ocr_par' dir='ltr' id='par_1_12' title="bbox 0 0 1914 6120">
     <span class='ocr_line' id='line_1_57' title="bbox 0 0 1914 6120; baseline 0 1"><span class='ocrx_word' id='word_1_677' title='bbox 0 0 1914 6120; x_wconf 95' lang='lat' dir='ltr'> </span> 
     </span>
    </p>
   </div>
  </div>
 </body>
</html>
