3832 6120
138 271 185 332 na
336 270 422 328 vira
440 253 661 326 sauciorum
678 266 848 324 samnis
870 240 1038 324 nnnmr'n
1057 268 1101 324 nr
1120 260 1303 325 sossrnir
1322 268 1438 326 mmm
1457 267 1574 327 annis.
1718 272 1770 330 ιιι

138 400 261 465 inclusis,
277 398 312 453 ad
332 399 384 454 bos
402 413 500 452 rursus
510 397 601 451 artem
618 412 698 451 suam
710 395 862 450 transferre
871 393 967 454 niti-A
977 394 1075 448 mundi
1097 382 1304 466 jucunditatem
1317 400 1347 449 et
1360 386 1536 450 dulcedinem
1557 395 1705 467 significat,
1721 413 1773 468 per

137 495 190 553 tur,
210 488 356 543 neminem
377 486 513 550 videlicet,
534 485 582 556 qui
597 486 767 557 periculosos
787 483 875 555 ipsius
893 483 935 536 la·
978 500 1062 554 quarn
1078 485 1125 538 ille
1144 486 1250 539 amicos
1279 498 1345 538 suos
1358 484 1514 552 ludificans,
1544 503 1591 540 eos
1612 487 1697 541 saluti
1716 503 1773 542 suae

138 594 222 649 queos
236 576 353 648 effugiat
363 591 423 630 esse
437 575 560 645 cupiens.
977 573 1135 644 prospicere
1149 573 1265 627 minime
1279 573 1356 626 sinit.

171 665 362 730 Quamobrem
377 682 424 718 eos
441 665 489 734 qui
506 668 565 717 tam
576 662 709 734 pestifero
721 679 753 716 ac
768 667 861 726 22⁴2
874 677 935 715 cru·
1012 662 1286 717 Camilli-Hanc
1297 661 1458 733 parabolam
1468 666 1604 736 majorem
1612 666 1642 719 in
1657 666 1773 719 modum

138 756 189 810 deli
204 755 321 809 domino
333 754 468 818 serviunt,
490 751 695 823 quiqueabono
709 768 741 805 ac
754 750 873 820 benigno
884 768 935 821 per
975 750 1160 823 comprobans
1173 752 1187 805 J
1190 753 1317 822 osaphat,
1332 752 1606 816 dixit:Quamverus
1620 755 1665 809 hic
1678 770 1772 809 sermo

138 861 276 899 summam
306 844 476 897 dementiam
504 841 610 912 seipsos
636 845 820 905 removentes,
850 840 933 894 rebus
973 845 1026 907 est,
1036 857 1069 894 ac
1078 841 1274 895 concinnitatis
1287 841 1379 895 omnis
1390 841 1508 911 plenusl
1535 843 1722 907 Quamobrem
1738 859 1775 899 ne

138 931 319 1003 praesentibus
329 931 438 986 inhiant
452 937 481 985 et
489 930 675 994 intabescunt,
693 946 744 983 nec
762 929 859 983 lutura
876 929 933 983 ullo
975 933 1011 993 te,
1031 945 1133 999 quaeso,
1154 928 1315 998 hujusmodi
1331 929 1435 998 figuras
1450 929 1520 983 mihi
1530 932 1640 985 assidue
1656 932 1772 986 demon·

137 1022 217 1076 modo
227 1021 363 1092 cogitant,
382 1019 802 1089 verumadcorporeasquidem
811 1019 935 1089 volupta-
976 1024 1066 1070 strare
1094 1018 1198 1088 pigeat,
1225 1033 1280 1089 quo
1294 1023 1370 1071 certo
1390 1018 1546 1089 intelligam
1567 1021 1657 1090 qualis
1675 1027 1773 1075 nostra

138 1119 177 1164 tes
187 1110 251 1164 sine
267 1110 326 1165 ulia
345 1109 553 1163 intermissione
573 1125 633 1161 sese
651 1107 808 1172 conserunt,
824 1107 934 1160 animas
975 1105 1032 1159 vita
1043 1106 1089 1170 sit,
1102 1112 1131 1160 et
1142 1122 1212 1176 quas
1227 1123 1272 1160 res
1286 1106 1383 1161 amicis
1405 1107 1462 1160 suis
1485 1113 1618 1162 accersat.
1635 1109 1710 1164 Dixit
1724 1125 1773 1164 au-

136 1204 230 1253 autem
240 1214 308 1252 suas
318 1197 392 1251 lame
407 1197 514 1262 confici,
535 1203 563 1250 et
577 1196 732 1249 innumeris
742 1195 825 1248 malis
840 1195 935 1249 conili-
976 1199 1034 1248 tem
1049 1211 1133 1249 senex
1149 1196 1280 1250 :Similes
1296 1212 1408 1250 rursum
1422 1196 1518 1250 suntii
1534 1198 1582 1267 qui
1598 1198 1773 1268 voluptatum

137 1287 205 1341 ctari
219 1286 328 1345 sinunt,
345 1285 452 1340 homini
475 1301 492 1339 a
506 1284 625 1339 furentis
639 1284 782 1338 unicornis
802 1284 871 1338 facie
895 1283 935 1337 fu·
976 1283 1060 1354 hujus
1070 1285 1132 1339 vitae
1142 1301 1237 1339 amore
1247 1285 1332 1355 capti,
1345 1285 1641 1355 earumquesuaritate
1654 1286 1772 1353 deliniti,

134 1375 336 1446 gientisimiles
348 1391 409 1429 esse
416 1390 524 1438 censeo,
535 1373 583 1444 qui
592 1372 936 1444 cumclamorisipsiusso-
976 1389 1020 1427 res
1036 1374 1124 1427 iluxas
1139 1379 1167 1427 et
1181 1372 1334 1428 imbecilles
1352 1373 1454 1428 tuturis
1480 1380 1565 1445 atque
1587 1393 1605 1429 a
1621 1375 1775 1444 jactatione

135 1480 201 1518 num
209 1470 298 1534 atque
312 1463 467 1517 horrendos
480 1463 603 1532 mugitus
612 1462 683 1516 ferre
697 1467 934 1532 nequeat,magno
976 1461 1075 1516 alicnis
1099 1462 1272 1532 antiquiores
1298 1462 1467 1527 habuerunt,
1499 1463 1616 1529 homini,
1648 1464 1695 1535 qui
1715 1468 1773 1518 tres

134 1553 252 1624 impetu,
268 1568 304 1605 ne
318 1552 371 1623 ipsi
384 1552 414 1605 in
427 1551 551 1622 praedam
565 1551 654 1613 cedat,
670 1550 789 1621 aufugit.
799 1551 872 1605 Dum
887 1567 935 1604 au·
976 1550 1078 1604 amicos
1091 1549 1199 1616 habuit,
1216 1568 1248 1604 ex
1263 1551 1363 1622 quibus
1377 1552 1447 1605 duos
1463 1552 1576 1622 quidem
1592 1552 1699 1622 ingenti
1711 1554 1774 1608 ani-

134 1647 191 1696 tem
203 1641 335 1695 celeriter
348 1639 445 1705 currit,
457 1640 487 1693 in
501 1641 643 1710 ingentem
651 1640 801 1710 quamdam
808 1639 935 1694 scrobem
976 1638 1014 1692 mi
1031 1640 1132 1693 ailectu
1141 1639 1259 1705 colebat,
1275 1656 1307 1694 ac
1321 1642 1501 1695 vehementer
1520 1641 1643 1707 amabat,
1660 1643 1729 1696 adeo
1740 1647 1774 1696 ιιι

133 1730 200 1797 ruit,
214 1745 248 1783 ac
254 1729 363 1783 ruendo
371 1745 471 1783 manns
479 1728 773 1791 extendens,arborem
781 1729 933 1799 quamdam
944 1715 1010 1781 Bad
1024 1734 1144 1782 mortem
1155 1745 1299 1800 usquepro
1307 1729 1374 1799 ipsis
1386 1728 1519 1783 dimicare
1526 1747 1558 1784 ac
1564 1728 1687 1800 pericula
1695 1747 1773 1800 quae·

132 1817 530 1890 arripiteamquearctissimc
543 1817 655 1883 retinet,
668 1823 753 1888 atque
766 1818 857 1887 gradu
867 1835 934 1888 quo·
975 1817 1016 1871 vis
1028 1817 1227 1872 adireminime
1233 1824 1385 1884 recusaret,
1397 1819 1614 1873 tertiumautem
1620 1818 1774 1874 admodum

131 1905 935 1977 dsmaffirmatispedibus,pacatadeinccpsomnia,atque
976 1905 1188 1977 aspernabatur,
1217 1907 1258 1961 ita
1274 1913 1306 1961 ut
1331 1924 1383 1961 nec
1408 1907 1544 1962 honorem
1570 1924 1705 1979 unquam,
1721 1925 1774 1964 nec

130 1995 168 2049 ab
181 1996 261 2050 omni
274 1994 399 2067 periculo
414 1994 506 2048 aliena
514 2011 575 2048 esse
592 1994 757 2049 arbitratur.
775 1995 934 2066 Respiciens
976 2011 1060 2065 quam
1073 2012 1123 2066 par
1133 1999 1194 2048 erat
1207 1994 1430 2049 benevolentiam
1437 1995 1491 2066 ipsi
1501 1997 1709 2066 praestarct,sed
1719 1997 1775 2052 exi·

132 2091 239 2150 autem,
254 2082 326 2138 duos
338 2099 432 2137 mures
445 2081 543 2148 cernit,
560 2083 681 2137 alterum
695 2084 855 2147 candidum,
868 2085 935 2139 alte-
974 2101 1060 2153 guam
1072 2084 1224 2154 quamdam
1238 2084 1386 2150 duntaxat,
1403 2100 1521 2154 eamque
1534 2085 1628 2139 llctam
1643 2102 1675 2139 ac
1689 2085 1776 2141 simu-

132 2189 198 2228 rum
210 2178 315 2240 atrum,
330 2171 438 2226 arboris
448 2171 523 2226 illius
533 2188 618 2242 quam
640 2171 799 2244 arripuerat
812 2173 935 2227 radicem
976 2173 1062 2226 latam
1075 2172 1227 2226 amicitiam
1237 2172 1389 2227 exhiberet.
1398 2173 1773 2246 Veneruntautemquodam

132 2266 272 2333 perpetuo
286 2261 476 2322 corrodentes,
489 2263 605 2332 jamque
620 2278 692 2332 pene
707 2279 768 2316 eam
784 2269 934 2338 amputan-
976 2261 1021 2315 die
1033 2262 1171 2316 immanes
1182 2268 1265 2332 atque
1279 2262 1412 2317 horrendi
1428 2263 1541 2329 milites,
1553 2263 1602 2335 qui
1617 2279 1682 2317 eum
1696 2280 1775 2318 sum·

132 2358 187 2406 tes.
202 2352 297 2421 Atque
305 2351 430 2420 insuper,
443 2349 576 2420 conjectis
591 2351 620 2403 in
634 2350 720 2404 imam
731 2350 857 2405 scrobem
872 2368 936 2406 ocu·
976 2367 1023 2404 ma
1037 2368 1101 2405 cum
1114 2351 1292 2406 festinatione
1307 2351 1342 2405 ad
1357 2368 1453 2421 regem
1462 2352 1618 2417 traherent,
1635 2359 1667 2407 ut
1678 2353 1775 2407 decem

132 2440 179 2496 lis.
196 2439 372 2494 horrendum
392 2439 541 2492 draconem
567 2439 715 2509 conspicit,
741 2446 855 2510 aspectu
874 2440 935 2511 ipso
976 2440 1096 2494 millium
1110 2441 1288 2503 talentorum,
1302 2457 1363 2512 quae
1378 2439 1506 2502 debebat,
1522 2441 1773 2496 rationemredde·

133 2529 231 2598 ignem
241 2527 406 2598 spirantem,
419 2543 451 2580 ac
463 2527 550 2580 torris
563 2527 651 2581 oculis
658 2528 749 2598 ipsum
765 2528 933 2594 intuentem,
976 2533 1029 2581 ret.
1047 2529 1096 2582 ille
1110 2528 1199 2598 igitur
1207 2528 1236 2582 in
1251 2544 1392 2583 summam
1402 2529 1562 2600 angustiam
1574 2529 1713 2596 redactus,
1725 2530 1776 2585 ali·

134 2616 333 2687 horrendeque
347 2615 400 2685 ipsi
411 2615 570 2669 devorando
583 2615 749 2670 inhiantem.
768 2619 807 2671 Ac
823 2633 935 2671 rursum
977 2633 1060 2687 quem
1076 2616 1228 2687 querebat,
1242 2617 1290 2688 qui
1302 2617 1544 2672 inmetuendaiila
1554 2618 1776 2690 rationumapud

134 2706 166 2760 in
179 2704 272 2776 gradu
286 2704 344 2767 illo,
360 2704 404 2757 cui
416 2703 501 2774 pedes
515 2704 602 2774 ipsius
616 2704 818 2772 innitebantur,
841 2706 935 2761 oculo·
977 2721 1072 2775 regem
1087 2706 1243 2760 redditione
1258 2723 1340 2777 opem
1361 2706 1415 2777 ipsi
1432 2707 1527 2762 ferret.
1545 2708 1668 2762 Currens
1680 2707 1776 2778 itaque

135 2810 201 2848 rum
212 2793 273 2848 acie
289 2793 646 2864 defixa,quatuoraspidum
656 2794 749 2865 capita
757 2795 842 2860 videt,
860 2811 935 2866 epa·
978 2794 1013 2847 nd
1027 2794 1161 2864 primum,
1172 2796 1355 2867 omniumque
1365 2796 1487 2851 aliorum
1501 2796 1776 2851 charissimumami·

133 2883 218 2942 riete,
230 2881 259 2936 in
275 2880 517 2953 quoconsistebat.
533 2876 730 2953 prominentia.
754 2885 872 2938 Sursum
889 2900 938 2938 au·
977 2883 1088 2949 cum,ad
1099 2899 1164 2937 eum
1174 2883 1228 2937 ait:
1247 2884 1309 2938 Non
1321 2890 1350 2938 te
1364 2884 1445 2954 fugit,
1456 2884 1580 2948 camice,
1596 2885 1778 2959 quemadmo-

134 2977 194 3026 tem
206 2971 490 3035 oculosconrcrtens,
513 2971 640 3025 nonnihil
667 2972 757 3026 mellis
772 2988 806 3025 ex
828 2971 937 3027 arboris
978 2973 1045 3027 dum
1058 2976 1107 3026 tua
1121 2988 1206 3026 causa
1231 2972 1316 3026 vitam
1340 2989 1431 3027 meam
1456 2989 1568 3043 semper
1582 2974 1612 3027 in
1625 2973 1777 3028 discrimen

134 3060 214 3114 illins
229 3059 314 3113 ramis
328 3058 437 3113 stillans
451 3059 1161 3131 perspicit.QuocircacalamitatumCadduxerim3
1188 3077 1263 3115 nunc
1288 3066 1383 3115 autem
1413 3062 1547 3116 hodierno
1575 3062 1627 3127 die,
1657 3067 1776 3131 urgente

135 3164 237 3204 earum
264 3146 367 3218 quibus
383 3147 508 3218 undique
533 3147 713 3203 obsidebatur
730 3157 759 3204 et
772 3150 935 3221 urgebatur,
978 3150 1154 3216 necessitate,
1170 3166 1222 3221 ope
1237 3155 1381 3220 tuaatque
1400 3150 1502 3204 auxilio
1524 3150 1645 3217 indigeo.
1668 3150 1775 3221 Ecquid

135 3236 244 3291 omissa
255 3235 489 3301 consideratione,
511 3236 646 3292 nimirum
663 3255 785 3309 quonam
796 3245 876 3310 pacto
892 3256 939 3294 ex·
978 3256 1045 3309 ergo
1055 3244 1084 3293 te
1099 3238 1168 3292 mihi
1183 3238 1285 3292 auxilio
1300 3238 1371 3292 sorte
1386 3238 1547 3309 polliceris?
1561 3244 1590 3292 et
1604 3254 1733 3308 quanam
1744 3238 1775 3293 in

134 3336 219 3381 terne
240 3324 353 3396 quidem
376 3324 518 3379 unicornis
533 3326 690 3381 vehementi
704 3328 798 3382 surore
812 3328 935 3399 percitus
979 3334 1017 3394 te,
1028 3327 1070 3381 vir
1079 3327 1252 3393 charissime,
1274 3344 1337 3398 spes
1359 3326 1427 3381 mihi
1452 3327 1605 3382 constituta
1632 3327 1697 3381 estl
1724 3326 1777 3381 Re·

137 3431 205 3470 eum
229 3414 364 3468 devorare
379 3420 526 3483 quareret,
543 3414 578 3468 ab
593 3415 725 3470 inferiore
741 3422 836 3471 autem
858 3422 937 3487 parte
980 3417 1119 3488 spondens
1134 3421 1228 3470 autem
1250 3416 1307 3482 ille,
1325 3420 1366 3471 ait
1377 3434 1383 3469 :
1395 3416 1510 3470 Amicus
1524 3422 1590 3470 tuus
1602 3407 1659 3470 n'on
1669 3431 1742 3483 sum,
1759 3431 1776 3468 o

135 3502 350 3558 acerbusdraco
364 3517 429 3556 eum
439 3502 577 3573 deglutire
591 3504 773 3559 vehementer
786 3512 937 3576 expeteret,
980 3506 1073 3569 homo,
1095 3522 1145 3559 nec
1156 3505 1205 3576 qui
1214 3505 1252 3559 sis
1266 3504 1339 3559 novi.
1356 3505 1428 3559 Sunt
1448 3505 1522 3558 enim
1536 3503 1605 3558 mihi
1618 3503 1665 3558 alii
1680 3482 1774 3570 affici,

136 3607 284 3648 aerumna
298 3588 382 3645 arbor
401 3607 436 3644 ea
449 3607 534 3662 quam
557 3593 717 3665 arripuerat
742 3595 803 3664 Jam
824 3595 939 3665 jamque
980 3592 1146 3665 quibuscum
1161 3592 1444 3648 hodieoblectarime
1458 3597 1578 3663 oportet,
1595 3608 1720 3663 quosque
1744 3591 1776 3647 iu

136 3679 312 3752 amputanda
327 3685 410 3745 esset,
428 3680 513 3750 pedes
539 3680 660 3752 denique
681 3682 769 3753 ipsius
788 3681 894 3737 lubrico
911 3688 939 3737 et
980 3688 1123 3753 posterum
1135 3698 1184 3753 pro
1198 3681 1294 3736 amicis
1306 3680 1775 3744 habiturussum.Quareduotan·

135 3768 332 3840 intidogradui
341 3767 542 3836 inniterentur;
553 3770 654 3824 hornm
665 3771 781 3843 inquam
795 3776 941 3840 tantorum
980 3777 1042 3825 tum
1056 3770 1146 3825 cilicia
1157 3770 1207 3825 tibi
1224 3770 1345 3842 porrigo,
1356 3776 1387 3824 nt
1398 3786 1431 3824 ea
1445 3769 1475 3823 in
1490 3769 1535 3823 via
1549 3785 1605 3841 qua
1619 3769 1713 3840 pergis
1728 3767 1778 3823 ha·

137 3857 330 3930 periculorum
342 3855 455 3923 oblitus,
470 3857 499 3911 in
515 3859 607 3929 exigui
621 3860 696 3915 illius
710 3861 801 3916 mellis
818 3860 940 3915 dulcedi·
979 3859 1055 3926 beas,
1068 3877 1129 3931 qnae
1139 3860 1225 3914 etiam
1239 3859 1300 3931 ipsa
1314 3859 1383 3913 nihil
1395 3857 1448 3913 tibi
1462 3857 1645 3913 emolumenti
1656 3857 1780 3912 allatura

136 3963 175 4001 ne
184 3941 366 4019 percipienda
376 3946 500 4017 seipsum
512 3949 665 4019 occupavit.
980 3955 1063 4016 sunt;
1081 3965 1132 4003 nec
1145 3954 1188 4002 est
1197 3948 1348 4019 quodamc
1358 3947 1512 4019 quidquam
1521 3951 1778 4019 zwexspectes.

176 4034 618 4106 Haeceorumquipraesentisritae
629 4036 941 4093 ludibriisintabescunt
980 4038 1046 4091 Haec
1059 4037 1106 4091 ille
1119 4037 1246 4101 audiens,
1259 4053 1290 4090 ac
1313 4036 1348 4090 de
1369 4035 1482 4103 auxilio,
1500 4036 1574 4106 quod
1586 4035 1622 4089 ab
1636 4052 1670 4090 co
1685 4052 1780 4108 exspe-

137 4125 233 4195 figura
249 4128 311 4178 est:
339 4124 420 4194 cujus
433 4123 544 4195 quidem
568 4126 793 4197 explanationem
812 4126 940 4198 protinus
981 4125 1084 4192 ctabat,
1101 4142 1179 4197 spem
1192 4142 1303 4179 onmem
1329 4123 1473 4194 abjiciens,
1487 4125 1523 4178 ad
1537 4124 1691 4178 secundum
1711 4125 1781 4179 ami·

136 4212 192 4266 tibi
206 4228 354 4283 exponam.
371 4210 519 4268 Unicornis
531 4213 619 4285 igitur
632 4215 731 4270 mortis
741 4221 840 4288 typum
854 4216 938 4286 gerit,
981 4230 1045 4267 cum
1057 4231 1086 4268 se
1101 4213 1217 4279 confert,
1232 4212 1268 4267 ad
1283 4228 1403 4283 eumque
1423 4212 1477 4267 ait:
1493 4212 1660 4278 Recordare,
1677 4213 1778 4280 amice,

138 4317 202 4373 qure
216 4316 330 4372 semper
337 4301 499 4357 mortalium
508 4319 598 4373 genus
606 4305 792 4376 persequitur,
803 4310 939 4376 atqucar-
981 4308 1118 4372 quantum
1139 4318 1155 4356 a
1169 4318 1214 4355 me
1228 4301 1342 4355 honoris
1358 4306 1387 4355 et
1399 4300 1600 4355 beneficiorum
1626 4300 1777 4372 acceperis.
1802 4360 1805 4367 ,

138 4390 235 4460 ripere
254 4389 408 4444 contendit.
434 4390 533 4445 Scrobs
548 4398 643 4447 autem
666 4393 787 4449 mundus
812 4400 864 4456 est,
893 4385 1223 4464 quiDliodiernoautem
1234 4390 1316 4445 diein
1329 4389 1481 4444 maximam
1491 4389 1682 4444 calamitatem
1698 4395 1726 4443 et
1739 4387 1779 4443 al·

138 4477 233 4533 omuis
246 4478 360 4549 generis
374 4479 456 4534 malis
476 4496 508 4534 ac
530 4481 682 4536 mortiferis
710 4482 818 4553 laqueis
840 4488 937 4537 scatet.
981 4480 1132 4535 lliotionem
1144 4480 1300 4551 prolapsus,
1317 4480 1485 4550 opitulatore
1500 4479 1592 4550 aliquo
1600 4494 1669 4550 opus
1677 4476 1778 4532 habeo.

137 4565 233 4622 Arbor
247 4583 280 4622 ea
294 4583 446 4639 quamcom
450 4570 553 4639 pressis
559 4571 689 4625 manibus
698 4576 837 4637 tenemus
846 4577 941 4642 etqua
982 4569 1121 4632 Quidnam
1129 4569 1216 4639 igitur
1225 4568 1384 4639 adjumenti
1396 4584 1471 4623 nunc
1488 4566 1558 4622 mihi
1569 4567 1670 4621 aiierre
1679 4582 1776 4638 queas,

139 4673 159 4710 a
174 4655 284 4712 duobus
296 4655 426 4711 muribus
440 4656 632 4714 indesinenter
641 4660 791 4724 arroditur,
805 4662 940 4731 cujusque
982 4657 1126 4712 sacsciam.
1143 4657 1296 4713 llleautem
1305 4658 1346 4711 ait
1361 4657 1469 4712 :Hodie
1484 4656 1553 4711 mihi
1560 4655 1729 4727 pernegotia
1739 4660 1781 4712 te·

139 4743 264 4800 hominis
276 4745 341 4800 vitre
357 4745 530 4801 curriculum
544 4753 602 4802 est:
621 4749 694 4819 quod
710 4749 823 4821 quidem
829 4748 940 4820 perdici
982 4763 1045 4800 cnm
1056 4753 1198 4802 certamen
1208 4745 1301 4801 subire
1308 4745 1424 4801 minime
1430 4744 1590 4801 licetcuris
1598 4742 1674 4799 enim
1684 4750 1713 4799 et
1722 4744 1780 4800 sol·

138 4849 174 4889 ac
187 4834 369 4890 noctishoras
379 4834 538 4891 absumitur
545 4841 574 4892 et
583 4838 737 4904 coniicitur,
755 4855 787 4892 ac
802 4838 939 4909 paulatim
980 4835 1172 4892 licitudinibus
1186 4836 1311 4907 undique
1329 4851 1441 4905 urgeor,
1459 4839 1544 4905 atque
1567 4832 1597 4887 in
1627 4832 1779 4890 afflictione

139 4922 177 4977 sd
190 4923 360 4978 excisionem
370 4923 487 4979 accedit.
500 4925 628 4989 Quacucr
641 4934 735 4980 autem
748 4927 868 4998 aspides,
881 4927 939 4981 hu·
981 4941 1053 4979 sum.
1069 4926 1188 4980 Paulum
1202 4930 1298 4978 tamen
1311 4929 1404 4978 tecum
1418 4939 1543 4994 pergam,
1565 4922 1694 4998 quamvis
1710 4923 1782 4978 nihil

138 5011 217 5066 mani
229 5013 356 5084 corporis
372 5030 468 5085 vsuper
491 5020 612 5085 quatuor
626 5015 732 5069 lubrica
752 5021 781 5069 et
798 5015 941 5070 instabilia
980 5014 1045 5068 hinc
1059 5014 1197 5068 commodi
1209 5013 1246 5067 ad
1257 5018 1285 5067 te
1300 5012 1457 5067 rediturum
1472 5011 1526 5079 sit,
1547 5028 1579 5065 ac
1598 5018 1662 5083 post
1683 5012 1781 5068 statim

140 5101 281 5156 elementa
293 5102 675 5175 constitutionemnesignant
685 5123 690 5158 :
701 5104 749 5176 qui
763 5121 826 5158 cum
842 5104 940 5158 immo·
981 5103 1095 5158 domum
1108 5119 1246 5169 reversus,
1263 5101 1383 5172 nogotiis
1397 5101 1467 5155 meis
1482 5116 1596 5172 operam
1611 5099 1693 5156 dabo.

139 5190 239 5244 derata
251 5206 281 5244 se
295 5189 401 5246 habent
415 5208 447 5246 ac
465 5193 675 5263 perturbantur,
693 5194 817 5264 corporis
832 5209 941 5265 compa·
1017 5192 1150 5248 Inanibus
1156 5190 1469 5262 igiturmanibushomo
1477 5189 1543 5245 inde
1554 5180 1780 5260 recessissemus¹

139 5294 192 5349 ges
218 5277 391 5334 dissolvitur.
417 5281 460 5335 Ad
475 5281 534 5337 haec
547 5282 646 5352 igneus
660 5282 707 5336 ille
722 5299 754 5337 ac
766 5283 941 5337 truculentus
982 5282 1058 5336 omni
1073 5298 1105 5335 ex
1115 5285 1195 5351 parte
1207 5279 1309 5333 anxilio
1324 5279 1486 5347 destitutus,
1503 5279 1538 5334 de
1552 5295 1625 5334 vana
1635 5295 1685 5350 spe
1695 5291 1781 5349 quam

140 5364 237 5434 draco,
258 5368 431 5424 horrendum
446 5370 547 5426 inferni
568 5377 696 5426 ventrem
715 5370 872 5437 adumbrat,
894 5372 942 5443 qui
982 5371 1011 5424 in
1032 5369 1145 5442 perfidis
1159 5373 1188 5422 et
1197 5369 1316 5439 ingratis
1330 5367 1428 5423 amicis
1453 5368 1511 5423 suis
1527 5369 1686 5433 collocarat,
1703 5363 1780 5420 etde

65 5450 70 5457 ’
139 5471 190 5511 eos
207 5456 351 5530 suscipere
369 5458 455 5530 gestit
471 5460 520 5531 qui
534 5467 686 5532 praesentes
700 5461 858 5532 voluptates
868 5460 942 5516 iutu-
982 5458 1128 5514 inutilibus
1148 5456 1300 5525 laboribus,
1318 5475 1388 5530 quos
1414 5474 1465 5530 pro
1480 5475 1532 5514 suo
1560 5473 1627 5529 erge
1643 5472 1690 5510 eos
1704 5467 1779 5506 amo·

142 5545 183 5600 ria
196 5542 280 5601 bonis
290 5553 474 5620 anteponunt.
489 5547 579 5606 Mollis
590 5565 655 5605 vero
667 5547 778 5622 guttula
790 5547 940 5618 distillms,
983 5564 1013 5603 re
1038 5552 1209 5619 susceperat,
1228 5546 1352 5619 seipsum
1367 5544 1540 5620 deplorabat.
1564 5543 1662 5616 Pergit
1684 5543 1780 5597 autem
