3818 6120
144 314 195 376 881
801 317 921 373 VERBA
940 317 1139 374 SENIORUM.
1730 321 1783 381 882

145 444 241 500 dicens
255 443 299 498 ei:
314 444 413 499 Frater
427 459 506 499 10000
515 444 598 499 001011
613 460 657 500 me
672 443 819 515 egrediens
828 445 889 499 Duc
904 443 1046 504 atAvale
1071 443 1233 498 discedens:
1257 445 1306 499 sed
1329 444 1444 500 obsecro
1466 452 1504 513 te,
1530 454 1562 502 ut
1587 448 1781 522 interpreteris

146 550 202 606 que
213 533 298 600 1110ος
313 537 341 588 01
355 549 406 605 pro
420 533 473 588 hoc
487 550 538 604 ego
552 533 673 604 affligor.
692 534 726 588 Et
741 533 859 605 rogabat
878 551 943 588 eum
986 532 1056 588 mihi
1070 533 1210 605 quomodo
1226 550 1370 606 nunquam
1389 535 1555 592 sollicitatus
1569 538 1607 593 sis
1622 556 1639 593 a
1661 538 1781 596 1010100-

145 640 239 692 senex,
252 622 362 678 dicens:
378 622 584 694 AEquanimiter
597 628 687 695 porta,
705 623 810 689 nater,
828 627 856 678 et
869 624 944 678 Deus
985 621 1070 677 tione.
1089 623 1158 682 Dicit
1170 623 1195 677 ei
1209 640 1307 678 senex:
1325 624 1396 688 Quia
1410 642 1442 679 ex
1457 641 1512 697 quo
1527 626 1616 682 factus
1632 645 1695 684 sum
1717 647 1781 686 mo-

144 712 241 768 ridens
251 711 375 767 laborem
387 712 599 768 sustentationis
608 719 675 780 tum,
686 712 942 768 revocabiteumad
984 711 1100 777 nachus,
1112 728 1169 766 000
1179 729 1242 766 snm
1252 713 1370 768 satiatus
1383 731 1465 784 pane,
1483 731 1573 786 neque
1584 733 1669 788 aqua,
1690 735 1782 791 neque
1851 788 1854 793 .

143 809 182 857 10.
198 803 297 874 Neque
310 801 384 856 enim
393 801 524 873 possibile
534 808 577 856 est
587 808 620 857 ut
629 819 692 857 cum
701 800 806 857 duritia
813 807 842 857 et
851 806 943 857 auste-
983 816 1090 866 somno,
1109 807 1138 856 et
1153 802 1279 873 appetitu
1293 802 1394 857 horum
1404 809 1498 870 05!ss
1509 806 1609 876 quibus
1627 809 1777 878 pascimur,

143 891 228 946 ritate
242 890 321 945 facile
332 889 367 945 ab
375 890 531 945 intentione
540 906 592 945 sua
601 891 704 962 aliquis
715 896 870 958 revocetur,
877 891 944 963 quia
983 890 1111 946 crucians
1125 907 1178 957 me,
1195 907 1251 945 non
1265 890 1449 962 permittebar
1469 894 1573 949 sentire
1587 895 1781 954 fornicationis

143 996 196 1034 nec
212 980 320 1035 daemon
335 979 450 1051 expellit
464 979 639 1048 daemonem3
655 980 704 1035 sed
717 979 806 1052 magis
816 979 944 1051 benigni·
984 979 1124 1034 stimulos.
1134 978 1169 1034 Et
1181 979 1248 1035 exiit
1261 979 1415 1048 1101011110,
1429 982 1577 1052 proficiens
1589 1002 1621 1039 ex
1643 987 1781 1043 relatione

143 1074 203 1125 tate
216 1068 359 1125 revocabis
372 1085 437 1124 eum
450 1069 486 1124 ad
500 1075 537 1124 te.
553 1069 692 1135 Quoniam
711 1074 740 1125 et
760 1071 834 1125 Deus
848 1074 944 1125 noster
984 1069 1068 1123 senis.

143 1157 325 1224 consulendo,
342 1158 378 1213 ad
396 1158 565 1214 sehomines
583 1159 680 1214 trahit.
700 1158 735 1213 Et
757 1159 882 1213 narravit
906 1159 940 1226 ei,
1020 1156 1063 1215 32.
1080 1159 1179 1213 Frater
1190 1158 1305 1229 quidam
1319 1159 1504 1231 interrogavit
1513 1163 1664 1233 quemdam
1674 1182 1780 1235 senem,

143 1248 239 1303 dicens
254 1248 298 1303 ei:
315 1247 387 1312 Quia
398 1247 513 1303 fuerunt
526 1248 554 1303 in
569 1248 713 1304 Thebaida
727 1249 783 1303 duo
792 1248 904 1315 fratres,
916 1254 944 1303 01
984 1245 1096 1302 Dicens:
1111 1248 1184 1312 Quid
1201 1247 1292 1303 facio?
1307 1249 1373 1319 quia
1393 1249 1525 1320 cogitatio
1547 1268 1611 1306 mea
1624 1270 1735 1326 semper
1752 1256 1781 1311 in

143 1354 208 1393 cum
222 1353 295 1392 unus
311 1336 476 1392 incurrisset
489 1354 522 1392 ex
537 1337 582 1391 his
595 1337 625 1392 in
639 1336 862 1405 fornicationem,
872 1337 945 1392 dice·
984 1335 1169 1391 fornicatione
1177 1342 1220 1391 est
1233 1337 1351 1403 intenta,
1360 1342 1449 1391 etnon
1460 1338 1631 1396 dimittitme
1640 1343 1782 1413 quiescere

142 1425 193 1481 bat
207 1427 242 1481 ad
257 1427 362 1482 alium:
376 1426 945 1498 110101101οἀ000010101111011010010-
984 1441 1040 1480 000
1046 1426 1127 1492 hora,
1136 1431 1164 1480 et
1172 1425 1402 1496 affligiturexhoc
1408 1427 1570 1484 animamea
1580 1432 1727 1500 (11011101.
1740 1448 1781 1501 111,
1866 1421 1868 1427 ’

143 1515 234 1582 rabat,
251 1516 365 1570 dicens:
383 1516 446 1570 Non
461 1521 489 1570 te
504 1510 626 1584 dimitto,
639 1517 736 1583 frater,
752 1517 903 1584 discedere,
915 1521 945 1572 et
986 1530 1015 1568 11.
1033 1512 1087 1585 111).
1104 1515 1154 1570 1110
1164 1519 1259 1570 autern
1267 1515 1336 1569 dixit
1347 1515 1372 1569 ei
1386 1517 1519 1580 :Quando
1529 1519 1670 1575 daemones
1679 1522 1784 1593 cogita-

141 1605 260 1677 perdere
275 1604 400 1660 laborem
418 1611 509 1672 tuum,
525 1611 554 1660 et
572 1605 763 1677 virginitatem
777 1611 867 1661 tuam.
891 1606 942 1661 Ille
983 1604 1108 1659 tionesin
1120 1605 1258 1659 cordetuo
1268 1605 1418 1672 seminant,
1427 1613 1456 1660 et
1465 1607 1552 1662 sentis
1560 1609 1621 1676 hoc,
1633 1626 1690 1664 non
1697 1612 1783 1666 collo·

143 1711 209 1749 rero
224 1710 281 1749 non
295 1694 499 1766 acquiescebat,
513 1695 623 1750 dicens:
640 1697 704 1751 Non
718 1695 764 1749 hic
778 1695 872 1764 sedeo,
893 1695 942 1750 sed
983 1693 1079 1765 quaris
1088 1693 1458 1766 cumanimotuo,quoniam
1467 1696 1783 1773 damonumestsugge-

142 1784 223 1838 vado.
239 1784 296 1839 Aut
310 1784 373 1840 reni
385 1800 505 1852 mecum,
521 1783 667 1840 etiterum
681 1784 765 1839 redeo
779 1788 881 1851 tecum,
894 1789 944 1839 aut
956 1766 1443 1854 81000110010000080000000
1452 1784 1614 1852 immittere,
1623 1791 1781 1845 tamennon

142 1879 219 1928 certe
233 1873 345 1928 dimitte
359 1890 414 1940 me,
429 1878 457 1928 et
472 1890 652 1946 permaneam
665 1874 695 1928 in
709 1874 819 1929 saeculo.
830 1874 942 1929 Vadens
984 1871 1663 1947 0110100001110010000.101000101300οε0100το
1679 1883 1707 1932 et
1726 1896 1784 1936 non

142 1967 238 2018 autem
252 1962 348 2029 frater,
369 1961 509 2017 nuntiavit
531 1964 584 2018 hoc
608 1963 720 2018 cuidam
743 1962 803 2018 seni
826 1979 939 2034 magno.
983 1961 1134 2033 suscipere.
1152 1961 1334 2033 Respondens
1346 1967 1441 2016 autem
1455 1961 1552 2031 frater,
1570 1964 1640 2020 dixit
1652 1967 1731 2022 seni:
1748 1969 1784 2024 ut

140 2050 218 2107 Dixit
232 2058 326 2107 autern
338 2051 364 2107 ei
376 2069 461 2109 senex
472 2071 477 2107 :
488 2052 566 2108 Vade
576 2069 640 2108 cum
647 2053 719 2124 ipso,
732 2056 762 2107 01
776 2053 851 2107 11000
862 2052 941 2108 illum
983 2050 1167 2122 quidfaeiam,
1178 2050 1244 2121 quia
1253 2050 1361 2122 fragilis
1369 2068 1441 2119 sum,
1458 2057 1487 2107 et
1499 2060 1614 2125 superat
1629 2072 1674 2110 me
1688 2056 1781 2128 passio

140 2157 193 2213 per
206 2141 330 2197 laborem
344 2147 427 2197 tuum
441 2158 497 2198 non
511 2141 637 2197 dimittet
649 2158 789 2196 corruere.
806 2142 860 2206 Qui
874 2159 941 2197 con·
982 2139 1063 2195 haec?
1074 2140 1124 2195 Ille
1132 2140 1304 2195 autemdixit
1313 2139 1338 2195 ei
1349 2159 1355 2194 :
1365 2141 1494 2196 lntentus
1501 2144 1600 2199 estoad
1609 2145 1782 2216 hujusmodi.

141 2247 260 2302 surgens
273 2230 342 2286 abiit
356 2248 419 2286 curn
429 2248 462 2287 eo
477 2231 512 2286 ad
528 2233 670 2287 seculum.
680 2232 715 2287 Et
729 2231 941 2303 cumpervenis-
983 2229 1043 2284 Scis
1062 2235 1158 2285 autem
1173 2230 1240 2301 quid
1259 2229 1375 2284 secerint
1398 2231 1582 2287 Madianitae?
1603 2233 1782 2291 Ornaveruut

140 2327 185 2375 set
198 2321 235 2375 ad
249 2321 400 2393 quemdam
411 2321 512 2391 vicum,
523 2321 619 2376 videns
628 2320 837 2377 Deuslaborem
852 2320 937 2389 iDius,
981 2318 1052 2373 filias
1068 2336 1143 2387 suas,
1159 2325 1188 2374 et
1197 2323 1357 2374 statuerunt
1370 2336 1418 2374 eas
1430 2320 1461 2374 in
1475 2326 1625 2393 conspectu
1641 2323 1781 2380 Israelita-

140 2410 189 2482 qui
204 2427 237 2465 ex
252 2410 390 2467 charitate
401 2417 429 2466 01
436 2410 602 2467 necessitate
616 2412 732 2473 fratrum
745 2427 828 2466 suum
839 2428 939 2483 seque·
980 2424 1059 2477 rum;
1077 2414 1236 2464 nontamen
1250 2414 1428 2464 extorserunt
1438 2410 1577 2481 aliquibus
1589 2417 1622 2467 ut
1632 2412 1781 2471 misceren-

139 2496 231 2565 batur,
248 2499 363 2556 abstulit
384 2500 637 2572 concupiscentiam
660 2518 677 2555 0
699 2499 786 2556 110110
806 2501 881 2572 ejus.
905 2501 939 2556 Et
979 2501 1027 2552 tur
1041 2513 1104 2553 cum
1123 2498 1172 2564 eis,
1188 2498 1237 2552 sed
1257 2498 1305 2569 qui
1319 2498 1469 2554 voluerunt
1483 2499 1664 2557 incurrerunt
1684 2501 1714 2558 in
1738 2503 1780 2560 eis

138 2587 206 2644 dicit
217 2589 299 2644 fratri
313 2605 380 2645 suo:
395 2590 498 2645 Eamrm
511 2590 614 2644 iterum
627 2590 663 2645 ad
681 2606 817 2657 eremum,
839 2589 936 2645 frater.
979 2585 1078 2655 (Nam.
1101 2590 1175 2658 xxv).
1198 2587 1253 2642 Alii
1276 2592 1371 2641 autem
1402 2587 1582 2660 indignantes
1615 2592 1779 2648 comminati

137 2677 208 2733 Ecce
221 2683 299 2750 puto,
314 2679 380 2752 quia
391 2681 451 2751 jam
466 2679 579 2752 peccari
591 2696 655 2735 cum
668 2679 786 2734 muliere
798 2699 804 2747 3
815 2678 882 2751 quid
897 2681 939 2734 lua
979 2680 1054 2742 sunt,
1066 2682 1165 2731 etcum
1178 2676 1402 2731 interiturarum
1413 2677 1461 2748 qui
1473 2681 1780 2752 praesumpsemnt,ulti

137 2773 232 2823 cratus
241 2784 305 2825 sum
314 2785 350 2823 ex
366 2769 438 2824 hoc?
455 2769 602 2825 Etrerersi
611 2774 678 2825 sunt
699 2768 779 2824 illesi
792 2769 822 2824 in
838 2769 937 2825 cellam
978 2771 1044 2821 sunt
1054 2765 1284 2841 fornicationem:
1302 2767 1343 2820 ita
1356 2766 1496 2838 agendum
1510 2772 1553 2822 est
1567 2773 1596 2823 et
1609 2769 1644 2824 de
1657 2770 1779 2826 fornica-

137 2872 228 2911 suam.
978 2854 1064 2911 tione.
1079 2855 1114 2909 Et
1124 2855 1356 2926 quandoinitium
1371 2855 1477 2911 faciunt
1484 2857 1560 2928 loqui
1575 2857 1605 2912 in
1619 2860 1703 2914 corde
1717 2865 1776 2929 tuo,

171 2945 217 3002 19.
235 2946 335 3003 Frater
347 2952 473 3003 tentatus
488 2965 505 3003 a
528 2947 654 3003 daemone
677 2947 816 3020 profectus
839 2953 882 3004 est
900 2949 935 3003 ad
976 2960 1033 2998 non
1044 2945 1213 3016 respondeas
1227 2944 1283 3012 eis,
1300 2945 1349 2999 sed
1368 2960 1496 3016 surgens,
1513 2962 1563 3001 ora
1578 2952 1606 3001 et
1621 2964 1672 3019 age
1686 2951 1778 3021 poeni·

137 3036 289 3105 quemdam
300 3054 406 3105 senem,
415 3038 526 3092 dicens:
543 3037 616 3102 Quia
625 3037 727 3093 duoilli
736 3037 837 3093 fratres
851 3038 935 3094 simul
976 3034 1105 3099 tentiam,
1121 3033 1232 3088 dicens:
1248 3033 1301 3088 Fili
1314 3033 1374 3100 Dei,
1391 3034 1525 3089 miserere
1540 3036 1605 3090 mci.
1630 3037 1706 3092 Dixit
1724 3055 1776 3094 au-

139 3130 215 3192 sunt,
229 3130 258 3181 01
271 3127 345 3182 male
359 3126 464 3182 vivunt.
480 3127 617 3198 Cognovit
630 3131 725 3182 autem
739 3144 824 3182 senex
838 3128 905 3199 quia
919 3129 1035 3195 actem
1050 3123 1076 3177 ei
1085 3122 1190 3178 frater:
1206 3122 1275 3177 Ecce
1288 3122 1419 3190 meditor,
1435 3122 1516 3191 abba,
1529 3130 1558 3179 et
1571 3141 1628 3182 000
1643 3131 1686 3181 001
1699 3144 1777 3183 com·

137 3214 263 3270 daemone
278 3216 453 3282 illuderetur,
466 3222 495 3271 et
504 3216 619 3271 mittens
629 3216 737 3271 vocarit
747 3234 794 3272 eos
804 3218 839 3271 ud
849 3234 888 3272 se.
901 3218 936 3273 Et
977 3213 1091 3284 punctio
1102 3213 1131 3267 in
1146 3212 1229 3266 corde
1240 3229 1312 3280 mco,
1325 3212 1494 3283 quianescio
1504 3213 1731 3271 virtutemrerbi.
1742 3219 1778 3273 Et

134 3319 199 3359 cum
207 3303 312 3359 factum
320 3311 394 3360 esset
403 3322 527 3378 vespere,
535 3306 754 3377 posuitmattam
764 3305 936 3363 duobusillis
976 3301 1023 3356 ille
1037 3301 1122 3356 dixit:
1140 3303 1175 3357 Et
1188 3306 1219 3356 tu
1232 3307 1327 3356 tumen
1343 3301 1489 3357 meditare·
1505 3303 1607 3357 Audivi
1620 3305 1695 3359 enim
1710 3306 1777 3377 quia

133 3392 277 3460 fratribus,
294 3400 323 3449 et
338 3395 486 3467 cooperuit
506 3412 553 3450 eos
568 3395 598 3449 in
611 3411 668 3451 uno
692 3400 794 3462 stratu,
820 3395 933 3451 dicens:
977 3390 1171 3446 dixeritabbas
1185 3391 1294 3457 Pastor,
1302 3391 1352 3445 sed
1361 3396 1389 3445 et
1398 3391 1446 3446 0111
1461 3392 1622 3449 Patreshoc
1638 3394 1773 3450 verbum:

133 3479 200 3536 Filii
211 3482 262 3537 Dei
277 3484 373 3554 magni
384 3485 595 3540 etsanctisunt.
606 3484 784 3540 Dixitautem
800 3484 936 3557 discipulo
977 3481 1117 3546 Quoniam
1128 3481 1287 3536 incantator
1301 3480 1432 3535 virtutem
1453 3481 1602 3537 verborum
1623 3500 1684 3555 quae
1708 3483 1776 3540 dicit

135 3587 187 3625 suo
201 3589 207 3627 :
223 3571 301 3627 11000
313 3572 431 3628 fratrem
455 3574 552 3629 claude
567 3575 596 3629 in
612 3575 682 3629 cella
702 3591 849 3642 seorsum;
876 3576 935 3647 ipse
976 3569 1066 3625 nescit
1079 3589 1086 3639 3
1102 3570 1151 3626 sed
1165 3587 1280 3642 serpens
1295 3569 1383 3637 audit,
1400 3576 1429 3624 et
1442 3571 1495 3625 scit
1519 3571 1652 3627 virtutem
1677 3590 1774 3630 eorum

133 3660 208 3715 enim
224 3661 385 3734 passionem
396 3680 481 3735 quam
497 3663 552 3718 illis
566 3662 669 3736 objecit
682 3663 711 3718 in
724 3680 754 3719 se
766 3663 860 3719 habet.
978 3675 1039 3731 quae
1055 3660 1244 3727 incantantur,
1261 3664 1290 3714 ct
1302 3659 1450 3730 subjicitur
1459 3660 1625 3729 incantanti,
1642 3667 1671 3717 et
1685 3662 1775 3718 humi·

168 3747 212 3807 30.
228 3751 327 3806 Frater
341 3752 454 3824 quidam
470 3753 539 3808 dixit
560 3753 639 3808 seni:
666 3753 739 3832 Quid
767 3753 847 3820 facio,
870 3750 937 3826 quia
976 3748 1072 3804 liatur.
1089 3749 1135 3805 Sic
1150 3754 1179 3804 et
1191 3765 1251 3815 nos,
1269 3748 1395 3820 quamvis
1407 3749 1570 3820 ignoremus
1582 3750 1715 3806 virtutem
1725 3769 1773 3808 eo-

132 3839 234 3895 occidit
248 3857 294 3895 me
304 3841 417 3897 sordida
427 3842 580 3913 cogitatio?
595 3841 669 3898 Dicit
684 3842 709 3897 ei
718 3859 819 3900 senex:
834 3843 936 3898 Mulier
975 3854 1040 3893 rum
1055 3855 1116 3910 quac
1131 3839 1281 3911 loquimur,
1299 3838 1439 3893 demones
1451 3845 1549 3894 tamen
1563 3840 1710 3897 audientes
1719 3847 1775 3898 ter·

131 3930 244 4002 quando
258 3931 318 3985 vult
330 3930 470 3986 ablactare
482 3932 570 3987 lilium
582 3949 674 3999 sunm,
687 3949 816 3988 amarum
828 3932 935 4005 aliquid
975 3932 1074 3983 rentur
1089 3936 1173 4000 atque
1190 3927 1346 3984 discedunt.

130 4020 300 4091 superungit
314 4019 446 4076 uberibus
458 4021 533 4089 suis;
550 4027 654 4076 etcum
670 4021 778 4077 venerit
794 4022 886 4077 infans
901 4039 934 4076 ex
1011 4014 1055 4075 33.
1069 4017 1185 4073 Dicebat
1205 4035 1306 4074 senex:
1334 4020 1407 4085 Quia
1427 4019 1559 4091 cogitatio
1582 4020 1775 4077 fornicationis

131 4108 335 4163 consuetudine
356 4126 456 4181 sugere
481 4111 532 4177 100,
554 4111 678 4165 00011000
703 4110 931 4178 amaritudinem,
973 4105 1080 4177 fragilis
1093 4114 1145 4174 est,
1157 4108 1233 4162 velut
1242 4111 1412 4181 papyrussr
1427 4126 1493 4180 ergo
1502 4109 1626 4180 jactetur
1636 4111 1666 4166 in
1680 4111 1771 4179 nobis,

131 4197 245 4268 refugit.
258 4197 337 4253 Mitte
351 4216 417 4270 ergo
433 4205 460 4254 et
471 4205 502 4254 tu
514 4200 543 4254 iu
558 4200 726 4271 cogitatione
735 4204 784 4254 tua
799 4206 932 4254 amantu—
974 4200 1002 4249 et
1017 4212 1072 4250 non
1087 4197 1296 4267 acquiescentes
1311 4199 1491 4270 projiciamus
1506 4198 1583 4252 illam
1599 4198 1723 4266 anobis,
1733 4201 1773 4255 sa·

130 4284 236 4340 dinem.
254 4286 329 4345 Dicit
343 4287 468 4342 01110101
481 4306 486 4342 :
505 4289 571 4354 Quae
594 4294 637 4344 est
654 4289 823 4356 amaritudo,
846 4306 931 4361 quam
973 4284 1023 4339 cile
1035 4285 1186 4356 rumpitur.
1200 4286 1396 4341 Necessarium
1407 4285 1544 4356 igiturest
1554 4290 1586 4340 ut
1595 4287 1632 4340 sit
1641 4287 1772 4342 discretio

129 4375 249 4431 debeam
257 4376 390 4432 mittere?
405 4377 480 4432 Dixit
495 4377 520 4432 ei
529 4395 613 4433 senex
625 4397 630 4431 :
644 4379 848 4448 Cogitationem
858 4395 931 4434 mor·
971 4374 1001 4428 in
1015 4374 1184 4445 cogitatione
1199 4379 1305 4439 nostra,
1322 4391 1378 4446 qua
1391 4390 1576 4445 agnoscamus
1591 4374 1658 4447 quia
1668 4375 1713 4430 his
1724 4377 1773 4447 qui

129 4464 168 4520 tis
182 4469 435 4533 ettormentorum,
456 4483 518 4538 quae
532 4466 562 4522 in
578 4468 678 4523 saeculo
691 4468 785 4523 futuro
800 4453 961 4540 peceato-[l
971 4463 1149 4518 consentiunt
1163 4463 1189 4517 ei
1204 4479 1260 4518 non
1274 4463 1311 4518 sit
1324 4480 1387 4535 spes
1402 4463 1501 4519 salutis
1515 4482 1521 4531 ;
1538 4463 1594 4518 illis
1609 4467 1706 4519 autem
1724 4464 1772 4537 qui

128 4552 208 4610 ribus
222 4560 427 4627 praeparantur.
970 4569 1026 4608 000
1041 4552 1229 4619 00000011001,
1244 4552 1369 4625 reposita
1381 4553 1419 4608 sit
1430 4569 1545 4612 corona.

166 4642 213 4702 31.
232 4644 331 4699 Frater
345 4644 458 4716 quidam
474 4645 657 4717 interrogarit
669 4663 765 4702 senem
780 4646 928 4718 (10110100-
1006 4640 1049 4699 31.
1066 4642 1127 4697 1100
1138 4641 1406 4715 fratresimpugnati
1416 4641 1772 4710 afornicatione,abierunt

128 4732 206 4787 modi
220 4733 389 4805 cogitatione
399 4735 523 4804 (duffio,
540 4736 588 4789 lib.
604 4750 646 4802 111,
659 4752 686 4790 η.
704 4733 760 4806 61).
777 4736 812 4791 Et
825 4736 893 4791 dicit
903 4737 928 4791 ei
969 4737 998 4787 et
1012 4736 1180 4803 acceperunt
1193 4749 1303 4787 uxores.
1320 4733 1422 4788 Postea
1432 4737 1527 4788 autem
1537 4733 1668 4788 dixerunt
1680 4733 1715 4788 ad
1725 4733 1770 4789 10-

128 4837 231 4877 senex:
245 4823 302 4894 Ego
317 4840 461 4894 nunquam
472 4824 633 4879 stimulatus
643 4841 704 4880 sum
716 4824 751 4880 de
766 4825 817 4879 hac
833 4842 873 4880 10.
895 4826 930 4880 Ε1
969 4822 1057 4876 ricem
1070 4839 1075 4874 :
1093 4822 1165 4886 Quid
1176 4823 1275 4877 lucrati
1290 4838 1387 4877 sumus
1397 4822 1463 4894 quia
1476 4822 1651 4877 deseruimus
1665 4822 1771 4894 angeli·

128 4911 333 4967 scandalizatus
346 4919 389 4967 est
400 4912 430 4968 in
446 4930 478 4968 eo
493 4912 540 4968 ille
555 4912 651 4980 frater,
666 4918 695 4968 et
708 4913 780 4968 abiit
790 4915 825 4969 ad
841 4915 928 4970 alium
969 4928 1034 4967 cum
1045 4912 1181 4978 ordinem,
1198 4915 1227 4966 et
1239 4912 1365 4966 venimus
1380 4911 1410 4966 in
1425 4911 1639 4966 immunditiam
1652 4911 1733 4979 banc,
1742 4919 1771 4969 01

128 5015 237 5066 senem,
250 4999 365 5056 dicens:
384 5001 452 5056 Ecce
466 5002 518 5056 hoc
533 5002 603 5057 dixit
617 5002 686 5056 milri
710 5002 758 5057 ille
782 5019 874 5070 senex,
901 5009 930 5058 et
970 5007 1032 5074 post
1048 5003 1108 5057 haec
1122 5001 1151 5056 in
1163 5001 1305 5072 ignem,et
1313 5001 1341 5055 10
1349 5005 1523 5056 tormentum
1532 5001 1642 5058 1001011
1652 5001 1769 5058 sumus?

128 5088 333 5145 scandalizatus
349 5107 411 5145 sum
427 5090 456 5145 in
471 5108 524 5146 eo:
545 5090 611 5162 quia
625 5108 710 5163 super
732 5096 863 5147 naturam
887 5098 930 5148 est
970 5091 1127 5146 Redeamus
1142 5107 1208 5162 ergo
1224 5091 1259 5145 ad
1274 5107 1410 5158 eremum,
1427 5095 1586 5162 etagamus
1602 5091 1637 5146 de
1651 5091 1696 5147 his
1708 5109 1769 5164 quae

127 5178 203 5249 quod
216 5178 294 5233 dixit.
311 5179 386 5235 Dicit
400 5179 425 5234 ei
436 5197 533 5235 senex:
551 5181 613 5236 Non
627 5180 791 5252 simpliciter
800 5181 851 5235 tibi
860 5181 929 5237 dixit
969 5180 1200 5251 praesumpsimus
1211 5179 1417 5251 penitentiam.
1436 5180 1470 5234 Et
1492 5179 1635 5236 venientes
1650 5181 1686 5236 ad
1706 5197 1769 5236 ere·

126 5262 181 5320 hoc
194 5266 242 5321 ille
257 5268 340 5322 homo
355 5268 405 5323 Dei
417 5287 423 5336 3
440 5270 489 5324 sed
499 5287 592 5341 surge,
608 5269 677 5323 rarle
692 5274 720 5326 et
733 5269 927 5342 poenitentiam
969 5285 1057 5334 nrum,
1068 5274 1335 5340 rogaveruntpatres
1347 5274 1377 5322 ut
1387 5269 1561 5341 susciperent
1569 5287 1617 5325 eos
1631 5271 1768 5342 preniten-

127 5370 181 5425 age
197 5355 272 5426 apud
287 5372 362 5423 eum,
376 5362 408 5411 ut
423 5357 531 5429 aperiat
546 5357 595 5412 tibi
611 5358 742 5413 virtutem
765 5375 927 5414 sermonum
968 5363 1011 5412 tes
1025 5363 1054 5410 et
1068 5357 1233 5412 confitentes
1248 5373 1354 5428 eaquae
1376 5362 1530 5428 gesserant.
1549 5358 1583 5412 Et
1606 5358 1768 5413 clauserunt

128 5458 255 5499 suorum.
267 5444 397 5500 Surrexit
411 5462 477 5518 ergo
487 5447 534 5502 ille
544 5446 640 5513 frater,
655 5450 684 5501 et
691 5447 767 5502 venit
774 5448 809 5502 ad
820 5464 926 5516 senem,
969 5462 1016 5501 eos
1031 5462 1104 5501 anno
1119 5446 1229 5518 integro
1244 5462 1333 5514 senes,
1355 5452 1384 5500 et
1406 5445 1541 5503 ambobus
1563 5447 1709 5517 aqualiter
1732 5447 1768 5501 ad

127 5547 216 5604 agens
237 5532 266 5588 in
289 5540 439 5607 conspectu
459 5537 520 5608 eius
545 5535 751 5609 poenitentiam.
778 5538 813 5592 Et
839 5537 924 5592 dixit:
968 5552 1086 5609 pensum
1099 5535 1318 5608 dabaturpanis,
1331 5535 1768 5607 etadmensuramaqua.Erant

126 5619 245 5704 Ignosce
263 5622 344 5694 mihi,
359 5629 447 5697 pater,
464 5624 532 5697 quia
546 5625 631 5682 stulte
645 5623 708 5694 feci,
723 5641 779 5683 non
790 5624 864 5684 dicto
878 5624 929 5683 tibi
968 5631 1064 5684 autem
1078 5623 1183 5684 risione
1197 5625 1363 5686 consimiles.
1380 5626 1494 5684 litdum
1516 5625 1681 5699 completum
1695 5621 1764 5680 fuis·
