3818 6120
137 284 189 344 721
874 290 1073 349 rambula.
1721 293 1776 356 itt

137 407 180 467 cis
193 409 317 467 culmina
329 414 521 491 resultabant;
536 436 628 494 neque
640 422 775 477 ediverso
785 415 1033 485 habitatio-Anio,
1047 421 1129 487 gesta
1153 424 1256 477 cuent.
1272 421 1494 494 Quomodonam,
1513 439 1618 497 queso,
1639 421 1774 480 Paulinus

137 496 327 570 nisey'usdem,
338 502 445 561 dissoni
457 505 935 583 licetprepositn,h0spitesobstre
976 504 1132 578 sciretque
1152 523 1203 563 nec
1223 510 1272 582 qui
1281 512 1463 587 ierosolymis
1477 519 1572 570 essent
1580 529 1663 570 nosse
1674 516 1774 584 potue·

136 585 253 660 pebant
267 589 317 646 ssd
329 597 359 647 et
372 592 401 648 in
416 592 471 650 illis
484 597 615 670 religiosa
625 598 764 656 modestia
772 594 937 653 imitabatur
976 593 1055 651 sinti
1069 601 1102 652 ut
1114 597 1244 669 superius
1256 605 1300 655 est
1313 600 1573 660 demonstratumin
1586 599 1775 659 controversia

134 678 405 736 acaemitensium
426 683 593 759 discipline;
620 693 653 743 ut
677 688 702 743 si
724 686 938 743 dissimularent
977 683 1347 744 illahabitaintersanctum
1356 689 1774 764 Epiphaniumctloannemle·

132 767 283 823 concinere
292 768 473 840 vigilantibus
482 775 562 846 pigro
570 777 767 850 ventresopiti‚
777 781 937 831 tamennon
977 773 1211 844 rosolymitanum
1221 776 1774 853 episcopum,01igenistarumpatronum

133 854 275 911 auderent
285 857 339 930 piis
356 860 468 917 vocibus
482 863 637 932 dissonare,
653 865 729 922 fideli
742 865 845 921 timore
859 880 936 919 com·
976 866 1127 930 negantem
1136 875 1231 918 tamen
1240 880 1271 919 se
1280 865 1408 937 Origenis
1419 884 1528 924 errores
1537 869 1697 934 defendere,
1712 884 1775 941 qua

132 943 228 1016 potiti,
244 946 292 1018 qui
311 948 422 1021 placitis
439 952 621 1023 psallentium
636 954 760 1021 vocibus,
775 969 934 1026 compresse
977 947 1079 1004 littaris
1093 950 1183 1006 sancti
1197 952 1361 1026 Hieronymi
1369 957 1419 1011 uni
1427 957 1574 1014 innotuere
1584 957 1773 1014 Pammachio.

132 1033 311 1090 secularium
324 1038 473 1096 turbarum
487 1045 623 1111 tumultu,
636 1044 721 1099 etiam
735 1042 813 1099 taciti
840 1042 934 1098 conci·
975 1036 1152 1110 Videsigitur
1158 1040 1307 1097 Paulinum
1321 1043 1555 1101 lrommomnium
1568 1047 1680 1119 penitus
1693 1046 1776 1118 igna-

132 1120 251 1178 nebant.
262 1124 367 1182 Verum
386 1133 420 1183 ut
432 1130 468 1185 ad
483 1131 635 1203 perfectam
651 1132 764 1189 Domini
776 1130 935 1187 columbam
974 1141 1039 1183 rum
1053 1128 1123 1183 adeo
1136 1129 1255 1185 mirilico
1267 1132 1418 1188 llelaniam
1429 1135 1496 1205 jure
1515 1135 1659 1204 laudasse;
1673 1135 1722 1191 sed
1741 1139 1771 1190 et

131 1226 288 1281 mennam,
304 1214 374 1270 scito
384 1233 461 1274 nunc
473 1219 557 1276 istam
571 1227 682 1278 tanum
696 1221 726 1277 in
738 1237 806 1276 sexu
820 1218 937 1275 infirmi·
977 1216 1039 1286 ejus
1053 1215 1082 1271 iu
1098 1217 1142 1272 via
1160 1219 1292 1275 comitem
1319 1221 1464 1278 immensis
1489 1223 1643 1296 preconiis,
1658 1223 1722 1278 aliis
1739 1223 1776 1279 ad

132 1299 203 1355 tatis
216 1300 349 1358 virtutem
359 1305 420 1369 Dei,
433 1307 479 1362 cui
491 1307 605 1364 relectio
620 1309 649 1365 in
660 1309 780 1381 jejunio,
786 1308 899 1381 requies
906 1309 937 1364 in
977 1305 1108 1360 eumdem
1117 1308 1251 1364 Severum
1261 1308 1334 1365 datis
1340 1310 1612 1379 litteris,celcbrasss
1619 1311 1774 1379 Rutlinum,

132 1389 273 1458 oratione,
288 1393 369 1465 panis
380 1393 411 1450 in
425 1395 519 1462 verbo,
534 1398 649 1454 habitus
676 1399 706 1454 in
729 1414 833 1471 panno,
848 1397 937 1453 lectus
976 1391 1007 1448 in
1021 1409 1142 1465 quorum
1156 1394 1373 1454 celebrationem
1386 1399 1512 1457 omnium
1531 1416 1666 1457 conversa
1690 1399 1777 1456 fuisse

133 1476 166 1533 in
177 1480 278 1551 sagulo
291 1488 321 1538 et
333 1490 451 1541 centone
465 1485 554 1543 durus
567 1487 598 1544 in
611 1494 689 1544 terra
700 1489 734 1543 tit
747 1487 840 1543 mollis
853 1486 936 1543 inlit·
977 1481 1072 1538 studia
1083 1483 1776 1564 Christianorum,quispoteritdubitare(Parilia,

133 1570 208 1637 tera,
226 1586 283 1641 qun
297 1570 383 1643 rigidi
405 1575 506 1632 cubilis
524 1575 658 1649 injuriam
679 1577 791 1649 mitigat
810 1575 937 1632 lectionis
976 1573 1054 1641 epist
1066 1568 1110 1644 oy
1124 1573 1167 1629 lin
1181 1573 1269 1632 vidos.
1292 1575 1395 1647 quibus
1408 1576 1572 1649 qualibusve
1585 1577 1777 1635 anteambulo·

133 1656 276 1730 voluptas,
286 1665 317 1716 et
330 1667 432 1721 sancte
446 1665 547 1722 anima
560 1667 591 1722 in
611 1666 731 1723 Domino
748 1665 874 1739 vigilare,
894 1681 937 1721 re·
976 1659 1060 1716 nibus
1072 1660 1248 1719 inferaturin
1258 1664 1358 1720 urbem
1372 1665 1632 1739 haeresisOrigenis,
1648 1671 1681 1723 ut
1693 1667 1777 1740 plane

134 1746 283 1819 quiescere
295 1756 349 1806 est.
943 1732 1028 1821 Bpro
1035 1748 1171 1807 miraculo
1179 1751 1329 1809 dicendum
1337 1753 1432 1823 luerit,
1443 1754 1577 1819 si.audito
1583 1754 1678 1812 sonitu
1688 1753 1774 1823 tube,

174 1853 187 1887 t
204 1836 284 1894 Hunc
296 1855 363 1912 ergo
379 1841 437 1897 filia
452 1843 520 1899 Sion
533 1845 670 1901 hactenus
679 1843 779 1900 habuit
790 1849 820 1900 et
829 1843 937 1900 deside·
976 1837 1088 1914 fiotuloe,
1104 1844 1133 1895 et
1146 1839 1271 1909 umere,
1285 1840 1436 1911 sambucae,
1451 1848 1480 1899 et
1488 1843 1624 1917 psalterii,
1639 1841 1776 1917 sympho-

134 1927 191 1989 rat,
209 1942 286 1983 nunc
299 1927 360 1984 tilia
375 1929 527 2003 Babylonis
538 1932 624 1988 habet
638 1938 668 1990 et
683 1933 855 2002 admiratur;
871 1932 939 2004 quia
977 1925 1042 1994 nie,
1059 1931 1088 1983 ct
1097 1928 1189 1984 omnis
1202 1929 1316 2001 generis
1328 1931 1512 2001 musicorum,
1523 1948 1581 1988 non
1599 1931 1778 1988 adoraverint

131 2009 195 2093 jam
204 2020 235 2072 et
247 2017 309 2090 ipsa
318 2017 388 2074 urbs
394 2019 424 2075 in
433 2020 562 2093 pluribus
575 2022 634 2078 lilia
649 2020 718 2078 Sion
728 2027 774 2077 est
787 2020 939 2094 qnamfllic
978 2031 1077 2071 omnes
1088 2021 1212 2073 statuam
1225 2034 1341 2075 auream
1355 2022 1436 2089 (Dec.
1450 2023 1502 2092 u1);
1518 2021 1552 2088 si,
1567 2021 1693 2095 iuquam,
1706 2036 1777 2094 quos

134 2105 306 2180 Babylone
322 2111 350 2162 et
362 2108 427 2164 ideo
437 2109 558 2166 miratur
566 2111 596 2167 in
604 2109 774 2167 humilitatis
783 2109 901 2166 obscuro
909 2114 939 2165 et
977 2105 1219 2162 mncnssimorum
1243 2108 1367 2165 virorum
1382 2109 1468 2165 enam
1485 2109 1617 2166 audirent
1642 2109 1778 2166 encomiis

133 2196 263 2253 veritatis
269 2196 487 2266 luceviventem,
495 2204 524 2255 et
531 2199 597 2255 tidei
603 2199 786 2256 incitamenta
793 2197 935 2266 divitibus,
978 2210 1050 2266 pene
1063 2194 1164 2250 divinis
1178 2196 1368 2269 efferri,aeque
1377 2197 1521 2270 plausibus
1535 2214 1592 2254 non
1605 2199 1775 2272 exceperint,

134 2286 331 2358 angustiarum
341 2287 938 2361 solatiapsuperibusministrantemquan·
977 2287 1008 2338 et
1020 2281 1107 2338 obviis
1121 2300 1234 2357 quoque
1247 2285 1387 2353 manibus,
1403 2286 1478 2361 quod
1493 2286 1599 2342 abillis
1618 2284 1777 2343 sanctitatis

135 2391 222 2449 quam
236 2375 285 2430 illa
294 2375 398 2447 quietis
407 2382 437 2432 et
446 2376 560 2434 latebre
576 2395 634 2434 sue
645 2378 721 2450 apud
736 2378 893 2434 Jerusalem
906 2377 937 2433 in
976 2371 1060 2428 titulo
1074 2371 1142 2429 foris
1159 2373 1324 2447 inscriptum
1339 2376 1498 2445 offerretur,
1509 2392 1608 2433 omnes
1621 2391 1679 2432 non
1697 2390 1777 2432 acce·

133 2463 271 2523 Romanis
291 2464 374 2520 modo
395 2464 486 2522 turbis
509 2471 632 2523 estuans
653 2468 758 2523 clamat
773 2485 780 2522 ι
796 2470 855 2524 lieu
873 2470 937 2522 nac!
977 2459 1094 2533 ptarint,
1110 2465 1163 2516 01⁶·

132 2558 202 2625 quio
214 2556 353 2609 incolatus
366 2571 443 2610 meos
453 2559 635 2625 protospatae
644 2562 683 2611 cst
693 2558 746 2628 (Pr.
757 2558 842 2623 ιιιι);
857 2553 936 2611 ideo·
1011 2549 1128 2622 Accepit
1139 2553 1207 2606 tunc
1224 2551 1300 2606 idem
1312 2551 1449 2609 Paulinus
1464 2569 1482 2609 a
1502 2553 1623 2611 Melania
1642 2553 1777 2627 perbreve

133 2642 270 2699 nedilata
282 2658 355 2711 sum,
364 2648 397 2699 ut
406 2660 481 2699 nunc
496 2643 655 2700 habitarem
665 2661 728 2701 cum
742 2643 936 2701 habitantibus
975 2643 1155 2710 segmentum
1169 2639 1430 2711 lignisonmissimae
1443 2643 1544 2710 crucis,
1559 2644 1678 2699 missum
1691 2641 1745 2699 sibi
1759 2659 1777 2699 a

132 2731 244 2788 Cedari
254 2731 314 2788 Hoc
320 2724 395 2788 euim
400 2732 515 2789 nomine
522 2734 596 2807 apud
605 2734 738 2790 Hebraeos
751 2736 793 2804 tut
800 2733 934 2806 comperi)
975 2726 1084 2783 Joanno
1091 2728 1329 2802 ierosolymorum
1340 2731 1613 2804 episcopo'l'estatur
1620 2732 1649 2789 id
1663 2730 1777 2805 quidem

131 2820 311 2893 significatur
317 2821 482 2878 obscuritas.
494 2823 587 2887 Quare
596 2823 638 2879 ita
644 2823 685 2879 illi
691 2822 891 2895 gratulandum
901 2823 936 2879 de
975 2813 1036 2888 ipsc
1044 2816 1189 2883 Paulinus,
1204 2833 1268 2873 cum
1282 2833 1316 2872 ex
1328 2834 1361 2874 eo
1381 2820 1449 2891 quid
1461 2820 1605 2877 modicum
1618 2825 1774 2893 sumptum,

132 2911 299 2966 memoratis
308 2911 458 2967 virtutibus
473 2917 551 2984 puto²
567 2918 600 2968 ut
615 2913 651 2968 de
676 2911 806 2983 praesenti
816 2911 882 2968 sede
896 2911 934 2966 ti-
974 2903 1306 2972 nomineThel‘usloetllae,
1316 2907 1666 2982 mittitudsocrumipsillt
1680 2908 1778 2966 Severi

86 3008 92 3033 ³
132 3005 256 3066 meatur,
271 3004 375 3055 uttam
388 3000 505 3072 insignis
517 3001 615 3057 anima
627 3002 691 3074 plus
702 3002 797 3057 Rome
810 3000 936 3058 conferat
976 2993 1133 3064 Remulum,
1148 2995 1215 3051 dum
1228 2996 1287 3052 hac
1301 2997 1364 3053 ait:
1382 3017 1396 3051 ι
1411 2997 1528 3054 Partem
1540 2998 1685 3071 particule
1699 2999 1735 3055 dc
1744 2999 1777 3054 li·

132 3104 219 3161 quam
234 3089 270 3144 de
285 3090 375 3145 Roma
388 3091 493 3157 uelim,
504 3096 534 3146 ct
551 3091 591 3146 sic
605 3092 703 3147 sedeat
718 3106 804 3162 super
816 3089 936 3146 flumina
974 3099 1031 3155 gno
1045 3083 1144 3140 divine
1155 3084 1256 3153 crucis,
1266 3085 1342 3157 quod
1355 3085 1437 3142 nobis
1449 3087 1555 3142 donum
1568 3086 1777 3144 bencdictalle·

132 3176 295 3250 Babylonis,
312 3183 341 3233 et
354 3179 517 3235 recordetur
532 3180 696 3249 SioniPscl.
712 3181 830 3246 cusu),
846 3183 934 3234 etor-
975 3171 1053 3227 lania
1070 3171 1105 3227 ab
1128 3173 1284 3231 Jerusalem
1312 3191 1430 3231 munere
1455 3176 1546 3231 sancti
1564 3175 1631 3231 inde
1653 3174 1776 3248 episcopi

133 3281 209 3338 gano
220 3267 346 3340 corporis
360 3267 403 3323 sui
418 3283 554 3340 suspenso
567 3267 602 3324 ab
612 3267 731 3324 inimicas
744 3267 934 3323 omnibusne·
975 3261 1092 3317 loannis
1101 3259 1206 3329 attulit,
1212 3262 1266 3319 hcc
1275 3262 1435 3335 specialiter
1445 3265 1535 3320 sorori
1549 3269 1653 3320 nostre
1662 3280 1776 3321 venera·

132 3353 244 3428 bylonis
258 3355 368 3411 insidiis
383 3361 413 3412 et
425 3355 574 3424 illecebris,
584 3357 668 3412 insui
678 3355 814 3430 propositi
824 3361 933 3424 tenore,
974 3349 1024 3406 bili
1038 3350 1163 3407 Bossuloe
1183 3352 1262 3408 misit
1283 3368 1417 3408 conserva
1439 3353 1609 3412 communis.
1633 3353 1688 3410 Sed
1700 3354 1776 3426 qood

132 3444 212 3500 aeliu
224 3443 255 3499 in
268 3444 399 3500 salicibus
409 3445 533 3518 genuino
555 3462 669 3519 semper
687 3446 805 3502 humore
818 3445 935 3501 viventi·
975 3440 1057 3496 alteri
1065 3445 1191 3496 vestrum
1201 3441 1294 3509 datur,
1306 3442 1453 3515 utriusque
1466 3447 1590 3500 vestrum
1605 3442 1734 3515 estquis
1744 3442 1775 3500 in

132 3529 195 3601 bus,
211 3533 365 3589 constituta
378 3534 468 3590 virere
493 3552 549 3589 non
572 3534 692 3601 desinat,
709 3538 738 3588 et
750 3537 935 3606 permanente
975 3533 1096 3601 utroque
1111 3535 1234 3586 vestrum
1247 3546 1306 3586 una
1315 3531 1501 3599 ratiomanct,
1510 3537 1539 3588 et
1549 3548 1647 3588 sexum
1659 3536 1777 3588 evacuat

131 3621 198 3678 tldci
213 3623 382 3688 constantia,
397 3623 564 3697 virtutisque
576 3624 680 3695 matie,
695 3622 793 3678 solium
807 3623 870 3694 ejus
876 3638 934 3679 non
975 3620 1115 3691 fidaeque
1121 3620 1152 3675 in
1158 3620 1250 3677 virum
1267 3621 1422 3694 perfectum
1437 3621 1521 3678 ambo
1530 3620 1706 3678 concurritis.
1720 3621 1775 3678 Ac·

131 3709 248 3778 defluat,
261 3716 290 3766 et
298 3711 372 3765 sicut
380 3711 438 3766 vita
446 3713 508 3783 ejus
520 3713 550 3767 in
559 3712 661 3767 itinere
671 3717 841 3784 asportatur,
852 3711 893 3766 ita
906 3717 935 3767 et
974 3708 1058 3782 cipite
1066 3725 1133 3781 ergo
1146 3708 1182 3764 ab
1196 3709 1338 3766 unanimis
1347 3710 1491 3780 tratribus,
1502 3710 1533 3768 in
1546 3711 1624 3768 omni
1638 3710 1712 3766 bono
1726 3726 1775 3766 ve·

130 3798 195 3855 laus
207 3798 238 3854 in
250 3800 325 3855 exitu
337 3806 465 3856 canatur.
485 3820 497 3853 ι
514 3801 666 3872 Hucusque
675 3800 810 3856 Paulinus
828 3800 864 3856 de
882 3800 933 3855 ad·
973 3802 1065 3854 strum
1073 3797 1126 3853 sibi
1135 3799 1632 3874 consortiumcupientibus.llccipite
1639 3814 1776 3872 magnum

130 3893 220 3946 ventu
234 3888 359 3945 llelanie
373 3889 491 3944 Romam
508 3908 514 3943 z
532 3906 617 3961 quem
632 3890 746 3962 quidem
759 3889 859 3945 urbem
868 3905 933 3946 cum
973 3886 1004 3942 iu
1018 3886 1128 3943 modico
1138 3903 1260 3953 manusc
1279 3889 1352 3946 etin
1366 3895 1511 3962 segmento
1520 3906 1593 3962 pene
1613 3894 1708 3947 atomo
1721 3889 1775 3946 ba·

129 3976 172 4034 sic
186 3977 315 4033 nominet
329 3977 416 4033 filiam
429 3977 589 4051 Babylonis,
606 3986 639 4035 ut
657 3984 753 4034 tanmn
765 3979 795 4034 in
806 3977 933 4049 pluribus
973 3975 1054 4031 stulte
1067 3975 1169 4042 brevis,
1188 3977 1291 4032 sumite
1311 3978 1517 4035 monimentum
1533 3978 1719 4052 praesentiret
1733 3977 1774 4052 pi·

129 4065 210 4123 dicat
219 4067 451 4138 campresetcrre
464 4067 552 4123 libam
563 4068 640 4134 Sion,
649 4067 731 4123 facile
745 4073 813 4140 puto
827 4067 934 4123 intelli·
973 4080 1046 4137 gnus
1061 4070 1172 4121 aeterua
1184 4066 1293 4122 salutis.
1311 4067 1375 4123 Non
1394 4073 1564 4140 angustetur
1585 4068 1656 4124 tides
1682 4072 1777 4124 vestra

127 4155 185 4228 gis,
197 4155 363 4211 eunominis
383 4156 468 4212 unius
481 4156 559 4212 urbis
578 4157 713 4212 varietate
727 4155 933 4211 discriminatos
973 4153 1133 4209 carnalibus
1143 4154 1231 4209 oculis
1241 4169 1328 4227 parva
1337 4155 1527 4224 cernentibus3
1538 4155 1703 4213 sedintenta
1714 4155 1775 4212 acie

128 4259 194 4300 asse
203 4244 323 4316 gentiles
337 4262 356 4300 a
367 4245 534 4301 Christianis
545 4264 553 4315 ;
564 4245 700 4301 nimirum
712 4250 745 4300 ut
762 4261 796 4300 ca
806 4261 840 4299 ex
853 4250 947 4317 parte-
974 4247 1063 4299 totam
1078 4242 1107 4297 in
1117 4242 1170 4298 hoc
1183 4243 1301 4299 minimo
1309 4243 1364 4299 vim
1372 4243 1462 4300 crucis
1479 4244 1668 4300 videas.1lum
1679 4243 1773 4299 videre

128 4331 352 4407 Romallabylon
361 4334 481 4403 dicatur,
493 4334 541 4391 ubi
552 4335 644 4391 adhuc
659 4334 689 4389 in
700 4350 733 4389 ea
745 4333 887 4405 gentilitia
896 4333 934 4389 vi·
974 4348 1025 4388 vos
1033 4331 1161 4404 cogitatis
1176 4331 1284 4403 lignum
1291 4332 1371 4401 illud,
1382 4348 1438 4406 quo
1447 4333 1636 4399 salusncstm,
1646 4348 1702 4406 quo
1715 4332 1773 4388 Do·

128 4427 214 4496 geret
224 4422 369 4496 impietas3
381 4423 448 4480 Sion
463 4429 558 4479 autem
573 4423 602 4479 in
616 4422 753 4496 pluribus,
765 4427 862 4494 utpote
871 4409 1068 4495 quaDminus
1075 4419 1234 4492 majestatis
1241 4420 1351 4487 affixus,
1359 4426 1499 4479 tremente
1510 4420 1626 4489 mundo,
1634 4420 1774 4495 pepende-

130 4511 302 4569 (ibristianis
315 4511 481 4580 abundaret,
496 4512 526 4568 in
554 4512 656 4585 quibus
678 4512 771 4567 cultus
791 4511 933 4583 religionis
974 4509 1026 4578 rit;
1044 4509 1188 4566 exsultetis
1201 4525 1265 4566 cum
1277 4515 1402 4568 tremore
1417 4529 1423 4567 :
1439 4512 1621 4569 recordemur
1635 4515 1665 4567 et
1676 4514 1773 4583 petros

130 4617 206 4658 verae
217 4601 398 4670 micaret5ut
408 4603 530 4674 planeex
538 4602 611 4657 tenu
620 4601 673 4656 viri
682 4601 823 4657 sententia
840 4601 933 4657 valeas
975 4599 1196 4671 lissasadbujus
1210 4599 1342 4657 affectum
1351 4601 1451 4669 crucis,
1468 4606 1498 4659 st
1515 4601 1617 4658 saltem
1640 4615 1773 4656 saxorum

130 4689 351 4762 intelligensque
361 4706 446 4746 sensu
461 4709 479 4746 a
495 4692 604 4747 loanne
618 4691 647 4747 in
661 4691 830 4764 Apocalypsi
843 4690 934 4747 Roma
974 4687 1153 4745 emulatione
1162 4686 1773 4763 praecordianostratlndamustimorsdivino

130 4780 172 4839 sit
184 4778 311 4853 Babylon
325 4779 499 4836 nominsta‘.
512 4781 549 4837 At
560 4780 596 4837 de
608 4780 654 4836 his
668 4779 737 4836 satis
750 4785 828 4836 tomo
841 4780 932 4853 primo
975 4779 1111 4848 (Poulin,
1122 4779 1160 4834 ad
1173 4779 1276 4849 Senon,
1287 4783 1400 4850 epistola
1412 4778 1466 4850 ll),
1485 4799 1497 4833 ι
1513 4783 1566 4836 etc.

131 4869 287 4928 Annalium
300 4873 395 4925 mum
406 4874 458 4925 est.
1009 4867 1090 4933 Quod
1104 4868 1347 4925 rursumadidem
1359 4867 1468 4941 lignum
1484 4867 1775 4927 assumeremus

169 4958 226 5016 scd
249 4958 287 5015 ad
314 4959 465 5015 Melaniam
489 4958 658 5014 redeamus:
673 4975 835 5031 quamcum
858 4960 934 5016 sica
974 4955 1127 5013 alleluuia
1140 4956 1258 5015 Paulino
1271 4958 1369 5014 danum
1386 4963 1504 5031 spectat,
1520 4958 1621 5031 ingens
1643 4958 1727 5032 plane
1741 4975 1775 5016 cx

131 5048 252 5106 Paulirm
259 5048 404 5104 laudatam
413 5048 499 5115 vides,
509 5065 545 5105 ne
553 5048 677 5104 mireris:
690 5049 735 5104 his
745 5049 858 5122 quidem
872 5049 935 5122 ipsa
975 5045 1036 5120 ipso
1043 5047 1161 5119 contigit
1175 5047 1219 5103 edi
1230 5047 1408 5114 miraculum,
1416 5064 1480 5104 cum
1491 5047 1621 5104 incendio
1635 5048 1774 5121 llagrame

130 5140 219 5210 atque
238 5136 392 5208 majoribus
405 5136 491 5210 digna
503 5136 647 5208 praeconiis
653 5136 800 5193 videbatur
811 5138 936 5194 nescicn-
974 5136 1151 5192 fenorelerta
1161 5152 1235 5202 casa,
1252 5135 1282 5190 in
1290 5136 1402 5193 Paulini
1409 5137 1776 5212 ipsiusbospitiumconrer·

131 5225 210 5284 tibus
218 5231 314 5294 435
323 5242 386 5296 quae
392 5226 488 5298 paucis
494 5224 608 5281 arbitris
615 5225 644 5280 in
650 5226 800 5282 Palaestina
808 5243 864 5281 non
875 5234 934 5283 tam
974 5243 1007 5281 sa
1018 5227 1134 5282 llamma
1142 5231 1243 5282 cuncta
1253 5226 1361 5298 impetu
1371 5225 1492 5283 violento
1499 5226 1774 5301 depascente,oblato

131 5314 243 5388 abipsa
250 5330 335 5387 quam
344 5330 395 5387 per
404 5314 589 5387 ipsamasuis
599 5315 734 5370 consociis
755 5315 934 5372 deinducen·
973 5315 1010 5370 ab
1023 5315 1084 5388 ipso
1092 5314 1183 5386 globis
1191 5315 1283 5387 igneis
1294 5315 1393 5372 eodem
1411 5316 1487 5388 ligno
1497 5316 1597 5385 crucis,
1613 5316 1773 5373 incendium

132 5404 178 5461 dis
192 5404 223 5460 in
242 5403 393 5461 Ecclesiam
399 5404 539 5460 erronbus
547 5404 687 5476 Origenis,
698 5407 857 5476 retrugante
871 5423 934 5461 san·
974 5406 1103 5478 protinus
1117 5403 1260 5471 resilierit,
1276 5408 1361 5476 atque
1371 5404 1483 5477 penitus
1495 5405 1663 5462 exstinctum
1676 5402 1771 5460 fuerit.

131 5499 180 5551 cto
187 5493 371 5568 Hieronymo,
381 5509 415 5548 ac
421 5493 534 5567 penitus
543 5492 689 5549 obnitente
705 5499 802 5552 sancto
810 5494 931 5567 Epipha·
974 5493 1054 5560 Quod
1064 5494 1157 5567 ipsum
1166 5497 1304 5566 perpetua
1313 5495 1451 5551 memoria
1463 5493 1683 5552 consecrandum
1690 5490 1773 5549 mba-

169 5637 182 5663 ·
200 5635 273 5694 Vide
283 5635 337 5695 hoc
351 5636 519 5713 explicatum
532 5636 562 5695 in
574 5636 650 5695 notis
663 5637 811 5714 Rosvveydi
824 5637 860 5696 ad
873 5638 955 5711 epist
970 5637 1007 5698 1⁰
1021 5636 1111 5708 Pauli,
1126 5641 1156 5696 et
1168 5636 1337 5717 Αιιιίιιιιιιιί
1351 5638 1423 5714 ejus,
1440 5653 1464 5694 c.
1481 5634 1508 5695 5.
1566 5603 1574 5619 ⁰
