3818 6120
142 239 214 302 1009
772 246 892 306 VERBA
911 246 1108 306 SENIORUM.
1710 252 1780 314 1010

141 367 308 436 tenuissem,
322 364 491 423 dissolutum
506 370 558 436 000,
574 369 643 426 etin
657 369 779 428 nihilum
793 370 974 434 redactumA
984 373 1079 428 omnia
1092 372 1253 447 relinquens
1260 374 1302 431 illi
1309 374 1432 442 mulieri,
1440 374 1609 449 veniensque
1618 377 1673 433 hnc
1684 374 1779 434 inveni

142 464 185 515 est
198 467 218 512 ¹.
981 461 1054 517 hanc
1067 462 1240 534 speluncam,
1254 469 1339 536 atque
1353 465 1458 520 sontem
1480 465 1563 529 hunc,
1578 471 1607 521 et
1617 467 1702 521 istam
1717 468 1779 539 pal·

177 550 249 604 Cum
263 551 358 601 autem
372 545 641 615 dehochaesitarem‚
652 564 781 619 egressus
790 567 852 606 sum
863 551 939 619 inde,
982 567 1057 606 mam
1069 552 1231 607 afferentem
1247 553 1315 608 mibi
1330 553 1480 626 botryones
1495 555 1642 610 duodecim
1652 556 1779 628 dactylo·

141 644 170 696 00
183 636 413 712 perambulabam
428 636 457 690 10
472 635 624 704 desertum,
636 638 665 693 10
679 656 735 711 quo
749 656 846 695 rursus
855 640 941 696 aliam
982 658 1063 695 rum:
1077 659 1128 714 per
1141 628 1267 713 0100101οο
1276 660 1386 698 menses
1398 644 1480 699 00000
1491 644 1655 700 mihiunum
1667 644 1779 718 botryo·

141 731 232 803 reperi
244 730 415 803 speluncam,
429 730 459 780 et
472 727 591 800 vestigia
604 728 726 783 hominis
740 728 844 784 ibidem
860 728 953 788 ’sa-⁸
982 747 1056 797 nem,
1074 733 1122 803 qui
1132 731 1203 787 mibi
1217 732 1321 787 0001010
1334 733 1451 804 triginta
1464 732 1573 801 diebus,
1589 740 1617 789 et
1631 735 1779 806 posthunc
1847 735 1853 741 “

140 826 201 875 ctus
217 836 280 875 sum
294 825 390 874 autem
405 819 533 874 alacrior.
546 817 784 890 Appropinquans
799 825 893 874 autem
904 819 940 874 ad
981 825 1142 876 maturatur
1154 821 1235 875 alter.
1248 822 1316 876 Post
1325 827 1437 894 tempus
1449 827 1543 877 autem
1559 824 1678 879 multum
1688 841 1779 880 creve-

141 910 231 982 ipsam
246 909 420 981 speluncam,
436 914 468 963 ut
482 907 585 962 iterum
597 907 716 978 pulsavi,
733 913 762 962 00
775 925 858 964 nemo
870 909 940 964 mibi
980 916 1048 966 mut
1061 910 1154 982 capilli
1170 910 1235 977 mei,
1251 914 1359 965 etcum
1371 912 1431 982 jam
1445 911 1688 984 disrumperentur
1698 914 1779 969 vesti·

141 997 294 1064 obaudivit,
311 999 455 1070 ingressus
464 997 692 1052 nulluminveui:
708 1001 786 1052 stans
799 998 940 1054 antemio
980 1005 1076 1054 menta
1100 1016 1173 1064 mea,
1190 999 1225 1054 de
1248 998 1326 1072 ipsis,
1345 1016 1430 1072 quam
1451 993 1540 1069 decet,
1556 1007 1665 1074 partem
1680 1003 1778 1074 operui

140 1104 187 1144 ras
201 1089 375 1162 speluncam,
391 1086 517 1142 dicebam
533 1086 609 1141 intra
622 1086 762 1157 meipsum
780 1105 786 1140 :
803 1086 876 1151 Quia
893 1088 940 1145 bic
979 1089 1103 1160 corporis
1116 1089 1182 1144 mei.
1307 1094 1310 1099 ’

140 1183 253 1250 oportet
266 1177 360 1233 venire
375 1177 450 1232 hunc
468 1192 579 1231 servum
595 1175 654 1241 Dei,
667 1174 826 1247 ubicunque
840 1177 936 1233 fuerit.
1013 1178 1087 1233 Dum
1102 1184 1198 1233 autem
1213 1194 1326 1233 rursum
1338 1194 1404 1233 eum
1417 1179 1633 1250 interrogarem,
1646 1181 1670 1236 si
1679 1181 1707 1237 in
1719 1181 1778 1254 pri·

140 1267 210 1321 Cum
227 1282 291 1320 vero
304 1267 363 1337 jam
374 1265 547 1338 praeterisset
558 1264 628 1330 dies,
637 1264 691 1318 vidi
703 1264 939 1322 bubalosvenicn·
981 1267 1098 1322 mordiis
1112 1267 1307 1322 difficultatem
1319 1267 1463 1323 habuisset
1471 1268 1586 1335 ibidem,
1598 1270 1639 1324 ait
1647 1270 1716 1325 mibi
1728 1289 1734 1324 :
1747 1270 1780 1326 In

140 1359 191 1423 tes,
201 1360 230 1410 et
243 1355 324 1410 illum
339 1370 450 1410 sermm
464 1353 515 1408 Dei
526 1353 682 1408 venientem
693 1369 758 1408 cum
770 1354 810 1408 eis
820 1356 939 1423 nudum,
981 1356 1071 1411 initiis
1081 1357 1779 1430 0101000000οω00100655001000000001000000

141 1444 175 1498 de
183 1443 294 1516 capillis
302 1443 507 1515 cooperientem
519 1458 580 1514 quse
595 1442 744 1497 inhonesta
755 1449 940 1515 emntcorpo·
981 1446 1060 1500 humi
1066 1447 1162 1516 jacens
1174 1463 1230 1500 non
1245 1463 1356 1518 possem
1365 1452 1443 1501 stans
1458 1447 1598 1518 psalmum
1610 1447 1712 1515 dicere,
1730 1448 1779 1503 sed

139 1531 178 1588 ris
198 1533 252 1587 sui.
276 1533 330 1598 Qui
348 1532 577 1604 appropinquans
601 1532 680 1598 mihi,
702 1532 879 1588 existimabat
894 1550 940 1588 me
980 1539 1139 1606 prostratus
1152 1534 1181 1588 in
1189 1540 1275 1600 terra,
1291 1534 1447 1589 clamabam
1461 1535 1496 1590 ad
1511 1535 1697 1590 altissimum.
1708 1537 1781 1592 Cum

139 1621 269 1694 spiritum
284 1639 353 1688 esse,
370 1627 399 1676 00
409 1621 530 1676 stetitad
546 1621 712 1676 orationem.
728 1622 801 1676 Nam
815 1622 935 1677 multum
980 1628 1075 1678 autem
1087 1623 1116 1677 in
1127 1623 1260 1695 spelunca
1272 1640 1361 1678 essem
1375 1624 1404 1678 in
1419 1624 1515 1679 dolore
1527 1624 1620 1679 valido
1634 1628 1720 1696 atque
1734 1626 1782 1680 de-

138 1716 266 1766 tentatus
277 1710 632 1783 suerataspiritibus‚sicut
644 1695 1241 1782 10000000000100000.Β10001000,00001000
1251 1730 1302 1767 nec
1316 1713 1410 1784 egredi
1416 1715 1476 1784 J'am
1491 1729 1612 1784 possem,
1621 1713 1677 1769 vidi
1687 1715 1779 1769 virum

139 1800 199 1872 Ego
213 1805 309 1855 autem
323 1801 381 1855 000
393 1800 563 1870 1000100000,
572 1799 699 1854 dicebam
715 1799 741 1853 ei
759 1818 765 1854 z
782 1800 865 1855 Serve
875 1800 936 1868 Dei,
979 1800 1133 1855 intrantem
1144 1806 1173 1855 et
1184 1802 1265 1872 juxta
1277 1805 1398 1856 stantem
1413 1817 1445 1855 00
1459 1801 1599 1857 dicentem
1607 1801 1675 1856 mibi
1687 1820 1692 1855 :
1706 1802 1780 1867 Quid

139 1895 168 1944 et
181 1907 233 1960 000
248 1889 332 1944 homo
343 1906 404 1944 sum
413 1909 419 1954 ;
428 1888 489 1944 vide
495 1889 611 1960 vestigia
619 1905 682 1943 mea
691 1894 719 1942 et
726 1893 868 1944 contrecta
879 1904 934 1953 me,
979 1890 1104 1961 pateris?
1114 1890 1173 1961 Ego
1188 1895 1282 1944 autern
1291 1890 1464 1945 confortatus
1476 1890 1511 1945 ab
1525 1907 1558 1945 eo
1569 1891 1780 1959 modicum,dixi

139 1979 207 2050 quia
221 1994 286 2033 caro
295 1984 322 2032 et
336 1978 452 2050 sanguis
461 1994 535 2032 sum.
547 1978 617 2033 Cum
632 1994 697 2032 vero
706 1983 771 2048 post
781 1978 939 2033 orationem
981 1980 1006 2034 ei
1020 1997 1025 2033 :
1040 1979 1135 2050 Hepar
1151 1979 1241 2034 doleo.
1257 1979 1311 2044 Qui
1325 1979 1396 2035 dixit
1408 1979 1497 2035 mibi:
1523 1979 1577 2035 Ubi
1596 1981 1694 2035 doles?
1708 1982 1779 2036 Cum

137 2068 213 2123 dicto
223 2069 323 2134 Amen,
339 2067 507 2140 respexisset
516 2083 561 2121 me
575 2072 604 2122 et
613 2067 773 2122 consolatus
782 2066 940 2133 fuissetis·
982 2084 1047 2123 vero
1059 2067 1246 2124 ostendissem
1254 2067 1289 2133 01,
1297 2067 1508 2139 digitosmanus
1523 2086 1580 2124 000,
1594 2069 1624 2124 in
1639 2070 1779 2126 directum

136 2156 263 2212 troduxit
274 2173 319 2211 me
336 2156 366 2211 in
391 2157 601 2230 speluncam‚et
615 2155 809 2227 interrogabat
822 2173 877 2223 me,
895 2155 939 2211 di·
980 2158 1166 2229 conjungens,
1188 2156 1282 2213 divisit
1295 2158 1387 2212 locum
1402 2157 1482 2213 illum
1497 2164 1634 2229 tanquam
1648 2176 1700 2230 per
1720 2161 1779 2231 010·

137 2262 203 2301 cens
216 2265 221 2300 :
232 2246 376 2311 Quomodo
384 2245 440 2301 huc
450 2245 606 2300 advenisti?
616 2246 668 2301 Cui
679 2262 731 2316 000
741 2245 797 2300 dixi
809 2264 816 2299 :
832 2245 937 2317 Requi·
980 2247 1068 2314 dium,
1079 2252 1108 2302 00
1115 2247 1236 2303 avellens
1242 2248 1332 2319 jecur,
1340 2247 1464 2302 ostendit
1475 2247 1544 2303 mihi
1558 2249 1685 2316 vulnera,
1696 2255 1779 2305 etra-

136 2335 219 2392 rendi
227 2336 321 2408 gratia
331 2352 425 2391 servos
440 2335 491 2390 Dei
503 2335 565 2390 veni
577 2336 605 2389 in
617 2336 690 2390 hanc
702 2335 893 2402 solitudinem,
909 2341 939 2392 00
979 2355 1010 2393 00
1023 2339 1119 2410 jecore
1134 2354 1220 2392 manu
1235 2353 1287 2393 sua
1301 2337 1330 2392 in
1341 2354 1467 2409 pannum
1480 2337 1556 2410 ipsas
1570 2337 1677 2394 scabies
1690 2338 1776 2406 misit,

136 2442 195 2481 non
210 2442 255 2481 me
268 2425 407 2481 fraudavit
420 2425 495 2480 Deus
509 2442 526 2480 n
539 2424 678 2480 desiderio
692 2442 764 2480 meo.
978 2432 1064 2501 atque
1077 2443 1191 2482 rursum
1202 2427 1295 2498 ipsum
1307 2427 1388 2497 jecur
1401 2427 1548 2499 imponens
1564 2427 1695 2483 manibus
1709 2427 1777 2497 suis,

173 2506 233 2587 Ego
248 2520 343 2570 autem
354 2515 524 2585 interrogavi
538 2531 603 2569 eum
618 2531 725 2581 rursus,
739 2514 834 2569 dicens
846 2533 851 2568 :
865 2515 938 2579 Quo·
978 2516 1070 2572 locum
1087 2517 1177 2588 ipsum
1184 2515 1312 2570 reclusit.
1320 2516 1355 2585 Et
1364 2515 1406 2570 ait
1417 2516 1486 2571 mibi
1499 2515 1586 2572 :Ecce
1594 2534 1681 2572 sanus
1688 2517 1778 2573 factus

139 2605 224 2660 modo
243 2609 272 2659 00
285 2610 317 2660 00
333 2605 387 2660 000
398 2604 509 2672 venisti,
525 2609 554 2659 et
569 2609 705 2676 quantum
715 2609 828 2677 tempus
838 2603 934 2671 habes,
978 2623 1017 2673 es,
1029 2606 1101 2661 servi
1114 2604 1234 2660 Domino
1249 2606 1425 2661 0000001000
1442 2605 1553 2661 Christo
1568 2605 1641 2660 sicut
1654 2611 1775 2677 oportet.

137 2700 187 2749 aut
197 2693 272 2765 quod
282 2693 499 2749 cstalimentum
509 2698 600 2760 tuum,
617 2694 658 2749 vel
673 2693 883 2765 quomodocum
897 2694 937 2748 sis
978 2695 1013 2750 Et
1023 2711 1057 2750 ex
1067 2694 1229 2750 tunclactus
1244 2710 1307 2749 sum
1322 2711 1417 2761 sanus,
1430 2699 1459 2749 00
1472 2693 1636 2750 0100100000
1643 2696 1775 2767 jamsum

137 2784 240 2847 nudus,
258 2800 314 2838 non
331 2783 439 2855 indiges
457 2782 644 2838 vestimento?
656 2783 710 2847 Qui
729 2783 799 2838 dixit
814 2781 907 2836 mihi⁸
926 2800 933 2836 :
977 2783 1032 2837 010.
1045 2783 1103 2853 Ego
1110 2781 1206 2837 autem
1218 2783 1339 2837 multum
1355 2782 1434 2838 illum
1445 2783 1542 2853 rogavi
1552 2788 1585 2837 ut
1595 2782 1777 2838 maneremin

135 2871 197 2944 Ego
210 2872 239 2927 in
254 2872 379 2927 coenobio
407 2889 484 2927 eram
500 2870 619 2927 Tbebeae
634 2872 700 2942 [Aa
730 2872 889 2942 Tbcbcids]‚
908 2876 937 2925 00
976 2871 1140 2926 interiorem
1151 2871 1551 2927 eremum.Etaitmibi:Non
1561 2877 1640 2945 potes
1659 2873 1776 2929 sufferre

136 2978 207 3034 opus
216 2977 310 3017 nieum
323 2967 385 3017 erat
396 2961 447 3016 lini
457 2965 586 3016 textura:
602 2960 774 3015 subintravit
797 2965 892 3016 autem
906 2960 936 3014 in
976 2961 1136 3016 daemonum
1151 2960 1283 3032 impetus.
1301 2961 1335 3015 Et
1349 2977 1401 3031 000
1416 2961 1468 3014 000
1478 2960 1571 3032 ipsum
1585 2960 1775 3029 considerans,

137 3051 263 3107 animum
274 3069 369 3106 meum
383 3051 531 3122 cogitatus,
543 3049 966 3121 utindeexienssingulariterc
978 3049 1114 3121 rogabam
1128 3052 1161 3105 ut
1175 3065 1260 3104 orans
1278 3065 1329 3121 pro
1347 3065 1392 3104 me
1406 3048 1564 3104 dimitteret
1574 3066 1628 3104 me.
1645 3049 1776 3114 Quicum

137 3142 283 3196 sederem:
300 3147 330 3196 et
345 3141 459 3213 poteris,
473 3140 574 3212 inquit,
591 3139 704 3210 quietus
719 3155 789 3205 esse,
807 3144 835 3193 et
846 3139 934 3193 susci·
976 3145 1092 3205 orasset,
1102 3137 1209 3193 dimisit
1219 3155 1273 3194 me.
1286 3139 1351 3194 llaee
1363 3136 1441 3193 vobis
1455 3138 1567 3192 narravi
1583 3138 1777 3194 aedificationis

136 3228 932 3303 pereperegrinos,etplurioremmercedemhabereexeo‚
974 3228 1077 3300 000010.

137 3321 212 3393 quod
233 3320 396 3393 acquisieris
417 3320 452 3374 de
476 3336 559 3390 opere
574 3324 633 3373 tuo.
646 3319 684 3374 Ut
697 3322 792 3373 autem
807 3318 936 3373 consensi
1014 3317 1056 3375 ta.
1069 3316 1186 3373 Dicebat
1204 3317 1382 3373 mrsusalius
1393 3315 1570 3381 senex⁴:Qui
1580 3315 1776 3387 etiamdignus

136 3411 298 3483 cogitationi
308 3410 383 3477 huic,
397 3414 425 3464 ot
440 3426 523 3481 opere
539 3408 641 3480 perfeci
656 3424 728 3473 eam,
739 3406 833 3461 exiens
844 3407 932 3461 0001111-
976 3407 1150 3462 0000000000
1165 3407 1311 3479 001000000
1328 3407 1447 3462 civitatis
1458 3405 1627 3478 Oxyrynchi,
1640 3411 1776 3478 tanquam

135 3499 196 3554 cavi
211 3500 279 3554 mihi
295 3499 508 3564 monasterinm,
521 3497 616 3569 ibique
635 3496 784 3551 veniebant
797 3496 845 3568 qui
866 3496 935 3552 mihi
977 3496 1012 3552 ab
1027 3496 1083 3551 alio
1097 3497 1158 3552 haec
1172 3497 1306 3562 audisset,
1324 3496 1440 3567 sedipse
1456 3502 1519 3550 erat
1532 3495 1580 3567 qui
1595 3496 1648 3549 hoc
1659 3494 1773 3550 lecerat.

134 3588 321 3661 injungebant
336 3605 415 3660 opus.
431 3588 557 3658 Cumque
566 3588 625 3658 jam
641 3587 761 3640 multum
772 3590 847 3641 esset
860 3587 936 3657 quod
976 3585 1074 3641 Visum
1085 3586 1241 3657 est‚inquit,
1254 3585 1323 3639 milvi
1336 3585 1601 3657 aliquandointrare
1612 3583 1641 3638 in
1655 3584 1773 3640 interio-

134 3676 552 3749 congregaveram,festinabam
561 3675 768 3747 pauperibusac
778 3675 934 3746 peregrinis
976 3689 1036 3728 rem
1066 3689 1282 3745 eremumque
1301 3679 1344 3729 est
1368 3673 1441 3728 circa
1455 3673 1538 3739 0000,
1559 3672 1608 3727 ubi
1620 3689 1710 3743 genus
1731 3678 1776 3729 000

134 3767 204 3822 illud
226 3765 403 3821 distribuere.
419 3768 474 3821 Sed
498 3763 674 3819 adversarius
689 3768 785 3819 noster
805 3764 933 3820 diabolus
975 3763 1149 3830 llazicorum,
1168 3768 1201 3818 ut
1218 3763 1351 3829 viderem,
1360 3762 1383 3816 si
1398 3762 1470 3817 torte
1484 3761 1639 3817 invenirem
1652 3761 1775 3835 aliquem

132 3855 262 3912 invidens
278 3855 357 3922 mihi,
370 3855 443 3910 sieut
456 3860 485 3909 et
498 3872 609 3926 semper
624 3860 652 3908 00
663 3858 740 3920 0000,
756 3853 879 3908 futuram
902 3855 932 3909 in
974 3853 1085 3908 Christo
1100 3852 1277 3908 servientem.
1294 3854 1413 3908 Sumens
1424 3851 1518 3925 itaque
1531 3867 1635 3923 paucos
1650 3852 1775 3924 paxima-

133 3942 932 4015 melveriretributionemmachinabaturauferre,eoquod
972 3947 1026 4008 tes,
1043 3948 1072 3996 et
1087 3941 1166 4013 quasi
1191 3941 1302 3995 dierum
1324 3946 1446 4013 quatuor
1469 3956 1572 4013 nquam
1586 3940 1615 3995 in
1629 3956 1704 4009 vase,
1720 3941 1775 3997 iter

134 4033 303 4090 festinabam
327 4034 436 4090 labores
448 4051 526 4088 meos
539 4034 597 4088 Deo
612 4032 722 4087 000000.
737 4031 842 4086 Videas
857 4033 932 4087 enim
973 4046 1067 4085 meum
1091 4028 1237 4084 faciebam.
1254 4031 1414 4085 Transactis
1435 4046 1500 4084 vero
1521 4034 1643 4101 quatuor
1662 4029 1771 4095 diebus,

133 4140 219 4179 unam
230 4125 365 4196 virginem
376 4141 485 4178 sacram
494 4123 688 4194 injungentem
702 4120 773 4174 mihi
785 4121 934 4192 species,et
973 4119 1203 4190 consumptisque
1213 4118 1291 4183 cibis,
1308 4117 1501 4191 exspectabam
1516 4119 1583 4190 quid
1598 4134 1721 4189 agerem.
1737 4118 1773 4172 Et

133 4231 182 4270 000
190 4214 432 4285 00000001000000
446 4217 531 4284 atque
543 4211 717 4276 reddentem,
731 4209 849 4264 immisit
860 4210 886 4264 ei
901 4216 933 4265 ut
973 4207 1115 4262 conlldens
1136 4207 1200 4261 dedi
1219 4206 1358 4276 meipsum
1374 4207 1409 4260 ad
1424 4207 1608 4277 pergendum.
1623 4205 1772 4261 Ambulavi

132 4318 231 4357 rursus
250 4301 319 4354 mihi
333 4300 402 4354 alias
422 4301 606 4354 demandaret
618 4298 733 4370 species.
753 4301 788 4352 ut
802 4315 866 4353 vero
882 4297 930 4352 ubi
973 4311 1085 4368 quoque
1100 4293 1505 4365 aliosquatuordiessinecibo
1520 4295 1773 4366 perdurans.Cum-

129 4393 190 4462 jam
205 4390 377 4445 consuetudo
389 4389 461 4443 lacta
473 4394 516 4444 est
525 4405 557 4443 ac
570 4388 670 4442 fiducia
679 4384 779 4459 major,
789 4393 930 4459 postremo
940 4377 964 4436 1)
974 4401 1027 4456 000
1040 4384 1181 4456 jejunium
1198 4389 1227 4437 et
1241 4382 1365 4438 laborem
1387 4382 1497 4438 itineris
1517 4381 1589 4437 terre
1604 4398 1661 4437 non
1676 4387 1771 4454 posset

132 4481 218 4536 etiam
234 4485 325 4535 tactus
335 4496 469 4534 manuum
480 4484 507 4533 et
518 4478 601 4542 risus,
612 4494 644 4532 ac
655 4476 741 4532 simul
754 4493 928 4544 convescere,
971 4488 1072 4546 eorpus
1087 4490 1192 4535 meum,
1203 4473 1232 4528 in
1244 4472 1505 4546 pusillanimitatem
1516 4472 1589 4538 voni,
1600 4489 1632 4527 ac
1645 4473 1685 4527 sic
1692 4473 1771 4544 jace-

131 4572 167 4627 ad
183 4571 314 4626 ultimum
325 4569 503 4640 concepimus
518 4569 652 4633 dolorem,
662 4573 691 4621 et
699 4566 860 4638 peperimus
874 4565 930 4620 ini·
971 4563 1035 4618 bam
1050 4564 1078 4617 in
1089 4563 1306 4618 terra.Veniens
1321 4569 1416 4618 autem
1432 4562 1556 4633 quidam,
1569 4561 1657 4632 digito
1669 4577 1720 4616 suo
1731 4565 1772 4615 te·

131 4660 278 4734 quitatem.
293 4662 363 4716 Cum
371 4664 466 4713 autem
476 4657 640 4712 ntansissem
649 4656 677 4710 in
686 4656 784 4711 eadem
794 4655 929 4710 minasex
971 4653 1124 4724 0101010010
1140 4669 1213 4720 mea,
1229 4658 1363 4724 tanquam
1377 4651 1401 4706 si
1416 4651 1541 4706 medicus
1560 4652 1595 4706 de
1609 4656 1692 4723 sputo
1704 4666 1771 4704 ocu-

130 4749 284 4816 mensibus‚
300 4755 397 4822 postea
411 4747 541 4820 cogitavi.
558 4747 654 4801 dicens
669 4764 674 4799 :
692 4745 765 4810 Quia
775 4743 927 4810 euchodia,
971 4743 1031 4798 lum
1046 4747 1206 4815 00000000ος
1222 4741 1318 4797 statim
1331 4757 1395 4795 vero
1410 4739 1582 4795 confortatus
1594 4756 1666 4806 sum,
1681 4740 1722 4794 ita
1737 4743 1770 4794 ut

130 4843 180 4894 aut
193 4838 325 4903 crastino,
339 4842 459 4910 autpost
470 4837 574 4892 multos
586 4852 674 4891 annos
684 4833 769 4889 morti
787 4833 927 4901 addictus,
970 4836 1101 4905 putarem
1117 4848 1162 4886 me
1179 4847 1270 4903 neque
1283 4829 1452 4895 ambulasse,
1461 4845 1552 4900 neque
1562 4828 1665 4883 samem
1675 4833 1771 4901 perlu-

129 4933 266 4984 aeternum
282 4926 390 4982 habebo
406 4926 585 4999 supplicium.
599 4925 628 4980 Si
644 4924 719 4979 enim
734 4923 797 4995 quis
812 4939 929 4978 uxorem
969 4923 1045 4979 lissa.
1054 4921 1126 4977 Cum
1139 4937 1206 4992 0000
1221 4921 1352 4976 vidissem
1361 4918 1520 4974 venientem
1532 4916 1562 4972 in
1576 4933 1621 4972 mo
1635 4916 1769 4972 virtutem

128 5017 251 5073 hominis
259 5011 926 5089 0101000010,οω01000000101001010000000000010
968 5011 1050 5078 hanc,
1068 5024 1187 5082 surgens
1202 5006 1432 5083 perambulabam
1452 5007 1606 5061 desertum.
1617 5005 1770 5062 Praeteritis

129 5107 243 5181 quantis
251 5107 399 5162 tormentis
408 5106 509 5177 dignus
520 5110 570 5171 est,
580 5103 628 5175 qui
640 5101 744 5158 Christi
759 5101 929 5173 stupraverit
968 5100 1064 5173 itaque
1072 5099 1135 5154 aliis
1146 5104 1268 5172 quatuor
1276 5097 1385 5181 diebus,
1402 5111 1515 5151 rursum
1527 5095 1659 5167 fatigatus
1670 5094 1767 5151 deieci.

128 5196 279 5271 sponsam?
292 5196 327 5252 Et
343 5195 382 5251 010
395 5196 502 5250 0000100
529 5195 559 5248 in
574 5192 647 5247 hanc
660 5206 788 5246 eremum
804 5191 926 5259 cucurri,
970 5191 1097 5262 Cumque
1113 5187 1301 5245 extendissem
1315 5202 1417 5242 manns
1439 5200 1517 5241 meas
1530 5184 1560 5240 in
1578 5185 1690 5251 coelum,
1706 5199 1770 5239 0000

166 5340 176 5376 ¹
195 5338 294 5395 Simile
328 5338 376 5394 uid
387 5338 431 5393 vel
445 5336 521 5392 idem
539 5336 570 5390 in
582 5335 648 5390 Vita
668 5333 757 5416 000001
777 5333 927 5406 00000011,
1005 5332 1063 5415 310
1080 5332 1144 5413 Vita
1163 5329 1302 5402 Onuphrii
1318 5330 1379 5404 jam
1402 5329 1499 5398 citata,
1515 5346 1540 5388 c.
1554 5327 1582 5396 5,
1598 5331 1712 5383 vocatur
1724 5325 1770 5382 010

128 5409 324 5540 tunm
337 5409 545 5554 stillat?
564 5407 640 5479 “9¹¹⁶
653 5405 778 5474 ⁵⁰¹¹“m’
794 5405 927 5475 t⁰'¹¹·¹¹¹’
970 5403 1284 5547 ttulitduttltt.
1302 5491 1320 5542 1,
1335 5468 1769 5543 inViusanctiOnophrii,csp.

163 5551 222 5611 ’ln
235 5553 303 5611 Vita
317 5552 407 5612 sancti
422 5550 632 5630 Onuphriijam
646 5548 742 5618 citata,
759 5564 785 5608 c.
801 5545 829 5607 3.
969 5547 983 5602 1
998 5544 1064 5604 et‘t.
