3818 6120
147 305 195 365 bdl
342 306 429 366 Vl'l'h
448 306 669 368 sauciorum
686 309 861 370 BdeAAM
879 304 1050 369 aarum
1068 304 1113 363 ΗΓ
1131 303 1315 365 rosarum
1333 304 1446 364 mmm
1464 304 1581 365 REGIS.
1645 266 1648 271 Ι
1726 308 1780 367 562

145 435 578 511 expleas.tllinmquemeum,qui
589 438 973 511 areligionanostradesci·A
985 436 1050 491 dam
1065 434 1214 490 obscurum
1226 450 1260 488 ex
1274 449 1343 504 rupe
1358 435 1480 505 quadam
1496 433 1663 502 condidisse,
1673 434 1778 491 tilium·

144 524 220 590 rit,a
230 525 555 583 Christianorumerrore
563 528 732 594 vindicasse
740 529 942 601 cumbenignis
984 545 1039 602 que
1055 527 1112 583 illic
1133 540 1268 581 unacum
1286 523 1443 580 nutricibus
1457 525 1603 581 inclusisse
1613 525 1711 593 fertur,
1727 541 1779 582 nac

144 613 197 669 diis
206 614 237 670 in
248 616 369 686 gratiam
378 617 503 673 reducas.
512 619 585 673 Nam
594 635 645 689 ego
655 636 718 674 cum
728 627 817 675 artem
828 637 941 675 omnem
983 624 1048 674 ante
1060 615 1207 673 duodecim
1221 630 1310 669 annos
1323 619 1433 669 exactos
1443 614 1531 670 ullum
1542 615 1656 671 omnino
1670 615 1724 687 ipsi
1738 616 1781 672 lu·

143 703 330 774 adhibuerim,
346 711 431 777 atque
445 724 559 763 omnem
580 709 702 780 lapidem
716 711 862 776 moverim,
878 710 942 765 nul·
982 709 1021 765 eis
1041 707 1219 779 splendorem
1234 703 1399 759 ostendisse.
1425 704 1555 760 Confecto
1569 712 1665 761 autem
1679 705 1780 777 hujus·

144 793 200 849 lam
215 799 311 850 tamen
322 795 412 850 morbi
418 796 586 853 medicinam
595 799 750 870 reperi,sed
764 800 852 871 ipsius
862 816 942 854 men·
982 798 1058 854 modi
1070 796 1204 867 temporis
1210 794 1358 859 curriculo,
1369 792 1468 859 filium,
1476 793 1524 864 qui
1533 795 1602 849 nihil
1610 795 1723 850 omnino
1733 812 1780 851 ra-

145 887 201 937 tem
215 884 346 939 omnibus
361 885 444 940 rebus
457 889 630 958 superiorem
644 905 705 942 esse
720 889 857 960 perspexi.
870 890 941 944 Nam
983 904 1046 944 rum
1061 885 1268 941 mundanarum
1279 883 1315 937 ad
1325 883 1400 938 hunc
1409 899 1498 954 usque
1507 882 1583 939 diem
1590 890 1780 956 perspexerat,

145 971 168 1026 si
187 971 292 1027 blande
315 991 348 1029 ac
370 974 471 1031 leniter
489 992 552 1031 cum
568 994 601 1031 ec
614 994 697 1048 agere
719 978 838 1044 institui,
854 994 889 1033 ne
904 979 944 1034 sic
984 995 1017 1032 ex
1032 977 1086 1032 hoc
1099 975 1226 1031 cubiculo
1242 974 1354 1041 educite
1379 989 1411 1027 ac
1425 977 1485 1027 tum
1508 972 1563 1044 ipsi
1580 974 1683 1042 omnin,
1698 976 1782 1045 juxta

145 1062 260 1132 quidem
275 1079 338 1118 eum
349 1065 419 1119 mihi
432 1066 490 1120 ullo
505 1067 588 1120 modo
598 1067 723 1121 animum
734 1067 856 1138 adjicere
866 1085 943 1123 eom-
984 1084 1066 1123 suum
1077 1066 1207 1138 quodque
1218 1061 1442 1134 genusexhiberi
1451 1077 1483 1116 ac
1495 1061 1681 1118 demonstrari
1688 1065 1779 1135 jubet,

145 1151 215 1223 peri.
229 1152 352 1208 Rursum
367 1152 390 1208 si
404 1170 498 1210 severe
512 1161 597 1226 atque
607 1155 706 1210 acerbe
715 1173 780 1211 eum
794 1157 897 1229 accepi,
913 1158 943 1212 in
983 1156 1057 1210 viros
1069 1154 1203 1209 nimirum
1218 1153 1247 1207 in
1262 1169 1319 1207 uno
1331 1152 1401 1217 loco,
1418 1151 1447 1205 in
1461 1151 1516 1206 alio
1530 1151 1657 1218 feminas,
1669 1152 1782 1209 aliunde

145 1240 329 1313 pervicaciam
339 1243 505 1313 potiusinde
518 1243 612 1315 ipsum
624 1244 714 1299 attolli
725 1246 943 1317 conspexiQua-
984 1261 1096 1309 aurum,
1112 1244 1168 1298 alia
1184 1260 1217 1296 ex
1232 1247 1312 1314 parte
1325 1246 1484 1312 argentum,
1500 1240 1619 1296 uniones
1633 1245 1662 1295 et
1674 1241 1782 1314 lapides

145 1328 273 1384 mobrem
287 1331 474 1386 calamitatem
485 1349 619 1405 eamque·
634 1334 701 1387 mihi
715 1335 945 1407 accidit,sapian-
985 1334 1120 1406 exquisiti
1133 1333 1226 1405 pretii.
1241 1336 1332 1386 restes
1343 1331 1500 1386 luculentas
1510 1335 1539 1385 et
1552 1330 1704 1402 elegantes,
1718 1346 1782 1384 eur·
1858 1367 1862 1373 .

145 1417 190 1473 tiae
199 1423 257 1474 tuae
266 1421 421 1476 committo.
432 1423 473 1475 Ae
481 1421 619 1493 siquidem
630 1440 663 1477 ea
679 1440 732 1495 opc
740 1430 790 1478 tua
800 1429 829 1478 et
840 1425 943 1480 auxilio
985 1441 1034 1479 rus
1048 1422 1150 1494 insigni
1164 1420 1372 1493 pulchritudine
1380 1420 1463 1475 simul
1473 1436 1537 1474 cum
1550 1419 1635 1491 regiis
1645 1420 1725 1491 equis
1734 1436 1783 1475 au·

146 1506 291 1573 liberatus,
303 1510 391 1564 tilium
404 1526 499 1565 meum
515 1528 623 1566 mecum
633 1514 804 1568 rursusdeos
815 1531 943 1569 meosco-
984 1529 1032 1568 reo
1046 1512 1125 1566 freno
1137 1509 1291 1577 instructis,
1302 1526 1366 1564 cum
1380 1509 1476 1564 aulaeis
1490 1509 1783 1580 purpureisaesesso·

141 1596 258 1666 lentem,
275 1604 360 1670 atque
373 1600 555 1672 voluptuaria
569 1602 654 1671 hujus
668 1602 730 1657 ritae
744 1603 943 1673 cupiditatibus
984 1600 1061 1657 ribus
1076 1600 1202 1666 armatis,
1215 1598 1300 1654 boum
1308 1599 1375 1654 item
1382 1604 1519 1665 armenta,
1529 1604 1559 1653 et
1567 1599 1706 1669 pecudum
1719 1614 1783 1670 gre·

140 1702 171 1741 ac
191 1687 274 1757 regni
296 1689 488 1760 voluptatibus
501 1689 639 1745 fruentem
654 1690 744 1756 video,
761 1708 877 1746 auream
892 1691 1050 1780 tibiBgas;
1066 1695 1160 1762 atque,
1173 1695 1204 1744 ut
1213 1689 1376 1744 summatim
1386 1687 1488 1755 dicam,
1495 1687 1590 1742 omnia
1597 1692 1674 1742 certo
1682 1687 1782 1743 ordine

140 1780 265 1830 metuam
283 1777 400 1847 erigam,
419 1778 595 1849 efficiamque
609 1784 641 1833 ut
655 1781 771 1851 posthac
793 1781 823 1835 in
838 1782 941 1853 sempi-
982 1796 1069 1852 puero
1084 1778 1500 1835 demonstrabat.Pereontante
1510 1781 1605 1833 autem
1615 1793 1781 1849 ecquonam

138 1869 252 1920 ternum
268 1865 342 1920 idem
356 1866 409 1921 tibi
424 1867 478 1922 diis
492 1868 582 1922 honor
601 1870 738 1924 aeunctis
754 1869 904 1925 tribuatur.
982 1869 1101 1939 singulm
1114 1868 1280 1923 resnomine
1290 1868 1509 1940 appellarentur,
1522 1866 1597 1938 regis
1606 1867 1782 1923 satellitesac

172 1953 306 2009 Theudae
313 1955 399 2026 igitur
407 1961 544 2011 attentam
550 1973 647 2012 aurern
658 1957 729 2012 dieb.
740 1958 768 2013 l)
779 1959 940 2029 subjiciens,
983 1958 1133 2029 stipatores
1147 1958 1367 2028 uniuscujusque
1383 1973 1486 2012 nomen
1500 1955 1685 2028 exponebant.
1710 1957 1782 2013 Cum

139 2048 225 2115 atque
250 2044 286 2098 ab
313 2045 360 2100 illo
381 2045 540 2117 improbum
565 2063 597 2100 ac
612 2048 776 2118 pestiferum
793 2049 940 2104 consilium
983 2053 1079 2102 autem
1094 2047 1244 2102 mulierum
1257 2063 1360 2101 nomen
1369 2047 1440 2101 scire
1450 2051 1574 2117 cuperet,
1583 2052 1644 2102 tum
1654 2046 1783 2117 regiaar·

139 2132 257 2188 edoctus
271 2135 382 2206 ipsique
396 2134 500 2205 linguae
515 2142 600 2208 atquo
621 2137 678 2191 oris
693 2153 807 2208 operam
823 2155 938 2205 navans,
981 2136 1170 2208 migerlepide
1184 2135 1329 2201 aetestive,
1342 2135 1482 2191 demones
1494 2152 1542 2190 eas
1553 2135 1688 2207 appellari
1698 2135 1777 2202 dixit,

139 2221 173 2276 ad
188 2239 287 2293 regem
302 2223 343 2277 ait
359 2241 366 2276 t
383 2223 412 2278 si
431 2223 520 2278 tilium
534 2231 614 2278 tuum
630 2225 657 2278 in
674 2231 841 2295 potestatem
861 2231 940 2281 tuam
981 2224 1113 2295 aquibus
1128 2224 1276 2279 hominum
1286 2229 1395 2278 mentes
1409 2224 1440 2277 in
1454 2240 1579 2278 errorem
1587 2224 1777 2279 traherentur.

138 2311 466 2383 redigerenpsiusquein
476 2314 626 2384 pugnando
636 2314 818 2385 pervicaciam
827 2315 941 2371 inanem
981 2314 1065 2369 Pueri
1079 2318 1174 2369 autem
1189 2319 1286 2384 pectus
1298 2328 1396 2367 earum
1417 2327 1513 2367 amore
1528 2317 1613 2383 atque
1626 2312 1781 2384 eupiditate

139 2400 259 2456 reddere
272 2401 360 2473 cupis,
372 2418 418 2455 ars
430 2417 502 2456 ame
516 2403 674 2472 excogitata
685 2408 739 2467 est,
749 2402 793 2458 cui
804 2403 940 2460 obluctari
980 2403 1173 2458 vehementius
1184 2419 1267 2474 quam
1278 2402 1363 2458 ullius
1372 2400 1444 2456 elius
1454 2401 1643 2458 reidesiderio
1653 2402 1780 2457 illectum

139 2488 218 2544 nullo
234 2489 317 2545 modo
333 2489 445 2560 poterit.
464 2507 558 2544 rerum
575 2492 662 2546 durus
678 2492 766 2563 ipsius
775 2493 887 2548 animus
901 2494 941 2548 ia·
981 2509 1014 2548 ac
1027 2492 1174 2547 delinitum
1182 2496 1233 2546 est.
1241 2491 1405 2562 Curnigitur
1415 2490 1545 2545 omnibus
1555 2489 1638 2546 rebus
1647 2507 1779 2563 peragra-

139 2577 222 2633 cilius
236 2579 407 2645 emollietur,
433 2596 518 2651 quam
534 2596 598 2634 cera
613 2580 720 2651 ingenti
732 2599 799 2652 rogo
814 2583 938 2638 admota.
981 2581 1018 2635 tis
1031 2582 1066 2635 ad
1081 2598 1175 2653 regem
1190 2597 1254 2637 eum
1269 2580 1460 2646 adduxissent,
1473 2596 1505 2635 ac
1514 2596 1562 2635 rex
1574 2597 1608 2635 ex
1622 2579 1683 2652 ipso
1697 2580 1778 2652 quid·

138 2667 196 2722 Rex
209 2667 307 2737 itaque
320 2684 421 2722 vanum
436 2668 578 2723 hominem
594 2670 672 2723 inani
687 2674 797 2725 tumore
810 2671 939 2726 inflatum
981 2687 1046 2725 nam
1063 2689 1095 2725 ex
1106 2670 1236 2725 omuibus
1245 2669 1329 2725 rebus
1337 2686 1406 2742 quas
1420 2669 1534 2724 vidisset
1544 2669 1599 2742 ipsi
1606 2669 1779 2741 magisarri·

138 2755 238 2823 ddens,
251 2757 287 2811 ad
301 2758 471 2829 voluptatem
483 2758 579 2812 statim
592 2759 734 2830 animique
743 2760 869 2815 letitiam
879 2778 940 2815 sese
981 2759 1069 2827 deret,
1080 2748 1269 2831 quaesivisset:
1285 2758 1368 2826 Quid,
1380 2759 1482 2830 inquit,
1493 2758 1570 2814 aliud
1583 2775 1668 2830 quam
1677 2759 1779 2815 daemo-

137 2849 234 2912 813}
248 2846 395 2913 convertit,
402 2863 518 2918 sperans
529 2847 664 2913 videlicet,
682 2850 855 2920 petulantem
863 2851 940 2905 illam
981 2865 1031 2903 nes
1044 2849 1086 2904 illi
1107 2848 1155 2920 qui
1176 2848 1305 2903 homines
1319 2847 1348 2902 in
1363 2848 1491 2903 fraudem
1504 2847 1661 2928 inducunt?
1680 2849 1778 2920 Neque

136 2938 165 2990 et
177 2935 316 2989 audacem
329 2935 455 3007 linguam
466 2936 591 2991 animum
610 2936 743 2993 divinitus
759 2939 887 2994 edoctum
907 2957 940 2995 nc
980 2937 1055 2993 enim
1077 2938 1151 2993 illius
1169 2937 1211 2995 rei
1230 2954 1263 2992 ex
1286 2937 1331 2992 his
1352 2936 1482 2992 omnibus
1496 2953 1567 3008 quas
1582 2937 1718 2993 hodierno
1733 2938 1778 2995 die

135 3023 321 3095 philosophia
329 3025 443 3096 plenum
453 3031 650 3097 superaturam
659 3027 859 3099 esseCumque
866 3046 939 3100 quec-
979 3026 1036 3082 vidi
1051 3026 1169 3101 perinde
1182 3033 1267 3098 atque
1280 3042 1379 3082 eorum
1394 3042 1490 3081 amore
1503 3027 1614 3082 animus
1630 3043 1712 3082 meus
1735 3028 1778 3085 ia-

134 3128 203 3168 nam
216 3113 267 3167 illa
281 3129 328 3168 ars
338 3118 413 3168 esset
422 3131 454 3168 ex
472 3130 505 3170 eo
514 3115 712 3179 sciscitaretur,
724 3121 785 3170 tum
794 3117 935 3187 Theudas,
947 3086 1079 3171 ccensus
1093 3117 1245 3188 estrttque
1259 3117 1334 3171 hunc
1345 3115 1424 3188 pueri
1437 3132 1596 3171 sermonem
1607 3133 1656 3171 rex
1669 3115 1718 3172 ille
1730 3117 1777 3173 ad·

133 3208 282 3274 tamquam
290 3203 425 3259 novacula
433 3204 619 3258 acutadolnrn
628 3206 934 3275 contexittl’salaxxn),
978 3205 1097 3262 miratus
1109 3211 1160 3272 est,
1178 3222 1318 3278 quamque
1327 3205 1451 3261 violenta
1465 3221 1498 3260 ac
1511 3205 1660 3278 tyrannica
1675 3222 1721 3261 res
1734 3206 1776 3262 fe-

132 3291 293 3364 callideque
320 3293 471 3363 pharmaca
488 3300 641 3365 comparat.
664 3297 756 3367 Atque
778 3295 936 3368 improbam
977 3296 1118 3351 minarum
1141 3311 1221 3351 amor
1243 3300 1327 3362 esset,
1343 3294 1409 3349 hinc
1429 3294 1575 3366 iudicavit.
1590 3295 1726 3359 Quocirca
1744 3301 1776 3352 tu

132 3381 279 3448 technam,
302 3380 462 3454 diabolique
490 3384 648 3450 consilium,
673 3402 777 3456 quaeso,
795 3386 932 3458 pampica.
976 3402 1090 3457 quoque
1102 3402 1159 3440 non
1173 3385 1232 3440 ulla
1245 3385 1302 3439 alia
1314 3384 1423 3440 ratione
1446 3400 1530 3456 quam
1554 3384 1610 3440 ista
1631 3390 1660 3439 te
1685 3384 1774 3441 filium

133 3469 284 3537 Omnibus,
299 3470 402 3542 inquit,
412 3488 429 3526 o
441 3489 498 3537 rex,
514 3473 562 3543 qui
573 3473 629 3527 fllia
643 3480 737 3529 astant
752 3481 837 3547 atquc
847 3476 935 3530 inser·
974 3479 1055 3530 tuum
1068 3475 1098 3530 in
1109 3479 1276 3546 potestatem
1292 3473 1471 3530 redacturum
1486 3480 1576 3547 putes.

131 3558 224 3625 vlunt,
242 3559 277 3613 ab
301 3576 334 3614 eo
353 3560 449 3631 procul
461 3560 620 3632 disjunctis,
632 3563 750 3633 pulchra
759 3570 788 3619 et
798 3551 934 3637 perquam
1011 3565 1070 3619 Rex
1082 3563 1289 3620 hocconsilium
1298 3563 1497 3636 exeipit,atque
1508 3563 1655 3620 confestim
1664 3564 1773 3621 adeum

131 3648 259 3720 eleganti
279 3648 370 3704 forma
395 3649 527 3720 praeditas
539 3651 681 3718 mulieres,
698 3658 783 3724 atque
803 3653 839 3707 ad
854 3655 935 3725 pelli·
977 3652 1092 3708 delectae
1103 3654 1203 3725 puellae
1216 3653 1577 3726 prestantiatqueegregia
1591 3654 1683 3710 torma
1693 3654 1774 3711 indu-

131 3737 362 3794 ciendcsanimos
371 3738 532 3806 adornatas,
541 3755 605 3794 cum
620 3757 654 3796 eo
666 3749 802 3814 perpetuo
818 3744 930 3812 versari,
975 3747 1086 3797 cuntur.
1103 3743 1179 3807 Quas
1194 3743 1279 3798 etiam
1294 3759 1359 3799 eum
1378 3742 1439 3815 ipse
1452 3743 1573 3815 eleganti
1591 3751 1693 3800 ornatu
1706 3744 1773 3801 illu·

131 3824 244 3898 ipsique
259 3827 429 3894 ministrare,
442 3829 561 3900 vitaeque
575 3832 806 3888 consuetudinem
826 3840 855 3888 et
868 3850 933 3889 eon·
973 3836 1098 3897 strasset,
1116 3838 1201 3904 atque
1212 3833 1327 3888 omuino
1341 3832 1377 3888 ad
1387 3832 1585 3904 pelliciendum
1592 3834 1704 3904 juvenis
1713 3834 1773 3892 ani·

131 3913 296 3970 tubernium
309 3932 415 3972 eumeo
430 3916 533 3972 habere
541 3917 616 3989 jube
631 3920 689 3991 Ego
709 3926 804 3976 antem
824 3939 879 3978 uno
898 3939 931 3978 aa
971 3922 1245 3987 muminstruxisset,
1256 3938 1353 3978 omnes
1363 3922 1452 3994 ipsius
1462 3922 1772 3983 famulosetministros

131 4002 167 4059 iia
179 4003 337 4076 spiritibus,
348 4022 417 4076 quos
431 4006 467 4061 ad
483 4023 529 4061 res
540 4007 702 4079 hujusmodi
717 4012 885 4082 comparari,
895 4013 931 4067 ad
972 4027 988 4065 c
1002 4010 1106 4082 palatio
1120 4011 1206 4083 ejicit,
1221 4028 1324 4083 easque
1341 4011 1371 4066 in
1386 4028 1483 4067 eorum
1498 4013 1591 4069 locum
1614 4012 1769 4072 substituit.

132 4108 196 4149 eum
206 4093 463 4166 posteasubmisso‚
474 4097 610 4151 acriorem
620 4098 771 4170 voluptatis
780 4099 874 4171 ignem
883 4118 930 4155 er·
971 4101 1021 4156 Ha
1035 4100 1131 4172 itaque
1141 4100 1194 4172 ipsi
1206 4099 1329 4172 undique
1342 4100 1497 4166 herebant,
1513 4118 1634 4174 eumque
1649 4105 1769 4176 comple·

132 4181 277 4238 citabostc
291 4184 375 4239 simul
391 4191 475 4257 atque
488 4187 531 4240 rel
548 4203 612 4241 cum
627 4203 684 4242 una
695 4189 755 4242 sola
768 4190 930 4259 hujusmodi
971 4188 1260 4260 ctebantur,atqnead
1275 4187 1415 4243 nefarium
1424 4189 1770 4249 concubitumexatimula·

132 4272 299 4328 muliercula
311 4289 371 4328 rem
385 4273 524 4341 habuerit,
547 4275 600 4330 nisi
615 4275 666 4331 ribi
682 4277 777 4332 omnia
791 4295 823 4332 cx
842 4279 929 4335 animi
970 4277 1047 4337 bant.
1059 4295 1109 4350 per
1118 4294 1216 4333 omnes
1225 4277 1354 4331 videlicet
1366 4280 1464 4346 gestus
1477 4293 1510 4331 ac
1523 4293 1668 4333 sermones
1674 4280 1768 4350 ipsum

133 4362 274 4417 sententia
288 4363 386 4426 duent,
403 4364 458 4418 erit
468 4366 528 4435 jam
541 4382 592 4419 eur
601 4382 646 4420 me
661 4373 834 4435 contemnas,
844 4372 928 4440 atque
970 4367 1007 4421 ad
1021 4367 1193 4438 voluptatem
1207 4371 1399 4437 provocantes.
1415 4364 1565 4421 Neminem
1580 4367 1668 4422 alium
1679 4366 1768 4423 habe·

133 4456 164 4506 ut
179 4451 288 4508 nullius
298 4468 364 4508 usus
378 4454 531 4518 hominem,
541 4471 595 4509 non
611 4456 772 4516 honoribus.
785 4458 833 4512 sed
844 4449 961 4514 mari-l]
971 4454 1020 4511 bat
1034 4472 1118 4528 quem
1135 4456 1317 4528 conspiceret,
1338 4472 1402 4511 cum
1417 4472 1472 4528 quo
1486 4456 1702 4529 colloqueretur,
1719 4463 1768 4514 aut

132 4541 184 4596 mia
197 4541 344 4613 suppliciis
352 4542 718 4600 afficiendumducas.h'ihil
731 4545 806 4600 enirn
821 4564 930 4603 mascu·
972 4552 1104 4611 coenaret,
1120 4545 1188 4618 ipsas
1202 4545 1277 4601 anim
1292 4546 1387 4603 omnia
1410 4545 1465 4618 ipsi
1489 4551 1579 4603 eraut.
1601 4547 1694 4619 Atque
1707 4546 1768 4604 bac

132 4627 224 4686 lorum
247 4631 357 4687 animos
370 4632 486 4704 perinde
502 4633 614 4688 allicere
629 4649 662 4688 ac
676 4634 835 4690 demulcere
847 4636 929 4704 solet,
972 4634 1084 4706 quidam
1098 4652 1146 4705 rer
1160 4634 1421 4692 saciabatrneudas
1435 4640 1531 4691 autem
1544 4650 1657 4691 rursum
1672 4635 1708 4692 ad
1722 4653 1768 4708 pe·

131 4723 162 4775 ut
172 4718 344 4776 feminarum
351 4725 525 4793 conspectus.
535 4722 628 4794 Atque
637 4724 850 4781 utsermonibus
862 4725 932 4781 meis
970 4723 1098 4781 ah’feram
1113 4741 1194 4780 suam
1208 4726 1369 4798 speluncam
1391 4725 1541 4797 profectus,
1557 4724 1644 4781 libros
1658 4725 1768 4797 quires

132 4808 216 4865 ddem
227 4809 371 4876 adhibeas,
387 4810 534 4866 historiam
550 4811 623 4865 hanc
637 4812 720 4867 velim
732 4813 840 4869 audias.
908 4863 912 4870 .
970 4810 1156 4884 hujusmundi
1170 4814 1577 4887 efficerepoterant,inmanua
1591 4815 1768 4873 sumit:evo·

162 4899 233 4956 car.
246 4899 330 4954 XXX.
341 4899 439 4955 -Rex
453 4899 567 4972 quidam
581 4917 646 4954 cum
660 4903 784 4957 mascula
796 4903 874 4974 prole
886 4920 929 4957 ca·
970 4909 1119 4976 cetumque
1125 4920 1252 4960 unumex
1262 4903 1396 4976 improbis
1407 4903 1705 4975 spiritibusadcbristi
1711 4907 1766 4963 mi·

128 4994 203 5044 reret
220 4989 402 5043 vehementer
424 4988 519 5043 animo
533 4989 700 5060 angebatur,
717 5007 835 5062 caraque
856 4992 929 5047 cala·
968 4991 1047 5048 litem
1059 4993 1130 5049 bello
1139 4992 1333 5049 lacessendum
1340 4993 1453 5059 emittit,
1461 4993 1588 5050 nesciens
1597 4994 1703 5053 seilicet
1712 4997 1767 5055 mi·

129 5078 257 5134 mitatem
272 5078 347 5133 haud
360 5093 475 5150 parvam
489 5078 678 5134 existimabat.
698 5080 757 5134 Hoc
767 5080 853 5152 igitur
864 5097 927 5136 cum
969 5098 1015 5138 ser
1027 5083 1075 5138 ille
1085 5088 1222 5155 quantum
1237 5082 1280 5137 sui
1296 5082 1385 5138 risum
1392 5083 1767 5160 excitaturus,quantamquc

127 5172 203 5224 statu
226 5172 310 5233 esset,
326 5167 415 5223 tilium
435 5166 464 5222 in
488 5168 578 5222 lucem
599 5167 695 5234 edidit,
712 5185 800 5241 eoque
814 5169 928 5226 nomine
968 5171 1053 5227 simul
1066 5189 1130 5228 cum
1155 5171 1285 5228 universa
1297 5188 1348 5227 sua
1360 5171 1497 5229 diabolica
1518 5174 1632 5230 cohorte
1644 5175 1766 5233 infamia

127 5272 238 5313 ramma
253 5257 396 5328 voluptate
408 5255 537 5328 perfusus
552 5262 604 5312 est.
628 5257 764 5314 Dixerunt
782 5265 877 5316 autem
891 5261 927 5315 ad
968 5267 1066 5317 notam
1073 5261 1219 5317 subiturus
1225 5261 1459 5334 essetlmprobus
1468 5267 1563 5320 autem
1574 5265 1766 5338 spiritus,aliis

127 5362 192 5403 enm
206 5346 311 5402 eruditi
326 5346 440 5419 quidam
455 5346 565 5413 medici,
585 5350 644 5401 tore
665 5354 696 5402 ut
717 5349 740 5403 si
764 5365 835 5420 puer
853 5350 928 5405 intra
967 5351 1083 5423 insuper
1096 5350 1278 5423 nequioribus
1292 5351 1437 5424 spiritibus
1451 5355 1612 5428 assumptis,
1629 5355 1665 5410 ad
1677 5371 1764 5427 gene·

127 5435 275 5493 duodecim
301 5453 389 5492 annos
405 5437 494 5492 solem
516 5442 566 5492 aut
580 5437 673 5507 ignem
693 5437 808 5505 videret,
821 5440 927 5495 lumine
967 5441 1025 5497 rosi
1042 5441 1226 5497 adolescentis
1241 5441 1401 5499 cubiculum
1414 5460 1445 5499 sc
1458 5445 1574 5512 confert,
1594 5444 1624 5500 in
1643 5460 1764 5515 eumque
1808 5476 1811 5480 ι

126 5540 242 5599 prorsus
258 5525 414 5594 orbaretur,
425 5525 455 5582 id
471 5526 547 5582 enim
561 5544 594 5583 ex
607 5528 750 5584 oculorum
764 5528 852 5602 ipsius
871 5531 927 5588 situ
968 5531 1105 5604 impetum
1133 5532 1207 5598 facit,
1224 5532 1500 5591 vehementissimam
1518 5532 1611 5590 carnia
1623 5533 1765 5589 fornacem

128 5615 353 5690 designaritlua
362 5632 425 5674 cum
436 5621 517 5690 pater
526 5617 659 5683 audisset,
669 5616 828 5675 cubiculum
838 5621 927 5692 quod·
969 5621 1152 5681 succendens.
1171 5623 1211 5678 Ac
1220 5621 1347 5680 diabolus
1357 5623 1472 5696 quidem
1484 5624 1612 5681 internas
1620 5621 1675 5694 ipsi
1688 5621 1768 5704 dam·
1810 5644 1813 5649 ·
