3818 6120
114 307 154 367 33
760 308 1058 368 PROLEGOHFNON
1076 310 1124 367 111.
1725 312 1760 371 34

116 433 225 488 stinata
236 432 334 505 procul
346 430 431 487 dubio
440 430 579 503 reperitis,
591 432 639 503 qui
653 448 705 505 per
714 438 805 489 totum
821 435 917 490 orbem
926 437 951 496 Α
960 451 1125 507 persuasum
1138 439 1181 488 est
1192 433 1293 501 Fabro,
1304 434 1508 510 Hieronymum
1523 452 1633 509 quoque
1648 439 1683 494 de
1694 441 1761 496 Vita

115 525 260 577 terrarum
277 523 407 589 floruere,
418 526 557 576 utsancta
572 521 694 577 imitatio
707 540 756 578 uos
764 540 917 594 provocans
959 530 988 578 et
1003 524 1127 579 moribus
1150 530 1312 579 sanctorum
1335 527 1451 582 Petrum
1477 525 1580 581 librum
1602 529 1757 600 scripsisse,

116 612 155 666 ad
169 612 295 666 eoelestia
306 628 397 682 regna
415 611 560 682 perducat.
584 630 596 662 ι
618 611 793 683 Respondeo,
810 619 918 668 exstare
960 613 1008 685 qui
1022 630 1096 669 nunc
1110 614 1298 684 desideretur3
1313 631 1364 670 nce
1379 616 1454 670 enim
1465 616 1530 670 indo
1544 617 1623 687 sequi
1639 619 1759 674 sustine·

116 702 335 775 camapistolam
343 700 624 772 Hieronyminomine
635 700 715 756 initio
726 703 919 774 Martyrologii
959 701 1017 771 bat,
1034 720 1098 758 eum
1122 703 1224 758 librum
1240 704 1288 775 qui
1302 705 1385 776 vulgo
1402 705 1484 760 titulo
1499 706 1629 761 vitarum
1644 708 1761 764 Petrum

116 792 249 858 Usuardi,
266 791 314 846 sed
326 791 404 845 nulla
419 790 456 844 ibi
472 791 579 845 mentio
592 790 722 846 Vitarum
739 792 864 847 Petrum.
882 793 920 848 Ut
959 791 1106 860 increbuit,
1129 792 1163 846 ab
1177 793 1348 865 Hieronymo
1363 795 1552 866 conscriptum
1568 813 1637 850 esse.
1653 798 1757 867 Primo,

115 881 195 934 nullo
210 880 294 935 modo
309 880 374 935 inde
388 879 480 949 colligi
494 879 583 951 possit
594 880 797 953 Hieronymum
811 882 853 935 uel
868 882 919 936 ha·
961 882 1027 953 quia
1041 882 1229 954 Hieronymus
1245 883 1305 954 ipse
1328 883 1414 938 alium
1432 900 1530 938 aarum
1545 891 1687 940 auctorem
1702 887 1761 942 evi·

115 987 182 1024 rum
197 970 328 1024 Vitarum
349 969 392 1023 vel
416 967 535 1023 aliarum
552 974 695 1024 auctorem
710 986 780 1025 esse.
797 971 919 1026 Tantum
961 971 1696 1044 deotissimisindiciisdesignat,utipostvidebimus.
1709 976 1761 1031 Se·

115 1060 236 1130 epistola
250 1076 284 1113 ea
293 1058 407 1130 respicit
419 1058 652 1129 Martyrologium
667 1060 741 1131 quod
755 1060 919 1133 Hieronymi
960 1061 1060 1127 eundo,
1078 1060 1144 1131 quia
1159 1077 1192 1114 ex
1204 1060 1270 1115 Vita
1285 1061 1410 1129 loannis,
1425 1078 1487 1132 quae
1501 1062 1593 1135 primo
1607 1063 1666 1118 loco
1680 1064 1761 1136 poni·

115 1149 231 1203 nomine
241 1154 305 1220 post
315 1148 462 1219 epistolam
477 1164 539 1202 eam
555 1153 622 1203 tunc
637 1148 773 1207 exstabat.
783 1149 919 1222 Quodque
960 1154 1017 1215 tur,
1039 1149 1173 1204 discimus
1187 1166 1252 1204 eum
1276 1151 1324 1221 qui
1343 1150 1445 1205 libmm
1460 1152 1634 1223 conscripsit,
1649 1153 1763 1227 presby·

114 1242 471 1292 nunoreeensnactussum
481 1236 695 1293 exBibliotheca
707 1239 916 1310 Epternacensi,
960 1243 1053 1292 terum
1068 1255 1124 1293 non
1137 1239 1231 1305 fuisse,
1246 1240 1294 1293 sed
1309 1240 1400 1294 solum
1413 1240 1576 1309 diaeonum3
1588 1257 1644 1296 non
1653 1259 1759 1312 senem,

114 1343 184 1380 sune
198 1326 430 1394 uetustissimum,
442 1332 507 1381 anta
519 1343 600 1382 occec
616 1344 713 1395 annos,
730 1327 758 1382 id
773 1334 816 1383 est
830 1329 918 1383 saneti
960 1327 1007 1381 sed
1021 1328 1173 1398 juvenem:
1190 1329 1394 1400 Hieronymum
1408 1334 1501 1384 autem
1514 1347 1577 1384 cum
1592 1331 1702 1386 deserta
1715 1346 1763 1403 pe·

114 1416 293 1471 Willibrordi
306 1421 444 1488 tempora,
462 1416 606 1488 seriptum.
619 1417 695 1481 Quas
711 1417 798 1489 igitur
810 1435 843 1472 eo
858 1419 919 1473 loco
960 1416 1014 1483 tiit,
1031 1422 1060 1470 et
1077 1417 1274 1488 presbyterum
1296 1418 1392 1485 fuisse,
1406 1423 1435 1472 et
1448 1423 1530 1474 {etate
1545 1436 1651 1487 senem,
1667 1420 1762 1475 nullus

114 1520 174 1559 non
188 1506 275 1562 refert
290 1506 510 1560 remotissimum
518 1506 736 1575 VitasPatrum,
752 1507 800 1562 sed
808 1513 919 1562 tantum
960 1505 1031 1560 forte
1046 1506 1165 1560 dubitat.
1182 1507 1225 1561 lta
1236 1505 1350 1578 quidem
1363 1507 1462 1562 Faber.

116 1594 173 1649 duo
195 1595 351 1667 sequentia,
375 1594 563 1649 confessiones
576 1595 712 1661 fidolium,
734 1601 762 1650 et
775 1596 919 1667 passiones
995 1594 1050 1650 Sed
1071 1599 1104 1649 ut
1116 1601 1191 1650 reete
1207 1596 1287 1650 Vitas
1301 1597 1352 1650 hos
1366 1595 1401 1651 ab
1416 1598 1587 1669 Hieronymo
1602 1603 1688 1669 negat
1702 1614 1762 1654 esse

117 1690 276 1756 martyrum
292 1701 411 1756 quorum
427 1683 592 1738 breuissima
613 1683 642 1738 in
656 1685 856 1757 biartyrologio
870 1686 918 1740 illo
959 1683 1106 1755 profectas,
1119 1685 1159 1738 ita
1174 1685 1310 1739 nonsatis
1323 1685 1521 1757 circumspecte
1535 1686 1619 1742 citato
1633 1688 1763 1743 testimo-

117 1775 264 1840 memoria,
282 1791 332 1829 seu
346 1773 439 1845 potius
450 1773 637 1828 nomenclatio
653 1779 751 1828 exstat.
960 1773 1007 1828 nio
1020 1772 1072 1827 sibi
1087 1790 1186 1844 passus
1201 1778 1244 1828 est
1264 1774 1437 1845 persuaderi,
1453 1774 1487 1829 ab
1503 1775 1675 1848 Hieronymo
1690 1792 1762 1848 quo·

153 1862 180 1920 1.
212 1863 374 1930 Gratianus,
401 1862 430 1917 in
458 1863 579 1931 decreto,
607 1868 687 1935 parte
709 1862 736 1930 i,
766 1880 851 1919 causa
872 1863 1013 1941 97,Bque
1023 1864 1103 1917 Vitas
1118 1863 1244 1929 Patrum,
1262 1862 1314 1917 etsi
1329 1864 1571 1935 aliasarulgatis,
1593 1865 1679 1920 tuisse
1693 1881 1762 1920 oon-

119 1959 215 2025 quaest.
232 1952 259 2019 F,
276 1969 337 2024 cap.
355 1949 401 2019 26,
423 1956 487 2025 post
503 1953 620 2007 recitata
637 1952 722 2007 uerba
736 1951 843 2008 Nicolai
858 1954 870 2008 I
884 1953 920 2008 ad
961 1952 1099 2024 scriptas,·
1116 1968 1178 2006 eum
1193 1952 1307 2023 Regulae
1325 1952 1380 2007 illae
1395 1952 1650 2009 sanctimonialium
1663 1972 1679 2009 a
1693 1970 1763 2027 pru·

118 2042 250 2097 carolum
264 2058 369 2112 regem,
381 2039 482 2113 quibus
492 2042 617 2096 decernit
629 2060 642 2094 ιι
653 2058 710 2096 non
720 2042 813 2110 licere,
823 2041 877 2097 nisi
887 2058 920 2097 cx
961 2039 1135 2095 dentiorihus
1149 2041 1216 2095 uiris
1231 2040 1266 2096 ab
1281 2058 1365 2113 opere
1378 2042 1457 2112 [xxv]
1470 2043 1690 2114 Hieronymiano
1700 2044 1761 2114 jam

117 2146 254 2187 consensu
269 2131 418 2202 utriusque
428 2130 564 2203 conjugis,
575 2136 640 2185 rota
650 2131 920 2186 continentiaesusci-
960 2130 1070 2201 pridem
1080 2129 1138 2185 sint
1147 2128 1282 2201 ablegatae
1293 2149 1299 2197 ;
1312 2130 1383 2186 etin
1392 2131 1496 2187 calcem
1504 2133 1626 2203 rejectae,
1642 2133 1717 2188 uelut
1724 2130 1761 2186 ab

117 2237 228 2291 pere3o
250 2219 347 2275 subdit
367 2219 499 2290 glossam,
525 2218 649 2286 elicere,
674 2220 785 2291 quando
806 2225 918 2274 tantum
960 2218 1126 2290 Hieronymi
1139 2219 1223 2290 genio
1239 2219 1345 2274 alienae.

116 2308 381 2381 suntdesponsati.›
392 2308 563 2380 Probatque:
578 2308 809 2364 ‹Utenimreiert
818 2307 917 2364 beatus
995 2307 1111 2379 Scripsit
1120 2306 1232 2379 quidem
1243 2308 1430 2380 Hieronymus
1446 2310 1592 2381 epistolam
1611 2311 1646 2364 ad
1660 2311 1761 2367 Eusto-

116 2400 316 2471 Hieronymus,
333 2397 475 2452 Macarius
490 2398 646 2470 praecipuus
660 2398 845 2453 interChristi
859 2414 917 2452 ere·
959 2397 1064 2463 chium,
1078 2413 1140 2469 quae
1155 2402 1198 2452 est
1216 2397 1314 2452 ordine
1332 2396 1377 2465 2⁸2,
1398 2398 1432 2453 de
1449 2400 1630 2454 custodienda
1647 2400 1761 2471 virgini-

116 2488 210 2548 mitas.
235 2486 321 2556 [xxiv]
344 2485 483 2541 celebrato
508 2486 672 2558 nuptiarum
694 2487 828 2553 convivio,
851 2504 916 2541 cum
958 2491 1026 2547 tate,
1042 2485 1072 2541 in
1087 2502 1142 2558 qua
1157 2486 1284 2557 quaedam
1296 2487 1411 2558 attingit
1425 2489 1666 2543 demonachorum
1676 2504 1761 2559 gena-

114 2593 230 2647 vespere
245 2577 403 2631 thalamum
418 2581 492 2631 esset
507 2576 694 2647 ingressurus,
712 2592 744 2630 ex
756 2575 826 2630 urbe
840 2592 917 2647 egre·
957 2575 1045 2643 ribus,
1063 2582 1202 2630 eteorum
1220 2575 1319 2646 regula
1333 2582 1417 2647 atque
1431 2577 1569 2632 instituto.
1581 2578 1634 2632 Sed
1649 2578 1758 2632 nullum

114 2666 204 2732 diens,
219 2665 411 2721 transmarina
424 2665 514 2737 petiit,
531 2671 559 2720 et
571 2665 658 2720 eremi
674 2664 853 2719 solitudinem
863 2665 917 2720 sibi
958 2664 1023 2719 inde
1049 2665 1182 2719 indicium
1198 2665 1291 2735 colligi
1312 2670 1404 2736 potest
1418 2666 1492 2737 quod
1511 2666 1696 2737 Hieronymus
1714 2666 1758 2720 uel

114 2755 209 2826 elegit.
231 2775 242 2807 ι
261 2756 340 2820 Quod
365 2756 395 2809 in
417 2755 483 2809 Vita
504 2755 619 2810 Macarii
633 2754 752 2809 Romani
764 2747 916 2824 invenitur,
959 2755 1063 2825 regulae
1079 2754 1154 2808 illius
1168 2755 1290 2824 vulgatae
1304 2754 1334 2809 in
1347 2755 1432 2809 colice
1442 2771 1559 2828 operum
1567 2756 1628 2825 ejus
1638 2755 1757 2825 rejectae,

115 2861 177 2916 quae
189 2844 313 2899 habetur
324 2861 399 2899 nunc
413 2845 526 2916 quidem
544 2844 616 2898 libro
631 2844 723 2915 primo
738 2843 773 2897 de
782 2844 854 2898 Vitis
867 2845 918 2898 Pa·
959 2843 1001 2896 rel
1016 2841 1081 2897 libri
1095 2842 1180 2912 hujus
1195 2847 1294 2897 auctor
1306 2842 1352 2900 sit.

113 2943 200 3001 trum,
211 2935 356 2989 olimforte
366 2933 749 3001 libroseeundoanneuaiuit,
761 2932 918 2988 ubidealiis
994 2931 1067 2994 Quin
1079 2931 1136 2985 imo
1151 2931 1354 3004 Hieronymum
1369 2932 1453 3001 hujus
1467 2931 1531 2985 libri
1546 2937 1690 2987 auctorem
1700 2946 1758 2987 uon

114 3023 225 3078 duobus
235 3024 366 3078 Macariis
380 3024 483 3094 agitur.
499 3023 663 3095 Respondeo
679 3023 846 3078 Gratianum
865 3023 920 3077 sor·
961 3036 1031 3086 esse,
1048 3037 1080 3074 ex
1095 3019 1155 3091 ipso
1170 3020 1343 3092 Hieronymo
1362 3020 1507 3088 evincitur,
1527 3025 1558 3075 ut
1576 3019 1590 3094 5
1607 3019 1639 3077 10
1654 3019 1760 3075 videbi·

117 3113 204 3168 tussis
213 3112 545 3184 occasionemsumpsisse
554 3112 648 3167 Vitam
657 3112 920 3167 Macariitribuendi
960 3125 1033 3163 mus
1051 3109 1104 3173 Qui
1120 3108 1195 3163 enim
1211 3109 1409 3181 Hieronymus,
1421 3126 1491 3181 quos
1504 3110 1564 3182 ipse
1577 3110 1683 3164 detexit
1698 3126 1759 3165 esse

116 3202 302 3274 Hieronymo,
315 3202 389 3273 quod
408 3201 581 3256 existimaret
595 3217 692 3255 omnes
708 3201 787 3255 Vitas
802 3201 918 3255 Patrum
961 3198 1117 3264 haereticos,
1134 3204 1164 3252 et
1177 3200 1278 3253 asserit
1291 3200 1319 3252 iu
1335 3199 1452 3254 coneilio
1467 3199 1661 3271 episcoporum
1677 3199 1759 3254 dam·

116 3290 153 3345 ab
167 3292 340 3364 Hieronymo
349 3291 529 3362 conscriptas,
538 3290 669 3345 inductus
677 3289 785 3345 duabus
801 3289 916 3344 rationi·
961 3292 1051 3355 natos,
1065 3287 1094 3340 in
1107 3288 1216 3342 litteras
1231 3287 1364 3355 mitteret,
1379 3292 1407 3342 et
1416 3293 1551 3359 tauquam
1566 3294 1676 3343 sanctos
1683 3304 1759 3343 com-

115 3379 179 3446 bus,
195 3397 266 3452 quas
276 3382 335 3451 jam
352 3380 441 3452 primo
455 3386 623 3450 argumento
638 3379 763 3452 proxime
777 3379 914 3433 dedimus.
958 3377 1120 3431 mundaret?

153 3471 178 3524 5.
195 3470 367 3524 Trithemius
382 3486 502 3541 quoque,
518 3470 548 3523 in
564 3469 697 3539 Catalago
711 3469 783 3522 Eccl.
802 3468 915 3538 script,
994 3467 1051 3519 Nec
1065 3465 1113 3520 illa
1128 3464 1211 3520 Fabri
1231 3465 1348 3520 assertio
1365 3471 1408 3520 est
1419 3466 1517 3532 solido,
1539 3465 1760 3537 quaperteudit

115 3558 195 3613 l'itas
211 3559 328 3613 Patrum
343 3559 517 3631 Hieronymo
530 3557 642 3633 tribuit.
658 3558 691 3611 Et
701 3574 736 3611 ne
749 3556 810 3628 quis
825 3556 918 3610 existi·
962 3554 1166 3626 Hieronymum
1179 3561 1208 3608 et
1221 3554 1417 3627 presbyterum
1431 3554 1517 3609 tuisse
1532 3559 1560 3609 et
1574 3571 1679 3622 senem,
1695 3569 1760 3609 cum

70 3632 76 3644 ”
115 3654 177 3703 ruet
190 3648 226 3703 de
251 3647 313 3702 aliis
335 3665 399 3702 eum
414 3648 486 3701 l'iti's
510 3647 587 3718 loqui
602 3663 686 3718 quam
701 3646 829 3716 vulgatis,
854 3662 917 3717 quae
960 3642 994 3697 ad
1019 3644 1106 3714 Syriae
1130 3661 1160 3698 se
1179 3643 1285 3715 recepit
1308 3660 1446 3698 eremum.
1462 3645 1522 3698 lmo
1541 3660 1593 3697 nec
1612 3659 1695 3698 senex
1708 3659 1760 3697 nec

114 3738 281 3810 Hieronymi
296 3737 409 3791 nomine
418 3736 664 3802 circumferuntur,
672 3752 770 3790 earum
781 3734 918 3806 praefatio·
959 3732 1106 3805 presbyter
1118 3739 1186 3788 tunc
1198 3738 1268 3788 erat.
1280 3733 1350 3787 Vide
1361 3733 1406 3786 hic
1418 3733 1499 3787 initio
1512 3732 1597 3804 primi
1617 3732 1680 3787 libri
1693 3732 1760 3786 Hie·

113 3844 180 3882 nem
193 3828 327 3882 inclmare
341 3827 390 3892 ait,
405 3828 563 3881 benedictus
577 3827 656 3890 Dares,
669 3842 685 3879 a
699 3841 752 3897 quo
762 3824 917 3894 ctvulgatee
959 3821 1070 3893 ronymi
1091 3822 1357 3893 peregrinationem,
1381 3827 1410 3875 et
1424 3838 1484 3892 quae
1506 3822 1535 3875 in
1550 3822 1610 3892 lege
1623 3820 1757 3888 Talionis,

114 3917 169 3972 illae
185 3917 299 3972 initium
317 3917 431 3970 ducunt.
448 3915 632 3986 Respondeo:
649 3913 786 3986 Imposuit
807 3912 918 3967 TritHe-
959 3909 1090 3977 tobula5,
1101 3927 1152 3983 pro
1163 3909 1283 3965 Baronio
1294 3915 1393 3965 contra
1401 3909 1598 3965 casaubonum
1608 3910 1760 3981 disputavi.

115 4006 174 4059 mio
190 4006 307 4077 uulgata
320 4005 419 4072 editio;
436 4021 503 4059 nam
512 4004 540 4058 in
551 4005 622 4058 ›llss
642 4003 691 4057 alii
705 4007 832 4057 auctores
848 4001 919 4055 assi-

114 4099 251 4166 gnantur,
272 4094 313 4149 uti
328 4095 431 4166 partim
442 4093 571 4159 vidimus,
589 4093 692 4165 partim
706 4092 794 4146 visuri
813 4107 918 4145 sumus.

151 4184 178 4240 (i.
203 4183 324 4238 lacobus
338 4182 427 4238 Faber
447 4182 633 4253 stapulensis,
649 4180 811 4253 praefatione
827 4179 862 4234 ad
876 4180 918 4233 la·
996 4178 1109 4233 Invenio
1120 4178 1149 4232 in
1164 4176 1331 4248 quibusdam
1346 4175 1554 4249 manuscriptis,
1570 4176 1612 4231 uti
1624 4176 1760 4247 Aquicin-

114 4280 234 4338 ctorem,
251 4288 336 4344 quam
351 4271 648 4326 HemclidisParadiso
660 4269 772 4324 Parisiis
783 4269 868 4335 edito,
884 4268 919 4322 de
961 4267 1046 4334 ctino,
1064 4265 1195 4321 Laetiensi
1210 4267 1326 4337 majore,
1347 4270 1375 4318 et
1387 4263 1615 4330 Camberonensi,
1632 4264 1707 4319 hunc
1720 4281 1764 4318 se·

116 4380 172 4434 quo
184 4379 279 4433 supra,
295 4360 346 4434 §XL
355 4361 482 4432 praefixit,
495 4361 595 4415 asserit
606 4376 635 4415 se
645 4377 661 4414 a
672 4359 794 4431 quodam
804 4374 920 4412 suorum
961 4356 1083 4410 eundum
1096 4354 1198 4408 librum
1211 4371 1268 4409 una
1280 4371 1342 4407 eum
1353 4359 1453 4425 quarto
1463 4353 1563 4408 ascribi
1579 4353 1761 4408 Postumiano

116 4453 259 4506 monitum
274 4451 348 4523 quod
359 4467 414 4505 non
427 4450 479 4505 rite
488 4451 517 4504 in
531 4449 649 4521 epistola
661 4445 1106 4538 dedicatorial'itasDmonacho.
1124 4444 1195 4498 Eum
1210 4443 1324 4498 titulum
1339 4443 1425 4498 etiam
1440 4442 1567 4515 quadam
1589 4441 1674 4496 editio
1688 4457 1761 4512 pra·

117 4542 236 4596 Petrum
251 4542 422 4612 Hieronymo
437 4539 633 4611 abjudicasset,
647 4555 716 4610 quas
732 4538 920 4609 Hieronymus
961 4534 1033 4588 ferre
1047 4533 1159 4588 dicitur.
1172 4532 1249 4587 Nihil
1265 4532 1299 4587 de
1314 4549 1346 4587 eo
1360 4531 1416 4602 legi
1430 4531 1503 4605 quod
1518 4531 1590 4585 hanc
1600 4529 1760 4601 epimonem

117 4630 179 4702 ipse
198 4648 215 4685 a
239 4647 268 4684 se
289 4630 407 4701 scriptas
427 4634 613 4701 agnosceret;
630 4617 714 4698 quem
739 4626 813 4681 enim
833 4627 920 4680 alium
960 4622 1085 4678 stabilire
1100 4622 1198 4694 possit.

118 4719 268 4773 certiorem
279 4735 363 4790 quam
374 4719 465 4790 ipsum
475 4723 577 4773 testem
587 4715 796 4770 desideremus?
808 4715 881 4769 Nam
891 4713 920 4768 in
996 4712 1057 4766 Nou
1069 4711 1182 4766 inanem
1194 4727 1308 4783 prorsus
1323 4709 1509 4781 suspicionem
1520 4707 1657 4775 existimo,
1668 4707 1761 4780 siquis

120 4803 922 4905 Regulasanctimonialium,quamscripsitadEustochium
963 4800 1038 4854 dicat
1052 4805 1144 4855 ortum
1158 4802 1233 4855 huuc
1247 4799 1360 4853 titulum
1370 4814 1403 4851 ex
1418 4798 1519 4852 Severo
1530 4797 1662 4869 Sulpicio,
1674 4797 1761 4868 quiin

119 4904 148 4952 et
162 4897 427 4969 reliquasurgmes
443 4913 503 4968 cap.
524 4894 566 4962 10,
582 4895 622 4949 rto
632 4893 746 4949 scribit
766 4893 880 4947 «Dum
873 4909 923 4962 igr
963 4889 1090 4960 Dialogrs
1100 4887 1385 4954 sursPostumranum
1398 4903 1430 4940 ex
1441 4885 1555 4941 Oriente
1564 4887 1762 4957 posttrrenna

117 4991 223 5059 turper
234 5004 393 5042 eremorum
412 4990 562 5057 antrasept
564 5001 699 5039 emamus
707 4988 817 5037 sanctos
825 4983 922 5036 Patres
963 4980 1018 5034 lem
1033 4977 1285 5050 peregrinationem
1301 4974 1441 5039 reducem,
1457 4975 1547 5030 multa
1560 4975 1594 5029 de
1609 4975 1761 5030 monacho·

119 5077 255 5147 derrantes
270 5075 396 5131 ibidem
389 5093 419 5129 m
434 5075 526 5141 terris
539 5074 653 5129 telutrn
664 5072 740 5127 ecelis
751 5072 865 5143 moelos
876 5087 923 5125 as
962 5086 1024 5123 rum
1041 5073 1069 5121 et
1084 5063 1313 5121 ercmrtarumi
1306 5080 1377 5118 aac
1396 5064 1525 5119 instituto
1538 5065 1723 5119 narrantem
1716 5081 1762 5118 m

119 5167 252 5221 sistentes
267 5165 379 5219 assiduo
399 5164 495 5219 labore
510 5163 628 5221 itineris,
646 5161 797 5232 arduisque
811 5159 922 5214 uiuendi
963 5156 1097 5212 troducit:
1112 5175 1124 5206 e
1132 5153 1340 5219 Posturmanus,
1352 5152 1660 5225 mnqurtmrtrodralogr
1666 5169 1760 5223 prum,

118 5254 314 5322 incommodis,
322 5250 854 5326 ceterisqueinnumeriscalamitatibus
861 5266 923 5321 per·
966 5266 978 5298 (ι
995 5246 1029 5300 ab
1043 5244 1166 5307 Oriente,
1184 5259 1238 5315 quo
1254 5259 1283 5296 se
1298 5248 1364 5297 aute
1379 5242 1532 5297 triennium
1545 5241 1666 5313 patrium
1679 5242 1762 5295 relin-

118 5346 245 5418 egrando
255 5345 406 5413 visitarem,
423 5345 457 5399 de
474 5360 592 5416 quorum
609 5343 667 5398 uita
677 5341 857 5413 moribusque
872 5339 923 5393 mi·
964 5351 1052 5408 quens
1060 5332 1227 5399 contulerat,
1239 5348 1392 5404 regressus
1406 5351 1419 5384 r
1431 5335 1483 5386 eto.
1494 5332 1634 5402 Namquae
1643 5329 1689 5384 hic
1698 5329 1762 5384 libri

118 5436 215 5503 rifieis,
228 5452 291 5508 qum
300 5434 472 5490 luculenter
465 5450 524 5506 ipse
532 5432 670 5505 perspexi,
680 5431 981 5500 libellumcompeq
982 5420 1057 5480 rarii
1064 5421 1206 5497 prioribus
1221 5422 1329 5494 aliquot
1347 5420 1485 5492 capitibus
1497 5419 1645 5487 habentur,
1658 5436 1690 5474 ea
1704 5433 1760 5473 om

116 5524 156 5596 gi,
170 5522 342 5596 quiiobis'
321 5530 359 5579 sit
347 5530 399 5579 tut
410 5522 541 5579 lucerna
533 5538 564 5578 in
572 5519 749 5587 candelabro,
759 5520 794 5574 ad
806 5517 922 5574 medita·
963 5513 1010 5569 nia
1024 5509 1190 5583 compendio
1203 5510 1329 5566 sublecta
1349 5513 1416 5565 sunt
1432 5524 1464 5563 ex
1482 5507 1574 5580 primo
1590 5507 1685 5564 Severi
1698 5506 1760 5561 dia·

116 5610 228 5668 tionem
237 5611 382 5684 religionis
397 5616 425 5669 et
439 5611 511 5669 uite
525 5627 537 5666 r
553 5609 614 5678 Quo
630 5606 744 5684 quidem
759 5603 922 5664 testimonio
960 5598 1061 5675 logo,
1054 5614 1084 5656 m
1100 5613 1155 5673 quo
1170 5597 1368 5657 Postumianae
1382 5599 1512 5654 narrator
1523 5593 1722 5653 introducitur

982 4043 995 4115 ἓ
1010 4045 1058 4099 ΙΧ.
1075 4046 1219 4099 Auctorem
1234 4046 1323 4098 victori
1335 4046 1548 4099 Poslrom'omon
1562 4044 1739 4099 moncellum.
