3818 6120
138 286 189 344 tlt
641 278 688 334 DE
705 277 801 335 vtrrs
823 276 971 334 Purattu
989 274 1097 333 LIBER
1114 274 1260 333 PRIMUS.
1728 273 1776 331 ttt

137 414 233 466 nostra
243 403 444 480 persecutionis
457 402 652 458 haereticorum
670 409 808 475 tempore,
828 419 892 458 cum
904 402 933 457 in
942 405 967 464 Α
976 401 1006 456 in
1021 400 1168 468 latebram,
1185 401 1232 473 qui
1250 405 1366 473 propter
1375 398 1519 472 insignem
1534 399 1621 454 fldem
1636 403 1666 455 ct
1676 401 1776 472 majori

138 504 235 554 sancta
248 493 436 551 Alexandrina
451 492 573 547 Ecclesia
586 493 762 563 degeremus,
775 492 805 546 in
819 491 935 547 carceri·
975 490 1170 546 haereticorum
1194 490 1258 545 odio
1282 487 1497 553 infestabantur,
1523 492 1552 543 et
1575 489 1776 544 occultantium

138 586 189 642 bus
204 593 234 639 et
244 585 274 638 in
286 581 400 648 exsiliis,
413 598 532 652 quaepro
542 581 597 635 fide
607 581 808 638 inserebantur.
818 579 936 651 probata
975 579 1165 650 tangebantur
1178 578 1291 644 invidia,
1307 579 1386 649 gravi
1400 583 1468 633 tunc
1482 576 1622 632 seditione
1633 577 1776 632 diabolicis

137 676 183 738 sit,
197 680 292 728 temen
308 679 336 725 et
350 688 424 727 nunc
438 670 461 724 si
475 669 538 741 quis
553 671 658 741 estqui
672 670 714 724 vel
729 674 839 724 tenure
851 668 935 723 fidem
975 668 1082 722 facibus
1096 668 1282 733 inflammata,
1299 667 1379 737 quasi
1401 671 1499 721 contra
1515 666 1611 738 legem
1637 666 1775 738 publicam

136 768 262 818 nostram
274 761 378 831 cupiat,
395 759 473 823 sciat,
490 765 543 812 etc.
976 763 1135 821 contumax,
1151 756 1277 827 protrahi
1287 772 1320 809 ac
1331 756 1390 828 pati
1398 757 1478 826 jussa
1494 760 1538 810 est
1551 772 1616 827 quse
1635 755 1703 809 illos
1720 771 1775 809 ma·

171 853 208 907 nt
222 851 281 905 haec
290 851 325 905 de
333 867 362 905 se
375 865 485 904 summa
496 848 634 919 jactantia
644 847 934 919 abipsoRutlinoesse
975 844 1090 909 nebant,
1106 845 1160 899 nisi
1171 844 1290 916 prodere
1302 845 1458 899 maluisset.
1471 844 1613 900 Processit
1625 845 1776 916 impavide,

135 946 304 1005 commenta,
320 940 456 994 exclamat
469 942 582 992 sanctus
602 937 797 1008 Hieronymus.
814 952 878 990 cum
891 934 935 988 his
975 934 1077 1007 cupida
1104 934 1252 1006 passionis,
1278 938 1307 988 et
1333 934 1439 1004 injuria
1464 933 1667 1005 publicationis
1691 935 1777 989 exsul-

135 1029 261 1085 recitatis
275 1028 364 1100 ipsius
379 1026 478 1092 verbis,
499 1027 538 1080 sic
554 1025 666 1081 subdit:
688 1025 775 1080 Miror
789 1024 863 1096 quod
878 1039 935 1077 non
975 1029 1049 1088 tans,
1075 1022 1203 1094 quamvis
1228 1038 1284 1076 oon
1312 1027 1502 1093 exspectasset
1522 1023 1609 1088 trahi,
1639 1027 1777 1078 tracturos

135 1118 280 1190 adjecerit,
298 1119 407 1171 Vinctus
421 1119 483 1169 lesu
494 1116 598 1170 Christi
604 1134 612 1179 ,·
623 1119 664 1168 et:
677 1116 819 1168 Liberatus
828 1130 891 1167 sum
903 1113 935 1166 do
976 1112 1138 1167 antevolans
1153 1111 1187 1164 ad
1206 1111 1347 1182 judicem,
1372 1110 1419 1182 qui
1442 1111 1575 1166 confusus
1598 1111 1777 1166 veneratione

136 1224 181 1262 ore
195 1209 298 1271 tconir‚·
316 1211 357 1259 et:
375 1206 549 1258 Alexandria
563 1205 600 1258 ad
614 1205 710 1257 bestias
723 1204 849 1271 pugnavi
865 1221 871 1268 ;
889 1206 931 1255 et:
975 1201 1131 1273 praesentis,
1147 1217 1204 1254 non
1214 1206 1362 1255 exsecutus
1376 1204 1420 1254 est
1433 1199 1610 1254 infidelitatis
1619 1199 1777 1266 iram,dum

36 1343 42 1348 .
136 1293 462 1358 Cursumcoarummaoi,
472 1292 665 1359 fidemscroaui
672 1309 679 1354 ;
691 1290 934 1357 strperestmilu'co-
975 1289 1040 1344 fidei
1055 1289 1176 1344 miratur
1188 1288 1344 1344 audaciam.

136 1399 209 1438 roua
217 1385 344 1453 justitie.
359 1381 426 1445 Qua
436 1383 529 1445 ΛΜ
547 1378 781 1445 malum,exsilis,
798 1377 934 1448 quasiste
1013 1377 1144 1432 «Eadem
1158 1383 1327 1449 tempestate
1343 1394 1393 1449 per
1407 1378 1534 1434 triduum
1548 1377 1677 1449 quinque
1691 1378 1776 1433 millia

136 1487 261 1526 carceres
277 1469 422 1525 nominat?
433 1468 524 1522 Pudet
538 1484 583 1521 me
597 1465 767 1539 apertissimi
783 1465 931 1531 mendacii,
975 1467 1178 1521 monachorum
1190 1467 1340 1522 latendum
1349 1466 1468 1539 panibus
1486 1467 1545 1521 suis
1567 1467 1649 1538 parit
1670 1468 1774 1535 (Mattb.

137 1561 217 1631 quasi
229 1575 353 1614 carceres
367 1562 396 1612 et
409 1556 506 1611 exsilia
520 1555 625 1626 absque
638 1555 765 1627 judicum
786 1553 934 1608 sententiis
975 1569 1038 1622 x1v3
1054 1556 1140 1609 Marc.
1154 1569 1196 1621 vr,
1216 1557 1289 1610 tace·
1304 1557 1360 1624 ixl:
1382 1561 1414 1610 ut
1432 1571 1483 1627 per
1500 1557 1562 1625 ejus
1588 1570 1707 1609 manum
1728 1555 1776 1610 ite·

135 1649 306 1720 irrogentur.
318 1647 388 1702 Volo
404 1651 500 1700 mmen
513 1645 572 1717 ipse
587 1645 658 1698 scire
670 1660 807 1710 carceres,
823 1648 852 1698 et
864 1659 933 1713 qua·
975 1660 1038 1698 rum
1052 1643 1187 1699 Dominus
1200 1644 1281 1699 lesus
1295 1644 1446 1716 pristinum
1460 1660 1611 1700 numerum
1621 1643 1654 1698 in
1666 1645 1775 1700 deserto

135 1755 199 1794 rum
215 1737 422 1810 provinciarum
436 1753 466 1789 se
488 1734 563 1789 dicat
580 1733 678 1787 exsilia
698 1731 874 1787 sustinuisse.
901 1721 1111 1804 Ethasccret,
1122 1737 1201 1787 tanto
1212 1732 1324 1804 quidem
1340 1750 1415 1788 nunc
1428 1733 1594 1804 impensiorr
1613 1734 1773 1801 clementia,

135 1827 234 1899 utique
241 1826 327 1881 habet
334 1825 443 1895 copiam
451 1823 486 1877 de
499 1821 595 1876 multis
603 1821 760 1876 carceribus
772 1821 802 1874 in
816 1819 934 1874 infinitis
975 1827 1080 1892 quanto
1095 1820 1196 1876 minori
1210 1821 1324 1877 licentia
1336 1821 1502 1877 fovebantur
1514 1822 1627 1888 occulti,
1640 1838 1727 1894 quam
1736 1822 1775 1877 illi

136 1915 240 1970 exsiliis
255 1931 343 1968 unum
359 1902 472 1982 aliquod
486 1909 659 1965 nominandi.
674 1908 779 1963 Prodat
785 1907 865 1962 nobis
871 1923 935 1962 con·
976 1908 1127 1980 quondam,
1145 1910 1193 1981 qui
1206 1910 1241 1965 ad
1253 1911 1406 1966 Dominum
1418 1910 1576 1966 voluntarie
1591 1911 1623 1966 in
1648 1910 1775 1966 libertate

136 2003 264 2058 fessionis
278 2019 336 2057 suae
348 2003 428 2064 Acta,
450 2016 511 2071 quae
532 2000 677 2069 hucusque
704 1996 878 2060 nescivimus,
902 2000 935 2051 ut
976 2005 1005 2054 et
1015 2016 1083 2072 pace
1093 2006 1291 2055 convenerant.
1312 2001 1367 2056 Sed
1377 2001 1436 2056 lraec
1445 2017 1497 2055 uec
1505 2000 1606 2056 timida
1623 2001 1775 2073 deprehen·

134 2092 288 2147 interulios
301 2089 475 2144 Alexandria
486 2095 624 2159 martyres
634 2088 718 2158 hujus
731 2102 841 2157 quoque
855 2091 935 2157 gesta
975 2088 1014 2154 di,
1030 2088 1211 2144 interdictum
1227 2106 1325 2145 secura
1346 2089 1488 2162 prabebat
1506 2089 1643 2155 officium,
1655 2106 1708 2144 nec
1733 2107 1775 2145 ro·

135 2181 294 2245 recitemus,
311 2185 338 2234 et
350 2184 448 2233 contra
461 2178 611 2231 latratores
623 2192 688 2231 suos
709 2174 798 2247 possit
821 2174 931 2228 dicere:
974 2177 1036 2232 lens
1049 2178 1141 2248 gloria
1155 2178 1325 2250 operationis
1340 2179 1462 2250 agnosci,
1483 2184 1580 2234 tamm
1603 2179 1700 2250 operis
1721 2195 1775 2232 ma-

133 2269 287 2324 Decaetero
302 2283 386 2321 nemo
401 2266 470 2319 mihi
486 2266 621 2319 molestus
642 2264 689 2329 sit,
710 2280 761 2334 ego
789 2262 862 2316 enim
886 2262 935 2316 sti·
974 2265 1123 2338 gnitudine
1134 2266 1314 2338 prodebatur,
1326 2267 1445 2322 totidem
1460 2267 1534 2339 apud
1556 2267 1689 2322 homines
1703 2268 1775 2322 testi·

132 2363 230 2429 gmata
244 2356 357 2410 Domini
372 2354 460 2409 nostri
473 2354 540 2409 Jesu
555 2352 660 2408 Christi
680 2352 710 2406 in
725 2368 841 2422 corpore
870 2367 933 2406 meo
975 2355 1078 2410 moniis
1089 2355 1220 2426 gloriosa,
1237 2360 1307 2427 quot
1317 2356 1415 2428 pastis,
1431 2357 1490 2411 Deo
1504 2357 1617 2411 conscio
1641 2358 1773 2423 (Pontia,

133 2452 214 2517 porto
230 2445 299 2512 (Gal.
312 2448 359 2510 vr).
376 2444 441 2498 Hac
456 2442 644 2513 Hieronymus
657 2440 791 2512 (apolog,
808 2441 856 2494 tib.
872 2444 915 2508 ιι).
976 2446 1053 2513 epist.
1073 2443 1126 2512 to).
1144 2463 1157 2497 n
1183 2445 1248 2500 Hac
1270 2445 1415 2513 Paulinus,
1438 2445 1559 2499 mirifica
1578 2445 1774 2517 predicatione

170 2536 252 2589 Certe
260 2532 372 2604 quidem
381 2531 500 2586 Melania
516 2529 672 2584 clarissima
681 2528 794 2594 semina,
810 2528 932 2583 consulis
974 2538 1034 2586 tam
1049 2534 1163 2603 egregia
1176 2533 1410 2601 lactacelebrans,
1424 2550 1485 2605 quse
1500 2550 1568 2588 sane
1581 2539 1664 2604 gesta
1679 2533 1775 2588 essein

133 2621 288 2677 Marcellini
300 2620 393 2691 neptis
408 2621 452 2688 (o),
467 2619 585 2690 antiqua
596 2616 743 2671 nobilitate
756 2621 785 2671 et
798 2616 849 2671 tilii
864 2633 933 2688 pras·
972 2623 1093 2693 AEgypto
1109 2623 1152 2692 (r),
1167 2639 1224 2677 non
1236 2628 1330 2678 autem
1345 2623 1374 2677 in
1389 2621 1547 2689 Palaestina,
1574 2621 1646 2676 illud
1663 2637 1775 2693 persua·

132 2710 245 2765 tecturae
259 2709 373 2764 urbana
388 2711 437 2777 (p),
453 2707 621 2778 magistratu
644 2711 703 2760 toto
723 2706 849 2760 Romano
871 2704 933 2760 orbi
973 2711 1030 2774 det,
1047 2711 1121 2782 quod
1132 2710 1231 2766 nullibi
1238 2717 1296 2766 tum
1308 2711 1407 2781 ingens
1420 2727 1555 2765 numerus
1571 2709 1773 2764 monachorum

132 2799 290 2863 notissima,
298 2797 372 2869 apud
379 2812 463 2868 quam
476 2796 599 2868 primum
613 2796 704 2849 locum
718 2794 847 2849 Rutlrnus
862 2792 933 2848 obti·
973 2798 1058 2853 simul
1071 2799 1251 2854 collectarum
1269 2799 1324 2853 nisi
1345 2800 1374 2853 in
1396 2798 1519 2870 AEgypto
1539 2797 1629 2852 fuerit
1646 2797 1771 2868 reperiri.

133 2887 228 2954 nebat,
244 2887 372 2942 omnium
387 2884 593 2957 prefectorum,
607 2887 782 2954 quocumque
792 2887 929 2954 pergeret,
974 2887 1107 2944 Mansisse
1121 2888 1235 2959 quidem
1249 2888 1340 2959 ipsam
1353 2887 1502 2942 Melaniam
1517 2887 1547 2942 in
1562 2887 1686 2958 AEgypto
1701 2903 1773 2940 men·

132 2974 366 3048 frequentabatur
380 2973 520 3044 obsequiis
537 2991 544 3040 ;
560 2977 728 3042 tantumque
738 2971 828 3026 abfuit
842 2976 874 3026 ut
888 2970 931 3026 vel
973 2975 1050 3030 sibus
1062 2983 1123 3031 octo
1140 2979 1181 3045 (t),
1206 2977 1348 3031 Palladius
1359 2975 1441 3030 docet
1464 2977 1631 3043 (Palladius,
1654 2979 1687 3029 r'n
1709 2976 1774 3028 Lau·

132 3065 186 3136 ipsi
200 3065 244 3119 rel
258 3063 340 3119 alicui
349 3061 561 3133 exejusfamilia
570 3061 696 3129 irrogata
706 3060 803 3115 exsilia
813 3060 928 3124 tuerint,
940 3067 1050 3137 csiac,
1066 3080 1126 3133 cap.
1143 3063 1196 3134 33).
1215 3065 1302 3119 Porro
1316 3064 1352 3119 ab
1366 3065 1409 3118 his
1418 3063 1529 3119 diversa
1543 3078 1605 3117 esse
1621 3068 1774 3118 noscuntur

133 3154 208 3225 quod
223 3153 351 3207 Rutlmus
357 3153 456 3223 jactat,
473 3157 506 3205 ut
516 3150 600 3205 etiam
611 3149 889 3221 quipersecutionem
899 3149 931 3202 ti·
973 3169 1035 3224 qua
1049 3152 1084 3207 de
1098 3154 1224 3223 ejusdem
1240 3153 1368 3209 Melania
1382 3153 1490 3220 officiis,
1504 3151 1606 3224 quibus
1623 3159 1771 3224 prosecuta

132 3242 177 3297 dei
192 3258 277 3296 causa
290 3246 464 3313 paterentur,
475 3240 510 3294 ad
522 3238 612 3310 ipsam
625 3243 762 3308 tanquam
775 3237 812 3292 ad
821 3237 931 3308 asylum
973 3246 1016 3296 est
1029 3241 1058 3296 in
1072 3242 1214 3298 Palestina
1228 3244 1367 3315 relegatos
1384 3245 1568 3309 contessores,
1584 3242 1662 3296 idem
1686 3241 1774 3296 Palla·

131 3330 325 3401 confugerent,
342 3329 377 3383 ab
391 3329 546 3399 eademque
560 3327 668 3398 pariter
681 3326 710 3381 in
734 3331 797 3381 tuto
815 3325 931 3380 colloca·
973 3329 1036 3384 dius
1050 3331 1146 3399 tradit,
1162 3349 1224 3403 quae
1234 3333 1317 3403 paulo
1331 3338 1395 3403 post
1405 3331 1548 3387 narraturi
1556 3336 1653 3397 42⁸
1663 3347 1771 3386 sumus.

114 3424 240 3486 rentur,
256 3418 439 3489 atqueetium
462 3417 614 3484 alerentur,
631 3421 664 3470 ut
682 3431 744 3486 qua
765 3415 800 3469 de
819 3431 853 3468 ea
870 3430 932 3485 pru-
973 3418 1010 3473 Ut
1028 3425 1123 3474 autem
1143 3426 1201 3475 tam
1213 3421 1320 3491 ingenti
1337 3436 1430 3491 opere,
1445 3420 1475 3475 in
1490 3419 1666 3474 occultandis
1686 3424 1770 3490 atque

131 3508 207 3563 xime
221 3507 323 3563 dicturi
338 3523 446 3573 sumus,
455 3522 518 3561 cum
533 3505 594 3576 ipsa
604 3503 784 3576 processitad
795 3502 929 3574 judicem,
973 3508 1119 3578 pascendis
1128 3510 1273 3564 monachis
1283 3509 1407 3581 quinque
1415 3508 1539 3564 millibus
1553 3508 1583 3562 in
1596 3508 1721 3574 deserto,
1732 3523 1773 3561 re-

131 3597 217 3652 tidem
230 3603 336 3651 certam
351 3596 466 3650 iaciunt.
482 3596 520 3648 nt
540 3610 590 3649 cur
611 3592 751 3660 Ruslrnus,
774 3592 847 3647 sicut
865 3593 933 3647 alio·
974 3595 1026 3651 luti
1039 3598 1217 3652 contumeliis
1231 3604 1396 3669 provocatus
1416 3597 1573 3670 praefectus,
1599 3596 1693 3652 libens
1714 3598 1771 3667 ejus

131 3703 204 3753 rum,
221 3702 278 3741 non
293 3685 379 3740 etiam
390 3700 469 3739 suam
478 3681 619 3737 recensuit
629 3681 830 3736 contessionem
841 3698 932 3736 exem·
973 3687 1202 3756 responsionibus
1214 3687 1338 3754 cesserit,
1359 3703 1471 3741 summa
1488 3686 1601 3741 laminae
1623 3685 1769 3751 claritudo,

131 3774 177 3846 plo
192 3773 272 3829 Pauli
287 3772 425 3845 apostoli?
440 3771 513 3842 quod
528 3769 685 3841 prasertim
700 3768 784 3823 sciret
796 3785 856 3823 rem
870 3775 932 3824 tan·
973 3789 1034 3844 quae
1044 3774 1118 3845 apud
1134 3775 1348 3847 hostesquoque
1362 3774 1548 3831 reverentiam
1570 3773 1626 3829 sibi
1643 3773 1772 3829 concilis·

131 3866 189 3916 tam
200 3861 275 3917 haud
287 3861 322 3916 ab
333 3859 500 3915 adversariis
508 3858 587 3912 facile
600 3864 691 3912 ratam
704 3857 762 3912 lore
771 3856 930 3914 habendam
972 3861 1029 3929 bat,
1044 3862 1074 3917 in
1089 3879 1172 3919 causa
1186 3864 1249 3920 t'uit.
1266 3865 1334 3919 Erat
1343 3864 1457 3936 quidem
1469 3863 1597 3919 Melaniae
1611 3878 1717 3919 nomen
1732 3863 1772 3928 (ut

131 3951 237 4024 absque
248 3950 343 4021 aliqua
357 3948 470 4004 certiori
481 3945 654 4020 probationis
668 3947 732 4012 fide,
750 3962 813 4001 cum
824 3946 930 4018 alioqui
970 3950 1077 4006 dictum
1091 3957 1144 4020 est)
1160 3969 1215 4008 non
1230 3954 1326 4008 Roma
1335 3959 1456 4019 tantum,
1469 3951 1518 4006 sed
1527 3951 1634 4023 ubique
1644 3951 1770 4007 locorum

130 4039 251 4094 aliorum
265 4037 453 4094 confessiones
467 4036 538 4092 adeo
554 4041 649 4091 exacte
665 4037 702 4104 (q)
714 4033 875 4089 describat?
969 4039 1207 4113 Romaniimperii
1217 4040 1612 4113 cognitumatqueinhonore
1630 4040 1768 4108 habitum,

166 4128 196 4183 Si
210 4144 266 4200 qua
279 4132 375 4182 tarum
397 4132 465 4180 tunc
491 4123 667 4181 Alexandriae
687 4124 805 4194 contigit
822 4123 929 4180 Rultlni
970 4132 1030 4183 tum
1046 4128 1192 4185 nobilitate
1210 4131 1331 4202 generis,
1346 4134 1406 4185 tum
1426 4129 1545 4200 egregia
1566 4129 1683 4200 pietatis
1703 4146 1769 4201 pre·

130 4216 276 4283 contessio,
297 4233 331 4270 ea
347 4221 458 4271 tantum
482 4214 569 4269 tuisse
592 4213 769 4268 existimatur
792 4213 841 4285 (r),
864 4230 929 4269 cum
970 4217 1075 4272 stantia
1085 4237 1091 4286 ;
1103 4219 1138 4274 de
1146 4236 1202 4291 qua
1216 4220 1275 4274 haec
1286 4219 1361 4275 idem
1373 4218 1514 4290 quisupra
1521 4218 1671 4274 Paulinus:
1688 4222 1770 4274 «ltu

130 4312 280 4379 provocata
291 4303 413 4359 Melania
419 4304 455 4358 ad
464 4302 612 4373 judicium,
625 4301 700 4373 quod
710 4301 815 4357 faveret
829 4301 929 4357 Ortho-
968 4304 1022 4361 lier
1034 4307 1148 4363 celsiore
1157 4309 1247 4380 gradu
1255 4309 1290 4363 ad
1299 4307 1467 4364 humilitatis
1474 4306 1579 4363 cultum
1594 4306 1630 4363 ob
1643 4323 1768 4362 amoram

129 4394 218 4460 doxis,
234 4394 294 4465 ipse
305 4397 420 4463 putetur
430 4406 492 4445 eam
506 4389 656 4445 comitatus
664 4406 737 4445 esse:
755 4387 961 4448 scddimissall
970 4394 1075 4450 Christi
1088 4396 1196 4467 dejecta
1211 4397 1378 4464 sublimiter,
1395 4402 1427 4451 ut
1441 4396 1513 4451 viros
1527 4396 1640 4451 desides
1653 4397 1686 4452 in
1696 4397 1770 4452 intir-

129 4483 178 4538 itla
193 4480 369 4554 quantocius,
386 4479 483 4550 utique
498 4485 524 4534 et
537 4479 585 4549 qui
595 4495 701 4535 cumea
714 4484 803 4547 erant,
821 4480 929 4536 rediere
970 4499 1091 4540 mosexu
1101 4484 1181 4541 sortis
1195 4492 1337 4558 argueret,
1353 4484 1554 4557 arrogantesiu
1568 4501 1636 4541 sexu
1650 4491 1769 4557 ubsque

130 4573 255 4627 domum.
271 4569 327 4626 Sed
341 4568 376 4623 de
389 4568 434 4623 his
449 4568 528 4623 satis.
970 4589 1114 4645 personas,
1131 4581 1286 4647 pauperata
1295 4576 1382 4641 dives,
1397 4581 1426 4629 et
1432 4573 1532 4629 nobilis
1546 4573 1700 4630 humiliata
1709 4590 1770 4628 eon·

165 4661 312 4724 duronius,
326 4659 483 4728 paulopost
499 4671 573 4710 anno
598 4656 699 4711 codena
722 4689 754 4702 -
775 4656 830 4711 Sed
855 4656 929 4729 quod
969 4660 1110 4718 funderet.
1127 4665 1216 4735 Igitur
1230 4664 1392 4729 Marcellino
1407 4663 1521 4718 consule
1531 4679 1582 4718 avo
1597 4665 1648 4731 (a),
1664 4663 1701 4718 de
1715 4679 1770 4717 am·

129 4747 240 4803 silentio
255 4746 384 4803 Ruismus
398 4744 541 4818 praeteriit,
565 4743 682 4815 dignum
702 4745 839 4799 memoria
862 4751 930 4802 tune
969 4747 1030 4805 bitu
1044 4752 1155 4822 generis
1175 4760 1204 4808 et
1217 4770 1303 4826 opum
1315 4754 1383 4809 luxu
1401 4753 1432 4808 in
1446 4751 1550 4809 teneris
1573 4751 1667 4806 adhue
1690 4751 1769 4807 anuis

131 4834 254 4891 officium
267 4835 422 4892 exhibitum
435 4851 452 4888 a
467 4833 587 4888 Melania
606 4831 780 4887 nobilissima
801 4832 929 4890 Romana
969 4840 1083 4910 nuptias
1097 4857 1189 4913 passa,
1207 4849 1235 4898 et
1248 4842 1327 4898 brevi
1336 4847 1437 4909 mater,
1452 4841 1501 4896 sed
1515 4839 1683 4895 infelicitate
1698 4857 1769 4896 mor·

131 4921 244 4991 femina,
257 4924 303 4979 his
316 4941 349 4978 ex
362 4923 481 4979 Paulino
489 4923 644 4994 jungamus
656 4939 662 4990 ;
675 4920 928 4979 scribensenimad
968 4927 1069 4983 talium
1084 4945 1141 4985 uon
1156 4931 1271 5002 longum
1286 4931 1376 5004 potita
1391 4935 1443 4996 est,
1459 4946 1495 4984 ue
1509 4929 1557 4985 diu
1571 4935 1690 4986 terrena
1706 4929 1768 4985 dili·

132 5011 274 5080 Severum,
289 5013 364 5068 inter
378 5013 434 5067 alia
446 5013 532 5084 digna
547 5010 686 5085 preconia
702 5010 866 5067 Christiana
890 5012 928 5068 lc·
968 5021 1058 5087 geret.
1074 5020 1147 5074 Nam
1161 5027 1264 5093 praetcr
1280 5020 1350 5075 alias
1369 5018 1512 5086 orbitates,
1534 5034 1607 5090 quas
1631 5018 1716 5074 irrito
1741 5018 1769 5073 in

131 5098 215 5155 minse
229 5100 383 5155 consularis
397 5102 455 5157 haec
469 5102 571 5156 habet:
968 5105 1080 5162 ioedbus
1099 5108 1232 5165 abortivis
1250 5109 1355 5177 labore,
1385 5108 1477 5163 adlmc
1503 5107 1606 5163 marito
1631 5107 1771 5179 participe

168 5209 180 5240 ι
196 5188 332 5259 Tempore
348 5188 396 5242 illo
410 5189 545 5257 Valentis,
563 5189 675 5261 quando
702 5189 853 5244 Ecclesiam
876 5190 927 5246 uei
968 5193 1090 5259 deflevit,
1106 5198 1147 5252 ita
1158 5199 1245 5253 crevit
1259 5197 1402 5261 arumnis,
1418 5202 1451 5251 ut
1463 5196 1533 5251 duos
1545 5196 1619 5251 illios
1637 5202 1669 5250 et
1684 5195 1770 5250 mari·

129 5276 185 5331 vivi
199 5276 278 5331 furor
290 5275 470 5345 Arianorum,
482 5295 548 5349 rege
557 5279 618 5349 ipso
632 5277 785 5350 impietatis
795 5279 925 5346 satellite,
968 5287 1029 5337 tum
1042 5284 1118 5341 intra
1128 5286 1195 5341 anni
1205 5293 1317 5359 tempus
1329 5285 1480 5351 amitteret,
1491 5284 1574 5341 unico
1584 5289 1701 5340 tantum
1720 5283 1771 5339 sibi

128 5363 359 5439 persequebatur,
376 5363 435 5419 haec
449 5372 510 5420 erat
524 5368 652 5439 princeps
661 5371 690 5421 et
701 5366 841 5439 particeps
862 5384 928 5424 cun·
967 5374 1084 5444 parvulo
1098 5375 1134 5430 ad
1150 5376 1317 5431 memoriam
1330 5375 1433 5448 potius,
1450 5389 1537 5445 quam
1552 5373 1588 5427 ad
1603 5389 1773 5446 compensa·

128 5455 180 5511 ctis
192 5470 243 5527 pro
258 5453 316 5530 tide¹
325 5452 512 5522 instantibus3
525 5454 584 5509 haec
593 5454 703 5527 fugatos
711 5454 871 5528 recipiebat,
879 5461 928 5514 aut
967 5460 1074 5518 tionem
1092 5464 1243 5521 affectuum
1267 5465 1400 5520 derelicto
1422 5464 1555 5534 (raetia,
1575 5465 1654 5533 epist.
1679 5461 1738 5532 tot:
1756 5482 1768 5513 ι

129 5540 320 5617 apprehensos
334 5537 531 5599 comitabatur.
552 5541 606 5598 Sed
621 5560 686 5600 eum
708 5558 757 5602 eos
775 5541 928 5619 recepisset
967 5548 1032 5607 llaec
1047 5557 1076 5608 et
1086 5552 1143 5609 alia
1153 5553 1256 5626 deipsa
1265 5553 1410 5621 Paulinus,
1426 5556 1479 5608 eta.
