3818 6120
136 279 186 358 'lbi
699 283 745 338 DE
764 282 858 339 vlrls
876 282 1025 339 Paruum
1043 282 1150 338 LIBER
1168 281 1218 336 ΙΙΙ.
1720 277 1770 336 lta

136 408 304 463 etriditillie
314 407 428 460 fratrem
437 406 637 477 negligentem,
649 405 929 475 etiratusjussiteum
939 409 965 467 Α
974 409 1068 459 autem
1083 401 1227 475 respondit
1236 402 1272 465 ei,
1288 402 1400 457 dicens:
1417 393 1490 468 Quia
1499 401 1544 457 isti
1559 400 1770 457 eliiomnesha·

137 498 236 569 expelli
251 498 284 550 de
299 494 433 550 caenobio,
449 497 519 549 Cunr
532 513 597 565 ergo
608 495 790 565 egrederetur
805 496 840 548 ad
855 495 933 549 habi·
973 493 1041 548 beat
1054 494 1178 565 aliquam
1192 492 1318 563 requiem
1326 492 1514 563 adimplendo,
1526 491 1770 564 quamtisinbonis

137 587 260 641 taculum
276 601 368 649 suum,
384 584 461 638 renit
472 585 590 655 angelus
601 585 722 649 Domini,
735 590 763 638 et
777 584 854 638 stetit
867 590 933 639 ante
975 583 1114 654 operibus,
1125 582 1366 648 voluntatessuas3
1377 581 1622 648 obediensautem,
1631 581 1770 651 propriam

137 670 240 723 ostium
251 668 356 722 cellulae
367 669 437 737 ejus,
455 669 567 722 dicens:
585 670 646 723 Non
663 676 690 723 te
704 669 865 738 permittam
893 667 934 722 in·
974 674 1146 727 voluntatem
1162 672 1332 742 relinquens,
1349 672 1454 742 pendet
1475 670 1506 725 in
1520 670 1609 743 patris
1630 670 1770 725 uoluntate

135 757 224 829 gredi.
240 759 276 811 nt
287 757 333 811 illc
343 757 460 826 rogabat
474 763 506 812 ut
520 759 581 827 ejus
600 758 683 828 culpa
694 757 932 812 manifestaretur.
972 762 1107 833 Jubentis,
1122 766 1151 816 et
1165 760 1227 815 ideo
1239 762 1375 831 majorem
1390 777 1447 832 prae
1468 760 1576 816 caeteris
1591 759 1714 830 gloriam
1732 765 1771 814 eat

136 846 172 900 Et
183 845 329 917 respondit
342 846 470 914 angelus
486 850 514 898 et
522 845 605 899 dixit:
622 845 697 899 Deus
707 843 863 898 transmisit
877 861 931 911 me,
974 851 1099 905 sortitus.

135 934 245 990 dicens:
263 933 349 999 Vade,
366 939 395 988 et
405 933 449 988 dic
461 933 540 988 Isaac
552 953 557 987 :
571 933 623 988 Ubi
636 932 718 1002 jubes
733 939 765 987 ut
787 933 932 988 mittamus
1008 938 1071 995 tlt.
1087 938 1207 1004 Quidanr
1220 955 1305 993 senex
1318 939 1404 993 dixit:
1428 937 1500 1002 Quia
1514 937 1615 1009 siquis
1629 937 1709 992 fratri
1724 954 1770 992 suo

135 1023 216 1080 illum
229 1023 345 1077 imtrem
360 1022 408 1093 qui
423 1022 567 1094 peccavit?
582 1023 619 1076 At
633 1022 679 1076 ille
693 1039 757 1076 mox
771 1022 828 1092 egit
842 1023 932 1093 poeni·
974 1028 1316 1099 injunxeritcausamcum
1327 1014 1769 1093 timoreDei,etcum'humilitate.

134 1112 262 1178 tentiam,
279 1111 394 1167 dicens:
410 1110 534 1178 peceavi,
544 1111 671 1177 Domine,
684 1111 799 1177 indulge
814 1111 935 1166 mihim
975 1117 1138 1182 sermonis,
1155 1117 1202 1187 qui
1217 1122 1331 1187 propter
1344 1117 1434 1170 Deum
1455 1116 1608 1186 egreditur,
1632 1115 1770 1187 compellit

135 1200 205 1255 dixit
217 1201 258 1254 illi
273 1200 402 1270 angelus:
421 1200 555 1269 Exsurge,
572 1200 699 1269 indulget
711 1198 762 1252 tibi
772 1200 856 1253 Deus.
880 1199 934 1254 Sed
974 1205 1089 1260 fratrem
1105 1205 1227 1271 obedire,
1255 1206 1387 1258 etiacere
1408 1205 1482 1275 quod
1502 1204 1663 1276 injunctum
1680 1210 1722 1259 est
1746 1205 1769 1259 ei

135 1307 171 1344 ne
181 1289 284 1344 iterum
296 1289 349 1343 hoc
362 1289 456 1354 iacias,
474 1294 505 1342 ut
529 1305 724 1359 quemcunque
753 1288 931 1352 condemnes,
974 1295 1090 1368 (Palea,
1103 1296 1187 1349 libell.
1203 1311 1246 1358 xv,
1266 1311 1294 1348 n.
1314 1295 1367 1362 75).
1385 1294 1414 1349 Si
1430 1299 1524 1349 autern
1536 1294 1638 1373 jubere
1653 1295 1715 1366 quis
1728 1312 1770 1349 cu·

135 1385 286 1450 antequam
296 1378 371 1432 Deus
377 1378 456 1432 illum
461 1377 853 1447 judicet.Tuleruuthomines
860 1376 935 1447 J'udi·
975 1384 1064 1455 piens,
1072 1399 1128 1437 non
1136 1383 1289 1437 secundum
1299 1381 1429 1437 timorem
1436 1383 1497 1448 Dei,
1505 1383 1553 1437 sed
1560 1400 1593 1437 ex
1605 1383 1769 1437 auctoritate

134 1468 218 1534 ciunt,
233 1473 262 1521 et
274 1483 330 1521 non
346 1467 414 1520 nrihi
428 1466 498 1521 illud
513 1467 689 1537 permittunt,
704 1466 772 1520 dicit
785 1466 930 1521 Dominus:
975 1478 1004 1527 et
1017 1472 1130 1544 propria
1145 1472 1287 1526 voluntate
1301 1472 1381 1526 fratri
1392 1472 1666 1543 volueritimperare,
1684 1472 1769 1543 quiti-

133 1557 186 1611 h00
200 1561 294 1611 autem
304 1555 410 1610 dictum
424 1560 475 1620 esi.
493 1556 558 1626 (luit
567 1555 592 1608 Si
604 1554 793 1625 ⁰0¹¹tigeritde
807 1555 862 1609 illis
873 1571 934 1626 per·
974 1561 1022 1616 det
1035 1561 1170 1617 absconsa
1180 1561 1281 1625 cordis,
1294 1561 1442 1624 nonjllunr
1457 1562 1599 1632 permittit
1612 1568 1644 1616 ut
1666 1561 1768 1627 audiat,

132 1645 212 1700 fectis
223 1646 346 1716 aliquem
358 1645 402 1698 vel
417 1643 445 1698 in
459 1661 545 1716 parro
561 1660 755 1714 peccare,mox
768 1644 913 1715 prodatur.
973 1666 1010 1705 ne
1024 1650 1108 1705 saciat
1122 1650 1196 1721 quod
1210 1649 1250 1703 illi
1262 1656 1431 1721 praeceptum
1446 1655 1498 1715 ost,
1514 1650 1581 1721 quia
1592 1650 1769 1705 manifestum

171 1734 229 1792 138.
247 1734 373 1804 Contigit
387 1733 467 1788 lratri
482 1733 594 1787 cuidam
609 1734 690 1804 culpa
705 1732 733 1786 in
748 1733 887 1787 crenobio:
904 1737 1015 1803 etBest
1029 1756 1099 1812 opus
1106 1739 1286 1810 Dei,quodsrt
1300 1745 1415 1811 propter
1428 1739 1721 1806 Deum,etroanifesta
1733 1748 1770 1794 est

131 1825 199 1879 dum
209 1821 729 1893 ucaeierisincrepal'etur,udabbatclu
736 1821 878 1892 proiectus
888 1827 932 1876 est
973 1828 1094 1884 hominis
1107 1828 1259 1882 auctoritas
1274 1845 1335 1899 quae
1350 1845 1400 1899 per
1418 1827 1586 1898 jactantiam
1616 1830 1769 1884 ordinatur.

131 1912 294 1967 Antonium.
304 1912 338 1966 Et
347 1910 467 1965 assecuti
479 1916 546 1965 sunt
556 1927 620 1964 eum
631 1909 932 1965 fratresrolenteseum
973 1917 1152 1988 Quaecunque
1167 1917 1242 1972 enim
1256 1934 1291 1972 ex
1302 1919 1360 1971 Deo
1369 1923 1444 1984 sunl,
1461 1916 1771 1990 aprincipiohumihtn

131 2001 274 2066 reducere,
284 2006 483 2071 coeperuntque
498 1999 626 2071 eiculpas
635 1999 796 2070 exprobare.
812 2000 931 2055 Illorero
972 2011 1031 2062 tem
1045 2006 1163 2074 habent;
1174 2023 1235 2078 quae
1246 2016 1341 2061 autem
1357 2007 1562 2061 exauctoritate
1574 2012 1604 2062 et
1617 2007 1769 2072 iracundia,

130 2093 227 2147 fecisse
245 2093 354 2164 eulpam
361 2090 526 2161 denegabat.
535 2092 667 2145 Inventus
678 2098 720 2146 est
729 2091 767 2145 ibi
776 2091 863 2146 abbas
872 2093 931 2146 Pa·
972 2097 1016 2151 rel
1029 2095 1250 2161 conturbatione,
1265 2113 1298 2150 ex
1310 2095 1423 2150 inimico
1437 2102 1514 2151 aunt.

129 2181 274 2251 plnrutius,
287 2180 331 2235 cui
342 2195 496 2251 cognomen
507 2184 568 2233 erat
576 2181 723 2251 Cephalus,
736 2180 875 2250 quitalern
888 2196 930 2234 re·
1009 2183 1067 2241 lla.
1083 2183 1176 2240 Abbas
1188 2185 1317 2239 Silvanus
1327 2184 1451 2239 habebat
1464 2184 1648 2256 discipulum,
1662 2185 1770 2239 nomine

128 2271 196 2326 tulit
204 2267 455 2339 incongregatione
462 2267 581 2321 fratrum
588 2267 743 2322 inauditam
754 2268 926 2338 parabolam:
970 2275 1105 2339 Marcum,
1122 2274 1202 2343 cujus
1217 2272 1446 2328 obedientiaerat
1459 2290 1570 2343 magna,
1587 2281 1769 2345 etpropterea

129 2360 203 2423 Vidi.
218 2358 319 2428 iniusta
335 2356 365 2411 in
378 2356 440 2427 ripa
452 2357 579 2411 fluminis
589 2356 732 2411 hominem
743 2359 928 2428 usqueadge·
970 2363 1065 2417 senior
1075 2362 1209 2433 diligebat
1219 2379 1283 2417 cum
1295 2363 1406 2431 (Palae,
1417 2365 1500 2417 libell.
1511 2377 1569 2427 ιιι,
1582 2379 1611 2416 n.
1625 2362 1665 2432 5).
1683 2362 1770 2417 ilabe-

128 2465 186 2504 nua
200 2448 229 2501 in
240 2447 307 2501 limo
322 2447 483 2500 demersum
496 2463 502 2498 ι
516 2445 658 2499 venientes
673 2450 768 2512 autern
778 2447 930 2516 qrridamut
972 2450 1020 2505 bat
1030 2457 1124 2506 autern
1133 2457 1161 2506 et
1170 2452 1240 2505 alios
1254 2451 1383 2505 undecim
1395 2451 1554 2521 discipulos,
1569 2451 1618 2522 qui
1628 2453 1772 2506 contrista·

130 2554 194 2594 eum
208 2541 337 2608 porrecta
348 2551 435 2589 mann
453 2535 641 2600 extraherent,
665 2551 754 2605 usque
775 2536 811 2589 ad
827 2536 929 2591 collum
970 2540 1074 2595 bantur
1088 2558 1120 2593 eo
1129 2541 1201 2610 quod
1210 2540 1288 2594 illum
1296 2540 1357 2612 plus
1363 2539 1501 2610 diligeret.
1509 2545 1600 2605 521
1613 2541 1771 2611 Quodpost·

129 2625 424 2685 demerseruntaTunc
436 2622 535 2677 beatus
549 2622 687 2677 Antonius
710 2623 744 2677 dc
767 2623 849 2678 beato
876 2625 930 2679 Pa·
971 2647 1056 2702 quam
1066 2629 1114 2683 alii
1130 2629 1379 2693 senesaudierunt,
1395 2629 1486 2683 moesti
1498 2630 1686 2684 veneruntad
1699 2646 1769 2696 euro,

128 2715 247 2788 phnutio
257 2713 311 2768 ait:
323 2713 484 2768 Eocehorno
495 2711 542 2782 qui
553 2711 708 2767 exueritate
719 2715 811 2783 potest
821 2713 930 2769 animas
972 2720 1004 2771 ut
1018 2714 1044 2768 ei
1060 2714 1254 2768 renuntiarent
1269 2713 1335 2785 quia
1347 2713 1448 2768 fratres
1459 2713 1500 2768 illi
1512 2714 1559 2784 qui
1574 2731 1640 2768 oum
1655 2720 1772 2770 eoeraut

129 2805 247 2861 salvare.
260 2802 320 2866 Quo
335 2801 437 2855 fratres
450 2800 526 2854 illius
541 2817 671 2855 sermone
679 2802 837 2872 compuncti
847 2818 931 2872 agen·
971 2802 1220 2858 contristabantur.
1230 2801 1441 2874 Sedentequam
1448 2803 1601 2874 illialiquid
1607 2803 1770 2868 faterentur,

130 2896 173 2948 tes
187 2891 393 2964 paenitentiam,
409 2907 473 2945 eum
487 2889 536 2960 qui
547 2889 714 2944 discesserat
723 2890 759 2944 ad
771 2891 931 2946 coenohiurn
970 2890 1030 2963 ipse
1045 2909 1109 2946 cura
1123 2891 1177 2946 illis
1192 2891 1228 2945 ad
1242 2892 1417 2962 singulorum
1426 2892 1661 2963 cellasprosectus
1674 2901 1726 2959 est,
1746 2899 1772 2949 ct

130 2983 339 3036 revocaverunt.
969 2981 1771 3053 unumquemquenominepropriorocasitmicens:Fgra·

166 3068 226 3127 139.
240 3070 317 3125 Dixit
331 3068 446 3141 quidam
457 3069 492 3123 de
507 3066 681 3124 senioribus:
701 3067 730 3122 Si
749 3067 852 3122 rideris
875 3069 927 3124 ali·
935 3067 1036 3168 cdere
1050 3072 1134 3136 toras,
1151 3069 1247 3136 frater,
1260 3069 1326 3140 quia
1340 3086 1410 3140 opus
1427 3076 1454 3125 te
1469 3068 1573 3138 habe03
1590 3075 1619 3124 et
1634 3072 1769 3126 nullusex

128 3177 212 3233 quem
225 3164 399 3232 peccantem,
415 3175 450 3212 ne
465 3157 561 3213 mittas
576 3158 688 3228 culpam
702 3156 732 3211 in
748 3173 822 3224 eum,
839 3158 927 3212 sedin
969 3157 1026 3212 illis
1037 3158 1126 3213 voluit
1139 3159 1245 3229 egredi.
1267 3159 1413 3213 Venerunt
1430 3165 1524 3213 autern
1541 3164 1605 3230 post
1619 3177 1720 3215 omnes
1737 3161 1770 3214 ad

128 3266 194 3305 enm
206 3250 254 3321 qui
269 3249 418 3319 impugnat
432 3264 507 3314 eum,
517 3247 626 3302 dicens:
646 3247 693 3301 Vae
706 3245 785 3313 mihi,
803 3246 927 3317 quiaiste
969 3238 1767 3318 cellamMarci,etcumpulsassentostium,vocaritabbaa

128 3341 227 3395 nolens
240 3339 329 3392 rictus
342 3342 393 3401 est,
408 3337 482 3392 sicut
491 3342 520 3391 et
533 3353 600 3407 ego;
616 3340 644 3390 et
655 3335 767 3408 plange,
779 3340 808 3390 et
815 3335 928 3406 inquire
970 3336 1099 3391 Silvanus
1109 3351 1213 3391 nornen
1224 3338 1302 3406 ejus,
1319 3336 1466 3391 illeautem
1478 3353 1541 3391 mox
1556 3343 1590 3392 ut
1603 3337 1714 3393 auditit
1727 3355 1769 3392 ro-

127 3429 179 3484 Dei
194 3428 336 3493 solatium,
353 3426 420 3498 quia
433 3442 531 3481 omnes
544 3424 709 3495 decipimur.
969 3441 1030 3479 cem
1046 3425 1130 3491 senis,
1147 3425 1222 3480 foras
1237 3441 1367 3496 egressus
1376 3430 1428 3479 est.
1442 3425 1476 3480 Et
1486 3425 1632 3496 ingressus
1648 3426 1734 3482 abbas
1744 3427 1770 3481 in

168 3516 228 3575 140.
245 3517 365 3582 Quidam
372 3516 536 3571 Timotheus
550 3514 729 3580 anachoreta,
739 3513 929 3584 negligentem
969 3514 1172 3581 cellamhlarci,
1189 3514 1522 3585 quoniamscriptorerat,
1536 3516 1646 3587 reperit
1660 3523 1770 3588 quater·

127 3607 245 3663 fratrem
256 3606 378 3677 aliquem
387 3604 514 3669 audiens,
526 3604 718 3673 interrogante
727 3603 815 3673 ipsius
830 3602 929 3659 abbate
969 3603 1083 3658 aionem
1098 3619 1181 3674 quem
1194 3602 1342 3670 scribebat,
1355 3608 1384 3657 et
1395 3603 1501 3657 invenit
1512 3604 1586 3674 quod
1596 3605 1693 3676 inqua
1705 3605 1773 3660 hora

130 3697 198 3768 quid
207 3694 456 3758 ilhfratriiaceret,
468 3692 546 3747 dedit
557 3691 704 3746 eonsilium
714 3695 747 3745 ut
756 3707 821 3745 eum
835 3693 929 3763 expel·
969 3697 1084 3747 vocatus
1096 3697 1148 3759 est,
1158 3692 1281 3747 litteram
1289 3708 1374 3762 quam
1388 3690 1517 3758 faciebat,
1528 3693 1655 3748 mediam
1668 3694 1770 3749 deren-

129 3785 202 3839 leret
220 3785 255 3836 de
269 3781 404 3836 coenobio.
422 3782 493 3835 Cum
508 3796 574 3850 ergo
591 3779 639 3834 ille
663 3779 761 3834 luisset
788 3781 929 3850 expulsus,
971 3781 1042 3853 quit,
1051 3781 1247 3836 tantummodo
1254 3780 1478 3836 utobedientiam
1488 3780 1669 3853 adimpleret.
1676 3783 1770 3838 Noluit

130 3871 249 3927 tentatio
264 3869 566 3925 renitadTimotheum
578 3871 688 3935 ;etcum
694 3868 817 3938 ploraret
823 3869 851 3923 in
861 3887 928 3924 con·
969 3876 1063 3925 autem
1071 3869 1265 3943 postauditam
1276 3886 1372 3924 vocem
1386 3871 1461 3925 senis
1471 3870 1596 3925 litteram
1608 3870 1773 3942 ¹quamcre-

130 3964 228 4032 spectu
241 3958 302 4025 Dei,
319 3963 348 4013 et
362 3957 482 4012 diceret:
495 3956 627 4013 Miserere
642 3957 707 4024 mei,
724 3957 800 4012 venit
813 3958 848 4012 ad
863 3975 927 4014 euni
969 3959 1256 4031 peratpercomplere.
1267 3959 1353 4015 ·Unde
1367 3959 1408 4013 illi
1422 3959 1470 4015 alii
1484 3975 1565 4014 senes
1580 3960 1715 4016 dixerunt
1726 3961 1767 4016 ei:

129 4066 182 4105 vox
196 4049 291 4104 dicens
303 4068 309 4104 :
323 4047 479 4113 Timotheo,
504 4045 568 4101 ideo
582 4045 633 4101 tibi
647 4047 707 4101 haec
731 4064 816 4102 causa
841 4048 925 4115 venit,
968 4048 1002 4104 Iu
1014 4049 1141 4113 veritate,
1157 4064 1242 4119 quem
1253 4053 1285 4102 tu
1299 4047 1392 4118 diligis
1411 4053 1441 4102 et
1454 4065 1506 4104 nos
1524 4049 1587 4117 jam
1611 4049 1770 4120 diligimus,

130 4140 198 4213 quia
211 4138 326 4193 fratrem
339 4142 421 4192 tuum
435 4136 465 4190 in
485 4141 612 4207 tempore
628 4136 792 4191 tentationis
806 4154 863 4193 siren¹
878 4138 926 4192 de·
969 4137 1035 4208 quia
1049 4138 1161 4193 etDeus
1175 4153 1241 4193 eum
1253 4142 1368 4209 propter
1375 4152 1456 4191 suam
1465 4136 1657 4192 obedientiam
1665 4138 1767 4210 diligit

129 4229 254 4303 spexisti.
1005 4227 1065 4282 ill.
1083 4226 1203 4291 Quidam
1219 4241 1305 4281 senex
1318 4225 1461 4281 solitarius
1480 4225 1602 4280 habebat
1617 4228 1771 4297 quemdam

167 4318 229 4376 lli.
245 4316 365 4382 Quidam
378 4332 411 4371 ex
425 4313 555 4370 Patribus
570 4314 599 4370 in
610 4315 712 4370 exstasi
726 4316 844 4388 positus,
859 4315 928 4371 vidit
969 4315 1179 4370 ministrantem
1193 4314 1256 4381 sibi,
1267 4319 1429 4370 manentem
1442 4315 1473 4370 in
1486 4315 1546 4370 rico
1555 4313 1674 4384 (Palea,
1687 4319 1771 4371 libell.

131 4407 371 4482 quatuorordines
382 4406 543 4460 anteDeum
554 4405 573 4458 ¹.
585 4404 620 4460 Et
631 4405 739 4476 primus
748 4406 861 4477 quidem
868 4410 928 4461 erat
938 4419 1022 4485 Dxrv,
1038 4421 1118 4459 aum.
1137 4402 1191 4475 16).
1209 4405 1280 4460 Cum
1295 4409 1391 4459 autem
1409 4404 1457 4459 ille
1479 4404 1621 4459 tardasset
1648 4420 1701 4477 per
1714 4405 1774 4461 dies

131 4499 279 4554 hominum
290 4494 496 4552 infirmantium
510 4498 538 4548 et
560 4494 666 4564 gratias
683 4495 828 4565 agentium
850 4497 925 4562 Deo;
968 4494 1084 4565 aliquot,
1096 4498 1125 4548 et
1133 4492 1357 4548 seninecessaria
1366 4492 1542 4558 deiecissent,
1554 4497 1583 4548 et
1591 4509 1687 4564 neque
1696 4493 1771 4566 qnod

130 4589 269 4645 secundus
282 4602 348 4642 vero
357 4589 419 4640 erat
429 4583 583 4654 eorumqui
593 4583 813 4655 hospitalitatem
821 4590 928 4640 sectan-
969 4587 1132 4655 operaretur
1145 4581 1270 4648 haberet,
1295 4586 1324 4636 et
1346 4598 1401 4652 quo
1420 4582 1593 4648 reticeretur,
1613 4586 1645 4636 et
1658 4590 1773 4654 propter

129 4682 187 4745 tur,
196 4683 225 4733 et
234 4677 265 4732 in
275 4677 444 4730 hocstantet
454 4672 629 4738 ministrant3
639 4673 928 4729 tertiusreroillomm
968 4672 1021 4726 hoc
1035 4672 1205 4737 tristaretur,
1220 4671 1291 4726 dixit
1303 4668 1439 4742 discipulo
1464 4687 1515 4726 suo
1528 4669 1561 4723 ³:
1590 4670 1671 4726 Vade
1685 4672 1717 4726 in
1732 4671 1772 4726 ri·

132 4766 180 4838 qui
195 4765 374 4822 solitudinem
389 4768 542 4829 sectantur,
559 4765 588 4815 et
599 4775 656 4815 non
670 4761 766 4816 vident
784 4761 927 4831 homines;
969 4777 1043 4817 eum.
1063 4763 1102 4815 At
1114 4761 1161 4815 ille
1173 4760 1333 4832 respondit:
1351 4759 1431 4824 Quod
1450 4759 1502 4826 ris,
1531 4759 1626 4824 Pater,
1655 4759 1771 4816 faciam.

133 4860 250 4926 quartus
263 4870 329 4909 raro
343 4853 456 4908 illorum
470 4852 519 4924 qui
529 4857 645 4925 propter
656 4851 746 4906 Deum
756 4856 786 4906 et
799 4851 929 4907 obedien·
968 4850 1098 4908 Timebat
1108 4854 1203 4905 autem
1227 4849 1315 4904 irater
1334 4848 1466 4904 accedere
1480 4848 1516 4902 ad
1536 4848 1630 4903 vicum
1656 4856 1774 4922 propter

131 4941 202 4997 tiam
209 4943 330 5010 solliciti,
341 4947 370 4997 et
380 4942 501 5014 subjecti
507 4941 713 5014 suntpatribus.
724 4941 792 4996 Erat
801 4941 928 5011 ergoilhs
969 4939 1140 5006 scandalum,
1156 4943 1289 4994 ettamen
1304 4944 1336 4993 ut
1349 4937 1476 4993 obediret
1490 4937 1577 5003 Patri,
1592 4938 1729 5009 promisit
1743 4955 1773 4994 sc

132 5030 223 5087 tribus
237 5032 382 5087 ordinibus
395 5032 440 5087 hic
454 5032 523 5087 ordo
532 5031 670 5104 superior,
683 5032 732 5103 qui
740 5030 928 5086 obedientiam
968 5029 1086 5085 iturum.
1097 5028 1172 5083 Dixit
1183 5027 1208 5083 ei
1222 5044 1319 5082 senex:
1337 5027 1410 5091 Quia
1421 5026 1530 5081 conlido
1545 5025 1644 5082 inDeo
1659 5033 1774 5099 patrm

134 5119 290 5186 exhibebat,
313 5127 342 5176 et
354 5120 487 5177 utebatur
498 5127 600 5194 torque
624 5137 719 5188 aurea,
744 5125 772 5174 et
791 5121 927 5191 majorem
969 5123 1130 5175 nostrorum
1145 5117 1220 5189 quod
1235 5120 1365 5188 protegat
1376 5121 1405 5170 te
1420 5114 1456 5169 ab
1471 5115 1549 5170 omni
1557 5117 1731 5173 tentatione.
1741 5118 1775 5173 a

132 5209 253 5281 gloriam
266 5226 325 5282 prae
339 5210 446 5266 ceteris
460 5210 629 5283 possidebat.
645 5210 722 5266 Dixit
736 5215 831 5265 autem
846 5225 929 5264 senex
969 5208 1042 5263 facta
1057 5206 1183 5262 oratione
1193 5205 1350 5261 transmisit
1362 5221 1440 5263 eum,
1456 5203 1527 5260 Cum
1540 5209 1639 5261 autern
1652 5207 1775 5261 remeset

134 5299 160 5354 ei
175 5298 224 5371 qui
239 5296 293 5353 sibi
307 5298 361 5353 hoc
374 5299 404 5353 in
418 5300 520 5354 exstasi
528 5299 740 5356 demonstrabat
755 5318 760 5353 :
778 5300 871 5364 Quare
884 5299 930 5355 hic
969 5298 1058 5353 frater
1072 5297 1101 5352 in
1114 5297 1218 5364 vicum,
1230 5301 1259 5351 et
1270 5294 1434 5366 requisisset
1448 5309 1503 5365 quo
1518 5299 1651 5350 maneret
1661 5295 1711 5351 ille
1726 5296 1774 5368 qui

134 5387 203 5444 ordo
217 5393 334 5460 quartus
349 5389 487 5459 majorem
499 5390 607 5446 ceteris
630 5390 749 5461 gloriam
766 5387 929 5445 habetllue
970 5388 1031 5443 aeni
1054 5385 1242 5454 ministrabat,
1270 5384 1384 5440 inventa
1409 5383 1503 5448 domo,
1535 5399 1602 5439 cum
1633 5385 1775 5457 pulsasset

171 5532 470 5616 ¹Peleg.‚·llball.xrv,
485 5546 565 5613 erum.
583 5533 625 5589 19.
648 5533 681 5590 ln
700 5532 789 5589 Editis
816 5538 859 5588 est
884 5532 929 5589 hic
1005 5527 1347 5613 ’OinterponuatEditi,
1364 5530 1393 5582 et
1407 5525 1599 5610 itainPelag3
1661 5599 1668 5612 ·
1697 5507 1702 5519 ’

135 5602 207 5675 stylo
219 5603 336 5678 Pelagii.
348 5604 431 5662 Posui
444 5607 477 5660 ut
489 5619 520 5659 m
533 5601 601 5664 llas.
1004 5600 1058 5658 8Ιιι
1068 5601 1197 5658 Edrtrsad
1206 5597 1360 5658 rerbumex
1370 5597 1484 5670 Pelagio
1495 5615 1503 5667 ;
1516 5613 1600 5672 posue
1612 5602 1647 5657 ut
1659 5615 1692 5656 ιιι
1705 5602 1772 5661 Usa.
