3818 6120
103 251 158 310 349
541 256 626 312 VITA
643 253 772 315 SANOTI
790 257 943 316 Joles
962 260 1263 321 ELEEMOSYNARII.
1462 262 1468 271 '
1693 264 1746 321 350

103 396 173 452 ergo
193 379 366 437 descendens
378 380 513 453 patricius
533 382 641 453 legeret
654 376 936 456 superscriptiones
950 387 1033 443 sitate
1057 405 1215 461 compresso
1226 406 1322 446 eorum
1338 391 1386 463 qui
1400 391 1435 446 ab
1451 406 1484 446 eo
1502 388 1659 458 alebantur,
1677 389 1744 444 etin

104 479 284 551 lagenarum,
300 480 425 535 insinuat
435 481 602 552 patriarchae
614 485 647 535 ut
667 481 720 536 sibi
736 483 861 538 mitteret
872 485 907 538 de
948 480 1037 532 multa
1061 496 1128 534 cura
1151 484 1180 532 et
1194 481 1320 535 oratione
1334 481 1416 535 beato
1431 485 1638 554 perseverante.
1658 479 1745 533 sensit

102 569 156 624 tali
172 570 325 641 mellaque
336 569 446 641 adopus
461 586 543 624 suum
559 572 905 626 uteretur.Noveratenim
949 567 1063 637 quidam
1078 569 1198 622 civitatis
1209 569 1350 623 habitator
1361 586 1423 624 eam
1437 586 1498 640 quae
1520 568 1744 624 circumdederat

104 675 171 715 eum
186 659 254 712 mali
270 675 329 714 esse
340 659 544 714 immemorem.
571 660 844 731 ascendenteigitur
859 662 906 732 qui
948 657 1156 711 sanctissimum
1171 658 1250 711 illum
1264 659 1424 713 ariditatem
1435 666 1464 713 et
1478 658 1666 714 omnimodam
1683 672 1746 728 ege-

102 747 403 820 lagunculashabcbat
423 748 555 816 creditas,
573 753 601 803 et
614 766 749 820 responsa
761 750 903 816 reddente,
948 750 1050 799 statem
1063 765 1068 799 :
1090 744 1219 817 bigamus
1234 748 1365 814 existens
1381 748 1664 803 desideratdiaconus
1677 762 1743 801 san-

104 843 136 893 et
144 836 288 892 indicante
301 838 434 909 pecunias
443 854 505 892 esse
518 854 569 909 pro
582 839 664 892 melle
672 839 701 893 in
709 840 793 906 vasis,
810 840 905 894 statim
947 841 998 890 ctae
1013 836 1135 890 ecclesie
1155 837 1225 891 steri.
1239 837 1275 891 Et
1288 854 1338 908 per
1350 837 1543 891 necessitatem
1550 841 1744 908 quesanctum

102 943 171 981 vere
186 926 264 981 mitis
277 931 374 998 pastor
386 927 463 981 misit
470 926 495 981 ei
511 943 596 981 unam
606 927 795 999 lagunculam,
812 945 908 1000 super·
949 925 1073 995 undique
1088 925 1319 993 circumdederat,
1339 925 1448 980 volebat
1463 926 1580 980 suadere
1592 926 1617 980 ei
1632 930 1665 980 ut
1679 941 1744 979 eum

104 1016 242 1088 scriptam
257 1032 311 1071 uua
326 1029 461 1083 orrruuu,
478 1017 583 1071 iaciens
595 1017 620 1071 ei
637 1022 666 1071 et
675 1018 832 1088 pittacium,
845 1034 909 1071 con·
949 1020 1136 1082 consecrarem
1149 1015 1268 1086 lecitque
1281 1016 1305 1069 ei
1316 1014 1744 1086 deprecationem,continentem

104 1105 201 1160 tinans
213 1105 254 1159 ita
266 1124 272 1159 :
292 1105 450 1160 «Dominus
459 1106 506 1176 qui
514 1106 584 1161 dixit
595 1125 601 1159 :
614 1108 676 1161 Non
686 1112 714 1161 te
722 1107 849 1162 deseram
861 1123 908 1161 ne·
949 1103 990 1157 ita
1001 1103 1038 1171 (in
1052 1103 1121 1157 facie
1132 1104 1234 1176 quippe
1245 1105 1269 1158 ei
1282 1121 1337 1158 non
1353 1103 1475 1158 audebat
1483 1104 1540 1157 tale
1554 1103 1658 1173 aliquid
1670 1103 1744 1157 dice-

105 1211 162 1265 que
185 1194 377 1266 derelinquam
393 1197 540 1262 (Hebrum
550 1214 556 1261 ;
567 1197 621 1249 los.
640 1199 671 1261 rt,
689 1196 749 1250 sine
761 1196 908 1250 mendacio
949 1196 990 1256 rel
1008 1212 1014 1246 ε
1034 1194 1238 1248 «sanctissimo
1249 1199 1280 1248 et
1291 1198 1335 1248 ter
1343 1192 1507 1247 beatoPatri
1523 1196 1634 1263 patrum
1643 1191 1744 1246 loanni

105 1290 169 1350 est3
189 1288 217 1337 et
240 1283 314 1338 Deus
329 1300 429 1351 verus,
451 1283 554 1338 idcirco
582 1284 682 1349 Deum,
703 1285 751 1355 qui
780 1283 909 1340 omnibus
948 1282 1052 1336 vicario
1064 1281 1377 1354 Christi,deprecatioet
1392 1280 1564 1353 postulatioa
1579 1281 1679 1334 cosma
1690 1275 1743 1348 (40)

105 1389 202 1427 escam
216 1378 245 1426 et
254 1372 339 1427 vitam
350 1373 465 1444 praebet,
483 1373 566 1428 homo
576 1372 765 1444 corruptibilis
773 1374 909 1428 constrin-
949 1371 1065 1442 indigno
1077 1389 1158 1426 servo
1166 1389 1308 1427 servorum
1315 1371 1471 1425 sanctitatis
1479 1375 1585 1423 vestra.
1602 1367 1743 1433 Edissere,

104 1477 175 1532 gere
188 1477 245 1516 non
259 1467 362 1533 potest.
375 1462 453 1516 Vale.
470 1481 483 1515 a
505 1463 640 1534 Praecepit
662 1469 756 1517 autem
779 1461 909 1517 abeunti·
949 1460 1124 1515 sanctissime
1134 1461 1322 1532 dominaquae
1330 1460 1438 1514 obtinet
1451 1458 1646 1513 honorandum
1663 1460 1746 1528 caput

105 1549 160 1604 bus
175 1554 204 1604 et
214 1549 390 1621 portantibus
399 1550 787 1621 lagunculam,utdicereutei
797 1557 829 1606 ut
843 1556 909 1605 aute
948 1552 1030 1601 tuum
1046 1547 1198 1602 secuudum
1210 1548 1422 1618 permissionem
1432 1546 1610 1616 Dei,im0pro
1624 1543 1745 1615 peccatis

105 1655 138 1694 se
157 1638 262 1692 moeret
276 1655 338 1693 eam
362 1640 476 1710 aperiri,
493 1645 522 1694 et
535 1639 661 1694 dicerent
684 1640 796 1711 siquod
811 1656 908 1695 omnes
949 1636 1062 1701 nostris,
1081 1653 1208 1691 escarum
1221 1638 1379 1707 penuriam,
1400 1652 1456 1690 non
1468 1637 1577 1706 justum
1592 1631 1747 1687 existimavi

107 1742 181 1798 quas
195 1726 305 1781 viderat
318 1727 420 1782 deferri
433 1729 597 1798 lagunculas
608 1728 733 1798 pecuniis
748 1734 843 1784 essent
857 1747 907 1801 pro
918 1708 1045 1780 Bservus
1060 1732 1133 1791 tuus,
1149 1726 1177 1780 in
1188 1722 1629 1789 refectioneconversari,domino
1642 1738 1703 1775 meo
1716 1721 1746 1774 in

107 1815 194 1868 melle
209 1815 331 1886 repleta.
359 1816 483 1887 Contigit
501 1822 589 1882 185
603 1833 670 1887 ergo
692 1818 806 1871 sedente
820 1834 853 1871 eo
872 1817 908 1872 ad
949 1814 1104 1869 subtilitate
1127 1814 1331 1884 (immanenti.
1347 1812 1647 1884 Suntigiturindigno
1667 1826 1746 1864 servo

107 1920 248 1968 mensam,
265 1910 298 1958 ut
312 1905 492 1959 nuntiaretur
509 1906 607 1959 adesse
615 1922 662 1972 eos
670 1906 718 1976 qui
729 1907 907 1977 lagunculam
948 1910 997 1958 tuo
1016 1903 1150 1958 frumenti
1165 1903 1379 1958 ducentamillia
1392 1899 1746 1966 modiorum,etaurilibrae

95 1992 272 2064 portabant,
287 1999 316 2047 et
328 1993 476 2064 pittacium
488 1995 664 2064 patriarchae.
686 1995 906 2049 Ascendentibus
948 1999 1060 2047 centum
1076 1993 1226 2063 octoginta,
1237 2008 1306 2063 quas
1317 2008 1384 2062 rogo
1400 1990 1460 2045 dari
1475 1988 1585 2044 Christo
1598 2004 1648 2059 per
1661 1987 1746 2041 tedo-

106 2081 205 2153 itaque
220 2082 271 2145 eis,
284 2099 347 2136 eum
363 2082 477 2137 vidisset
493 2099 579 2136 unam
593 2088 703 2138 tantum
716 2084 906 2155 lagunculam,
947 2082 1058 2137 minum
1069 2098 1163 2136 meum
1180 2099 1185 2134 :
1208 2087 1319 2136 tantum
1334 2097 1384 2151 ego
1397 2080 1535 2150 indignus
1545 2078 1574 2131 iu
1589 2075 1746 2131 ministerio

107 2170 181 2224 dixit
193 2171 234 2224 eis
248 2171 381 2242 patricius
395 2191 400 2225 ι
414 2172 504 2226 Dicite
516 2172 542 2226 ei
557 2191 563 2226 :
578 2172 677 2235 Credo,
690 2173 812 2239 domine,
831 2189 908 2244 mag·
948 2171 1034 2224 vestri
1048 2171 1198 2224 diaconatu
1223 2169 1278 2224 frui
1291 2185 1410 2232 merear,
1427 2175 1458 2222 ut
1474 2184 1523 2239 per
1538 2167 1623 2221 talem
1639 2181 1701 2220 eum
1718 2170 1746 2219 te

107 2275 176 2314 nam
191 2259 365 2315 iracundiam
384 2261 530 2316 adversum
556 2278 600 2315 me
614 2262 729 2329 retines,
746 2278 811 2315 narn
822 2278 908 2316 unam
949 2260 1063 2314 domino
1078 2259 1165 2313 sancti
1189 2258 1286 2312 altaris
1311 2257 1555 2321 ministrationem,
1577 2254 1711 2310 emundet
1728 2269 1746 2307 a

108 2349 198 2402 solam
214 2365 271 2403 non
292 2350 419 2404 mitteres
440 2350 519 2404 mihi.
536 2351 649 2405 Tradito
672 2356 767 2405 autem
792 2351 908 2422 pittacio
949 2354 1127 2420 peccatorum
1149 2363 1275 2401 meorum
1291 2347 1409 2401 luxuria.
1430 2345 1504 2400 Dicit
1520 2345 1672 2399 enimvero
1694 2341 1744 2397 Dei

110 2437 252 2501 eodem,et
262 2436 367 2492 bullam
383 2437 435 2506 (39,
451 2439 676 2504 dissolventibus,
701 2444 730 2493 et
751 2440 909 2494 evacuanti·
949 2437 1114 2509 predicator
1128 2443 1240 2490 sanctus
1254 2436 1412 2507 Apostolus,
1430 2434 1562 2505 quoniam
1576 2449 1609 2487 ex
1623 2430 1746 2486 necessi·

107 2524 161 2579 bus
175 2542 272 2580 eoram
288 2526 418 2582 omuibus
438 2528 596 2598 pecuniam,
616 2528 729 2599 agnovit
743 2536 772 2583 et
786 2530 908 2600 reliquas
948 2531 1008 2580 tate
1025 2532 1053 2580 et
1078 2526 1148 2595 legis
1161 2525 1308 2579 translatio
1322 2525 1353 2578 fvt
1364 2526 1455 2590 (Hebr.
1468 2525 1527 2591 vu).
1540 2541 1553 2574 a
1579 2522 1644 2576 Haec
1658 2518 1747 2574 susci-

109 2614 286 2685 lagunculas,
298 2632 367 2687 quas
377 2617 455 2681 vidit,
463 2616 592 2671 similiter
600 2617 774 2688 plenasesse.
789 2619 860 2673 Cum
868 2635 909 2672 er·
950 2610 1029 2685 piens
1044 2614 1178 2668 divinitus
1196 2614 1318 2685 sapiens,
1343 2618 1372 2667 et
1385 2613 1475 2666 virum
1497 2611 1644 2671 advocans,
1660 2606 1746 2662 aitad

109 2719 145 2773 go
160 2703 278 2774 legisset
292 2705 366 2774 quod
375 2705 458 2759 homo
473 2706 756 2777 corruptibilisDeum
768 2708 908 2762 constrin-
950 2721 1015 2758 eum
1028 2722 1033 2757 :
1046 2704 1087 2758 Tu
1102 2720 1132 2757 es
1143 2702 1190 2773 qui
1203 2719 1299 2773 preces
1314 2701 1393 2756 nobis
1401 2717 1451 2773 per
1462 2699 1604 2754 notarium
1618 2703 1699 2752 tuum
1720 2700 1749 2750 et

109 2808 176 2862 gere
193 2808 251 2846 non
265 2797 369 2863 posset,
386 2799 568 2864 compunctus
578 2794 756 2860 desermone,
774 2795 860 2849 dixit:
876 2798 910 2851 Et
950 2794 1039 2848 lilium
1051 2793 1166 2847 misisti?
1181 2793 1241 2857 Quo
1252 2792 1383 2846 dicente:
1412 2790 1513 2854 Etiam,
1532 2787 1655 2853 domiue,
1671 2784 1749 2838 misit

109 2880 330 2948 vivitDominus,
342 2883 720 2954 nequeNicetaconstringet
734 2901 809 2949 eum,
826 2886 909 2940 homo
950 2899 1047 2938 omnes
1062 2882 1137 2937 sorus
1147 2881 1247 2936 beatus
1256 2887 1284 2934 et
1292 2878 1578 2941 misericordissimus,
1596 2876 1694 2930 nolens
1704 2890 1748 2929 co·

109 2968 216 3023 etenim
229 2976 259 3023 et
272 2969 332 3041 ipse
347 2976 510 3041 peccatorct
523 2971 711 3042 corruptibilis
719 2978 771 3026 est.
779 2973 814 3027 at
823 2973 909 3027 relin-
949 2988 1010 3026 ram
1026 2971 1156 3026 omnibus
1179 2973 1254 3025 hunc
1267 2969 1446 3031 confundere,
1461 2973 1489 3022 et
1501 2967 1586 3038 coepit
1599 2965 1691 3020 dicere
1710 2963 1745 3017 ad

111 3074 202 3129 quens
216 3073 281 3112 mox
294 3059 456 3130 prandium,
472 3066 501 3113 et
515 3077 629 3113 sumens
657 3077 751 3115 secum
773 3027 938 3133 quotquotC
951 3077 1034 3115 eum:
1064 3060 1176 3115 Oblatio
1200 3059 1313 3130 quidem
1332 3062 1382 3112 tua
1400 3057 1479 3111 valde
1490 3058 1569 3127 justa
1581 3059 1609 3109 et
1624 3051 1747 3125 tempori

110 3148 247 3218 pecunias
254 3146 289 3202 ab
297 3147 551 3203 honorandoPatre
562 3147 726 3214 abstulerat,
742 3150 911 3221 etlaguncu-
951 3150 1117 3215 necessaria,
1135 3149 1183 3203 sed
1195 3148 1338 3202 maculosa
1350 3152 1408 3212 est,
1422 3153 1449 3200 et
1458 3145 1531 3200 nosti
1546 3145 1619 3216 quod
1629 3143 1658 3196 in
1672 3143 1747 3213 Lege

110 3235 168 3290 lam
179 3252 244 3307 quae
256 3235 291 3290 ab
306 3253 339 3291 eo
348 3237 621 3303 transmissafuerat,
633 3244 662 3293 et
674 3238 709 3292 de
722 3255 772 3293 suo
782 3244 911 3294 centena·
952 3239 1010 3293 ovis
1018 3239 1075 3294 sive
1086 3254 1180 3310 parva,
1197 3238 1257 3291 sine
1272 3253 1383 3307 magna,
1400 3235 1453 3289 nisi
1470 3233 1652 3288 immaculata
1662 3235 1745 3297 esset,

109 3324 156 3378 ria
168 3325 235 3388 tria,
251 3326 437 3397 apprehendit
450 3326 614 3381 honoranda
623 3327 684 3397 ejus
697 3327 817 3398 vestigia
826 3330 910 3396 pullo
951 3344 1008 3383 non
1022 3328 1051 3382 in
1066 3327 1232 3382 sacrificium
1245 3324 1413 3380 offerebatur
1425 3326 1514 3392 (teuit.
1536 3326 1617 3392 x111);
1644 3324 1673 3375 et
1684 3319 1747 3374 ideo

110 3413 141 3467 in
152 3412 318 3485 obsequium
331 3414 477 3486 proprium
487 3420 599 3487 sumpto
621 3416 691 3484 ;sed
708 3415 736 3469 in
750 3416 910 3472 humilitate
951 3417 986 3471 ad
1001 3416 1166 3471 sacrificium
1195 3414 1263 3470 Cain
1287 3431 1342 3469 non
1366 3411 1488 3484 respexit
1503 3412 1577 3466 Deus
1609 3410 1684 3478 (Gen.
1700 3409 1746 3477 ivl.

110 3501 205 3556 multa
216 3503 378 3570 ascendens,
394 3503 594 3574 rogabateum,
610 3505 690 3575 quasi
705 3503 766 3558 aliis
780 3522 912 3560 accusan-
952 3507 1090 3570 Quoniam
1103 3522 1168 3559 vero
1183 3504 1286 3570 dixisti,
1300 3501 1473 3573 irater‚quod
1492 3518 1525 3556 ex
1535 3499 1701 3555 necessitate
1719 3501 1747 3552 et

109 3591 189 3645 tibus
202 3597 319 3657 motum,
329 3592 533 3663 indulgentiam
548 3610 565 3647 a
579 3594 636 3647 Deo
650 3601 820 3665 exposceret,
832 3595 912 3649 satis-
952 3595 1022 3665 legis
1036 3593 1185 3648 translatio
1198 3595 1257 3660 frat,
1274 3592 1377 3663 delege
1388 3591 1474 3645 reteri
1483 3591 1536 3655 hoc
1553 3589 1621 3643 dicit
1630 3590 1747 3659 Aposto-

109 3679 219 3735 iaeiens
233 3680 259 3734 ei
282 3682 356 3752 quod
368 3681 421 3736 etsi
434 3682 628 3753 poenibentiam
643 3683 668 3736 ei
677 3683 766 3746 daret,
783 3690 911 3755 prompte
951 3685 1012 3752 lus,
1025 3700 1091 3738 nam
1104 3684 1242 3754 quomodo
1262 3682 1302 3736 ait
1315 3682 1402 3736 irater
1412 3677 1660 3742 Dominiiacobus,
1673 3675 1747 3747 quod

111 3769 187 3823 banc
201 3770 356 3841 susciperet
369 3777 398 3825 et
410 3771 573 3825 custodiret.
588 3771 739 3826 Admirans
754 3778 849 3826 autem
864 3790 910 3827 ar·
953 3772 1111 3844 quicunque
1119 3770 1307 3827 observaverit
1314 3774 1402 3824 totam
1414 3769 1514 3839 legem,
1523 3766 1646 3822 offendat
1652 3770 1746 3819 autem

110 3858 307 3930 chlepiscopus
330 3860 451 3913 velocem
467 3860 518 3914 riri
545 3861 765 3925 conversionem,
787 3862 859 3915 nihil
876 3862 911 3917 de
951 3862 983 3916 in
995 3878 1061 3925 unu,
1075 3859 1418 3916 lactusestomniumreus
1430 3852 1748 3923 (loerrtillelratribus

110 3947 264 4002 commisso
279 3954 448 4019 conquestus
463 3955 514 4015 est,
531 3950 580 4004 sed
598 3955 626 4004 et
646 3950 736 4019 magis
751 3949 912 4005 consolaba·
953 3967 1017 4005 vero
1032 3951 1102 4004 meis
1117 3950 1213 4020 egenis
1225 3955 1254 4004 et
1267 3949 1301 4003 dc
1315 3952 1412 4003 sancta
1426 3943 1691 4015 Ecclesia,Deusqui
1701 3957 1749 3996 eos

112 4041 241 4091 turcum
256 4035 347 4091 verbis
357 4038 559 4093 consolatoriis.
572 4040 748 4094 Talisautom
763 4039 912 4095 amborum
953 4038 1070 4093 nutrivit
1081 4044 1146 4093 ante
1162 4055 1246 4110 quam
1260 4053 1312 4108 ego
1336 4044 1365 4092 et
1382 4043 1413 4091 tu
1436 4050 1626 4100 nasceremur,
1641 4032 1701 4103 ipse
1721 4033 1751 4084 et

111 4127 283 4180 confirmata
295 4131 339 4181 cst
351 4132 463 4182 extunc
478 4145 496 4182 a
505 4128 563 4182 Deo
578 4127 709 4195 charitas,
724 4133 756 4182 ut
769 4134 912 4199 compater
953 4144 1028 4183 nunc
1042 4128 1149 4182 nutriet
1159 4145 1223 4182 eos:
1240 4132 1361 4192 tantum,
1378 4126 1402 4179 si
1415 4141 1559 4180 sermones
1573 4124 1633 4194 ejus
1648 4121 1749 4176 illaesos

112 4214 270 4286 supradicti
280 4215 362 4271 tieret
375 4216 497 4288 patricii.
953 4216 1180 4271 custodierimus.
1198 4218 1248 4271 llle
1272 4216 1348 4270 enim
1372 4214 1419 4284 qui
1434 4218 1502 4267 tune
1521 4211 1643 4282 quinque
1661 4225 1749 4281 panes

150 4303 219 4358 Cau.
237 4304 289 4360 XII
303 4304 391 4370 -Qui
405 4304 549 4360 Abraham
562 4305 591 4360 in
605 4306 657 4361 hoc
666 4307 740 4378 quod
749 4305 914 4377 expediebat
924 4306 1151 4404 Dmultiplicavit
1163 4304 1253 4362 (loun.
1267 4306 1315 4371 vr),
1326 4307 1420 4372 potest
1435 4305 1464 4355 et
1476 4301 1572 4354 decem
1585 4298 1678 4352 horrei
1693 4296 1749 4351 mei

112 4393 244 4460 tentavit,
261 4399 294 4449 ut
306 4395 368 4465 ejus
381 4394 467 4448 sidem
474 4395 526 4449 soli
541 4395 597 4449 Deo
611 4397 753 4467 cognitam
766 4397 914 4452 universus
957 4395 1058 4449 modiis
1072 4393 1244 4448 benedicere.
1260 4392 1437 4463 Quapropter
1444 4387 1513 4442 illud
1529 4387 1592 4442 dico
1601 4386 1638 4441 ad
1651 4391 1689 4452 te,
1697 4385 1747 4451 uli,

112 4483 239 4539 mundus
262 4483 372 4554 discens
385 4483 546 4539 imitaretur
570 4484 634 4551 (den
647 4490 722 4555 xxii),
750 4486 873 4541 tentavit
887 4491 916 4541 et
957 4485 1030 4556 quod
1045 4485 1074 4538 in
1097 4482 1212 4537 Actibus
1227 4481 1417 4552 apostolorum
1433 4479 1612 4533 dictumest:
1630 4476 1693 4530 Non
1708 4480 1751 4530 eet

112 4572 329 4628 memorabilem
343 4572 429 4627 istum
440 4574 587 4628 loannem.
602 4573 701 4629 Modus
721 4581 816 4630 autem
839 4575 914 4630 illius
955 4573 1007 4628 tibi
1022 4573 1112 4644 portio
1127 4588 1217 4642 neque
1230 4570 1379 4625 haereditas
1396 4569 1426 4622 in
1441 4567 1493 4621 hac
1503 4570 1582 4637 parte
1596 4563 1663 4630 (Act.
1680 4566 1749 4632 vm).

112 4662 281 4718 tentationis
295 4662 385 4716 lorma
394 4661 524 4716 utilitatis
538 4661 641 4716 sanctis
655 4664 716 4734 ejus
729 4663 852 4718 ecclesiis
870 4680 914 4719 ex·
957 4664 1084 4734 Cumque
1110 4662 1184 4716 bunc
1197 4661 1306 4715 tristem
1336 4664 1364 4713 et
1379 4658 1439 4712 sinc
1464 4656 1564 4710 ellectu
1588 4652 1748 4717 dimisisset,

112 4751 197 4806 stitit.
212 4751 262 4806 Est
275 4750 474 4806 autemforma
489 4750 564 4805 haec:
583 4751 773 4807 lnaestimabili
789 4753 915 4808 multitu·
955 4752 1103 4806 nuntiatur
1114 4750 1139 4804 ei
1153 4750 1223 4803 duas
1242 4747 1369 4803 Ecclesiae
1389 4759 1558 4815 magnarum
1578 4740 1690 4797 navium
1715 4740 1750 4795 ad

113 4841 183 4896 dine
198 4840 367 4912 fugientium
380 4840 515 4906 apamia,
540 4839 612 4895 sicut
623 4841 799 4911 jamdictum
811 4843 914 4910 [Supra
956 4846 1062 4895 terram
1076 4855 1136 4894 esse
1161 4837 1322 4900 submissas,
1339 4850 1409 4905 quas
1437 4833 1554 4887 miserat
1568 4831 1598 4885 in
1627 4829 1751 4885 Siciliam

112 4947 138 4985 c.
154 4929 194 4997 6),
222 4934 252 4985 et
274 4929 440 4983 adveniente
470 4929 680 4994 Alexandriam,
704 4937 733 4984 et
765 4931 914 4985 sterilitate
956 4934 1071 5002 propter
1085 4928 1269 4982 frumentum.
1284 4925 1343 4979 Hcc
1354 4927 1448 4977 autem
1467 4922 1586 4976 audiens
1597 4920 1643 4974 illc
1654 4918 1752 4974 beatus

113 5019 207 5075 multa
220 5017 347 5073 ciborum
358 5017 439 5085 lacta,
457 5034 490 5072 eo
517 5019 591 5089 quod
610 5035 667 5073 non
690 5019 797 5075 subiret
815 5020 915 5076 lluvius
956 5020 1059 5074 cadens
1073 5017 1101 5071 in
1116 5021 1230 5081 terram,
1246 5013 1352 5085 gratias
1367 5011 1425 5083 egit
1440 5009 1626 5083 omnipotenti
1640 5008 1751 5073 Deo,di-

113 5109 200 5164 Nilus
212 5107 367 5163 secundum
381 5107 623 5174 cousuetudinem,
631 5113 733 5163 etauro
745 5114 844 5164 cuncto
852 5124 915 5163 ero·
958 5125 1023 5163 cens
1035 5126 1040 5160 :
1058 5105 1168 5162 Gratias
1180 5105 1269 5159 resero
1277 5100 1469 5167 tibi,Domino,
1480 5099 1610 5172 quoniam
1621 5113 1678 5152 non
1691 5113 1753 5169 per

114 5203 184 5271 gato
198 5197 272 5269 quod
286 5195 623 5269 possederatpatriarcha,
640 5197 752 5252 misitet
766 5205 864 5253 mutuo
872 5214 916 5253 ac·
957 5197 1058 5252 misisti
1081 5211 1160 5250 servo
1180 5199 1229 5248 tuo
1250 5191 1374 5263 pecuniis
1390 5190 1509 5245 vendere
1522 5188 1644 5260 gratiam
1661 5193 1751 5242 tuam.

116 5287 224 5358 capita
237 5285 335 5341 multis
348 5285 539 5357 philochristis
551 5285 625 5342 circa
635 5288 730 5343 decem
743 5287 913 5343 centenaria.
957 5288 1030 5342 Vere
1043 5285 1219 5357 inquirentes
1241 5288 1279 5348 te,
1305 5280 1435 5346 Domine,
1458 5285 1488 5336 et
1500 5284 1602 5335 sanctae
1626 5274 1753 5332 Ecclesia

116 5375 154 5431 Et
165 5375 209 5431 bis
223 5375 327 5430 iterum
340 5376 522 5446 consumptis,
540 5380 569 5431 et
578 5377 669 5432 adhuc
683 5377 756 5432 same
772 5385 913 5446 manente,
956 5382 1012 5431 ture
1025 5374 1137 5447 regulas
1151 5372 1349 5439 custodientes,
1366 5375 1459 5437 18ss
1466 5386 1522 5425 non
1536 5361 1752 5424 deficientomni

118 5470 149 5521 et
171 5465 321 5523 decaetero
347 5470 478 5521 mutuum
507 5465 574 5520 dare
593 5466 619 5521 ei
633 5467 711 5522 nullo
724 5468 843 5535 volente,
868 5467 916 5525 sed
957 5465 1031 5522 bono
1046 5463 1241 5532 (Psotxxxm).

119 5553 250 5611 omnibus
274 5553 458 5629 pertinaciam
481 5553 563 5609 famis
589 5554 763 5624 timentibus,
779 5561 807 5611 et
820 5573 917 5612 neces·
995 5556 1061 5611 Cir.
1073 5552 1149 5610 x111.
1169 5551 1389 5618 -Quibusdam
1408 5549 1518 5606 duobus
1531 5546 1637 5602 clericis
1652 5543 1680 5597 in
1695 5539 1752 5594 cul.
