3818 6120
759 336 1151 398 rnomeounnonxn.
1735 346 1770 404 02

329 462 626 521 PROLEGOMENON
643 462 721 517 XVI.
940 461 1052 530 Adior3
1068 465 1097 516 te
1111 461 1135 517 si
1148 461 1228 534 piget
1240 462 1356 531 imitari,
1375 466 1434 521 noli
1447 467 1599 523 adversari.
1614 468 1771 540 Respondit

503 610 508 621 ‚
678 609 706 619 Ι,
970 551 1027 618 ille,
1044 552 1187 607 adhaerere
1209 569 1239 606 se
1263 553 1339 608 socio
1358 559 1443 610 tantae
1463 557 1609 623 mercedis,
1629 563 1769 631 tantaeque

286 609 354 675 '0¹⁴³
368 608 470 663 mm
484 609 624 662 mrum
638 610 749 662 “mum
763 611 775 660 ²
970 640 1087 696 militiae.
1109 641 1144 696 Et
1156 641 1238 696 ambo
1251 643 1312 712 jam
1332 643 1372 697 tui
1385 644 1559 701 aedificabant
1572 648 1675 702 turrim
1690 665 1768 703 sum·

168 734 210 787 Ex
219 733 264 786 his
291 730 414 787 tontibus
441 747 507 786 suos
533 719 709 797 Benedictus,
735 729 927 797 Cassiodorus,
970 733 1020 800 ptu
1036 729 1136 784 idoneo
1149 731 1326 801 relinquendi
1342 734 1437 789 omnia
1450 752 1510 803 sua,
1524 742 1553 791 et
1566 737 1702 808 sequendi
1714 743 1752 793 te.

128 822 271 877 Martinus
284 820 454 886 Dumiensis,
478 820 650 887 Dominicus,
670 820 774 891 aliique
791 819 929 890 religiosae
1008 836 1021 870 r
1035 818 1108 874 Tum
1129 820 1286 876 Potitianus
1306 822 1396 893 etqui
1416 840 1480 877 cum
1496 841 1529 879 eo
1546 843 1597 897 per
1611 827 1680 880 alias
1693 826 1768 881 horti

130 910 246 966 familiae
261 910 391 965 ductores
405 910 558 981 irrigarere
574 909 710 964 hortulos.
732 909 787 964 Sed
808 908 926 974 illustre,
969 911 1064 978 partes
1078 908 1305 977 deambulabant,
1322 918 1479 981 quaerentes
1494 930 1551 979 eos,
1561 915 1770 973 devenemntin

131 999 252 1071 quodde
264 999 379 1054 Antonii
389 998 455 1054 vita
468 999 497 1053 in
509 997 679 1053 occidentem
690 998 768 1052 illata
779 1002 876 1052 narrat
890 996 930 1050 di·
972 995 1102 1051 eumdem
1117 998 1219 1064 locum,
1231 1005 1260 1054 et
1273 999 1446 1056 invenientes
1461 1003 1668 1058 admonuerunt
1681 1008 1714 1057 ut
1727 1019 1770 1061 re.-

130 1104 186 1143 vus
199 1088 384 1159 Augustinus,
397 1103 461 1143 cum
475 1088 530 1143 duo
545 1093 660 1158 agentes
671 1087 701 1142 in
718 1086 811 1150 rebus,
824 1085 930 1140 relictis
971 1083 1074 1148 dirent,
1086 1087 1219 1156 quoniam
1228 1088 1394 1144 declinasset
1405 1091 1474 1145 dies.
1487 1093 1524 1145 At
1533 1091 1573 1146 illi
1583 1096 1697 1145 narrato
1711 1092 1769 1164 pla-

131 1177 254 1250 sponsis,
264 1177 351 1232 uitam
376 1176 523 1247 elegerunt
546 1175 701 1231 solitariam
719 1195 725 1243 ;
750 1174 825 1246 quod
843 1178 871 1229 et
886 1173 931 1228 hic
971 1172 1026 1228 cito
1046 1180 1074 1228 et
1087 1176 1231 1246 proposito
1249 1187 1310 1245 suo,
1328 1194 1439 1250 quoque
1457 1181 1540 1234 modo
1555 1180 1584 1234 in
1595 1180 1635 1234 eis
1649 1180 1769 1234 talisve-

130 1265 235 1336 legisse
257 1265 384 1321 nouerit
404 1265 523 1326 inutile:
547 1282 560 1318 r
578 1266 664 1321 Ortus
683 1270 727 1319 cst
744 1280 846 1329 sermo,
868 1263 929 1334 ipso
971 1261 1064 1317 luntas
1078 1268 1141 1317 orta
1155 1269 1324 1337 essetatque
1336 1268 1457 1334 firmata,
1469 1269 1637 1340 petiverunt,
1654 1268 1721 1339 [rvr]
1733 1285 1768 1323 ne

132 1354 297 1423 (Potitiano)
313 1359 447 1409 narrante
462 1355 496 1408 de
510 1355 633 1408 Antonio
656 1353 713 1425 [nv]
728 1353 858 1424 AEgyptio
868 1368 929 1405 mo·
970 1349 1023 1404 sibi
1034 1352 1145 1407 molesti
1161 1355 1285 1408 essentei
1301 1356 1417 1427 adjungi
1427 1362 1598 1412 recusarent.
1615 1357 1770 1412 lstiautem

130 1443 234 1509 necho,
250 1444 331 1514 cujus
345 1458 449 1498 nomen
463 1443 630 1498 excellenter
644 1441 769 1496 clarebat
781 1441 856 1513 apud
871 1456 931 1496 ser·
974 1439 1063 1494 nihilo
1077 1442 1207 1496 mutatia
1221 1443 1357 1514 pristinis,
1369 1445 1508 1501 tleverunt
1520 1464 1550 1502 se
1564 1453 1670 1513 tamen,
1684 1452 1716 1500 ut
1730 1446 1771 1500 di-

132 1537 265 1597 rostuos,
283 1548 334 1587 nos
347 1537 442 1587 autem
456 1548 545 1603 usque
560 1531 682 1586 inillam
699 1531 799 1586 horam
814 1528 929 1584 latebat.
975 1527 1063 1593 cebet,
1080 1535 1165 1600 atque
1179 1530 1236 1585 illis
1242 1532 1287 1603 pie
1297 1534 1483 1604 congratulati
1498 1541 1572 1601 sunt,
1591 1542 1619 1590 et
1632 1552 1772 1590 commen·

132 1620 215 1685 Quod
223 1620 271 1676 ille
277 1619 326 1675 ubi
332 1620 646 1691 comperit,immoratus
656 1624 700 1675 est
708 1620 737 1675 in
748 1635 780 1674 eo
788 1635 927 1684 sermone,
971 1617 1109 1672 daverunt
1123 1634 1153 1672 se
1170 1621 1345 1676 orationibus
1359 1639 1468 1690 eorum,
1484 1627 1512 1678 et
1526 1625 1671 1678 trahentes
1680 1640 1728 1678 cor
1740 1622 1769 1678 in

132 1709 283 1765 insinuans
296 1714 408 1765 tantum
422 1710 511 1764 vnum
527 1709 731 1780 ignorantibus,
744 1713 772 1762 et
787 1707 930 1762 admirans
971 1709 1057 1772 terra,
1069 1706 1199 1762 abierunt
1208 1708 1236 1762 in
1248 1710 1393 1781 palatium.
1410 1712 1555 1766 llliautem
1566 1712 1711 1783 affigentes
1722 1727 1770 1766 cor

132 1798 264 1852 eamdem
275 1804 401 1853 nostram
414 1797 615 1869 ignorantiam.
632 1796 819 1868 Stupebamus
834 1801 929 1851 autem
938 1823 962 1885 B
971 1795 1050 1861 coelo,
1065 1803 1229 1851 manserunt
1240 1797 1268 1852 in
1279 1815 1351 1853 casa.
1361 1800 1395 1853 Et
1404 1799 1486 1854 ambo
1494 1792 1767 1872 habebantsponsas.

132 1887 281 1942 audientes
300 1892 359 1941 tam
377 1887 484 1942 recenti
503 1886 647 1952 memoria,
671 1892 700 1941 et
714 1902 800 1957 prope
826 1885 931 1940 nostris
972 1880 1040 1944 Quae
1054 1889 1237 1953 posteaquam
1251 1885 1304 1939 hoc
1327 1885 1485 1952 audierunt,
1502 1888 1665 1942 dicaverunt
1684 1888 1770 1942 etiam

132 1975 309 2047 temporibus
322 1975 506 2031 testatissima
518 1974 659 2029 mirabilia
673 1981 723 2029 tua
736 1973 766 2029 in
779 1972 834 2028 side
854 1977 932 2027 recta
971 1969 1039 2041 ipsae
1069 1971 1256 2042 virginitatem
1280 1973 1342 2027 tibi.
1363 1974 1503 2029 Narrabat
1528 1976 1586 2030 haec
1610 1975 1768 2031 Potitianus

132 2065 442 2120 eteatholicaecclesia.
453 2064 558 2120 Omnes
569 2062 755 2129 mirabamar3
765 2068 793 2118 et
800 2078 851 2117 nos
864 2062 930 2134 quie
970 2058 1013 2136 (S.
1029 2060 1156 2126 nuque,
1174 2063 1221 2114 lib.
1238 2075 1286 2115 rur
1296 2062 1416 2130 Confess-
1427 2080 1487 2134 cap.
1504 2062 1558 2132 6)..

131 2157 193 2210 tam
205 2169 310 2225 magna
324 2159 414 2219 erant,
428 2160 457 2208 et
466 2153 513 2208 ille
531 2153 598 2224 quia
610 2152 737 2207 inaudita
746 2150 828 2207 nobis
839 2156 929 2206 erant.
1007 2146 1074 2211 Quae
1085 2148 1197 2218 quidem
1208 2148 1290 2204 lectio
1298 2151 1341 2204 uti
1350 2151 1505 2221 Agentibus
1516 2152 1546 2208 in
1557 2151 1640 2208 rebus
1652 2152 1767 2224 profuit,

169 2261 184 2295 r
199 2242 268 2298 Inde
283 2259 378 2298 sermo
393 2245 454 2314 ejus
469 2242 614 2297 devolutus
631 2247 674 2296 est
687 2242 723 2295 ad
744 2240 930 2295 monasterio·
971 2233 1074 2290 itahaec
1085 2237 1204 2307 repetita
1213 2239 1337 2293 narratio
1354 2240 1504 2309 Augustini
1516 2242 1642 2295 animum
1661 2242 1696 2295 ad
1708 2257 1768 2295 me·

131 2347 196 2386 rum
208 2347 310 2403 greges
325 2337 453 2387 etmores
462 2330 659 2385 suaveolentiae
667 2336 733 2396 tuae,
745 2336 773 2384 et
783 2329 871 2384 ubera
884 2327 931 2381 de·
970 2323 1042 2378 liora
1056 2325 1219 2393 stimulavit,
1236 2326 1332 2382 subdit
1345 2328 1437 2382 enim:
1453 2349 1462 2381 ι
1473 2330 1514 2384 Tu
1525 2331 1766 2397 autem,Domine,

130 2426 209 2474 serta
224 2420 323 2486 eremi,
339 2435 459 2491 quorum
478 2436 530 2474 nos
545 2418 616 2474 nihil
633 2418 799 2487 sciebamus.
815 2418 850 2473 Et
871 2415 945 2471 erat
972 2412 1046 2469 inter
1057 2415 1141 2470 verba
1157 2417 1218 2487 ejus
1232 2416 1415 2488 retorquebas
1429 2436 1474 2473 me
1488 2419 1523 2473 ad
1533 2420 1680 2491 meipsum,
1694 2418 1769 2473 aufe-

130 2509 338 2563 monasterium
353 2508 504 2564 Mediolani
509 2509 622 2580 plenum
630 2507 848 2563 bonisfratribus
854 2510 933 2560 extra
973 2517 1038 2558 rens
1047 2520 1093 2558 me
1108 2505 1223 2560 adoreo
1238 2505 1406 2562 mcoubime
1416 2524 1574 2577 posueram,
1587 2508 1653 2562 dum
1664 2508 1768 2562 nollem

129 2597 210 2652 urbis
223 2597 328 2652 moenia
338 2596 391 2652 sub
404 2596 551 2652 Ambrosio
566 2598 714 2663 nutritore,
731 2601 759 2652 et
779 2612 835 2651 non
846 2611 931 2650 nore·
972 2593 1216 2659 meattendere,et
1225 2594 1414 2651 constituebas
1423 2612 1467 2650 me
1477 2602 1541 2651 ante
1550 2597 1650 2650 taciem
1663 2613 1766 2659 meam,

130 2703 239 2742 ramus.
250 2686 440 2742 Pertendebat
448 2687 504 2752 ille,
515 2692 544 2741 et
553 2685 720 2756 loquebatur
729 2684 830 2751 adhuc,
842 2687 871 2738 et
880 2698 931 2752 nos
972 2684 1004 2734 ut
1022 2681 1143 2737 viderem
1159 2699 1243 2753 quam
1257 2684 1349 2755 turpis
1366 2670 1467 2751 essem,
1484 2702 1569 2756 quam
1584 2686 1720 2740 distortus
1740 2689 1768 2739 et

131 2775 234 2830 intenti
243 2775 416 2830 tacebamus.
972 2769 1111 2837 sordidus,
1131 2773 1290 2827 maculosus
1309 2778 1337 2826 et
1357 2774 1500 2828 ulcerosus
1517 2793 1523 2840 3
1545 2779 1573 2828 et
1592 2773 1721 2829 videbam
1740 2778 1769 2828 et

169 2884 181 2915 ι
197 2864 280 2920 Unde
294 2864 395 2921 incidit
403 2868 436 2918 ut
445 2863 559 2928 diceret,
569 2862 662 2917 nescio
673 2862 784 2934 quando
795 2878 826 2916 se
836 2865 865 2915 et
872 2865 930 2915 tres
971 2856 1131 2925 horrebam,
1148 2863 1176 2912 et
1190 2876 1245 2930 quo
1260 2877 1278 2914 a
1291 2877 1336 2914 me
1347 2860 1473 2931 fugerem
1487 2877 1542 2915 non
1558 2866 1628 2916 erat.
1647 2862 1679 2916 Et
1691 2861 1715 2915 si
1725 2877 1769 2915 oo·

130 2952 201 3008 elios
214 2952 432 3009 contubernales
450 2968 525 3017 suos,
549 2951 684 3006 nimirum
707 2951 781 3022 apud
803 2950 930 3005 Treviros
971 2945 1060 3001 nabar
1074 2963 1092 3001 a
1106 2964 1152 3001 me
1166 2954 1292 3003 avertere
1310 2955 1464 3020 aspectum,
1481 2949 1615 3005 narrabat
1629 2951 1676 3005 ille
1691 2949 1767 3020 quod

129 3058 194 3097 cum
207 3041 364 3114 imperator
384 3040 576 3112 pomeridiano
592 3039 758 3095 circensium
773 3039 930 3111 spectaculo
971 3034 1114 3102 narrabat,
1127 3040 1156 3090 et
1169 3041 1201 3091 tu
1208 3054 1359 3092 merursus
1372 3039 1532 3110 opponebas
1540 3039 1654 3100 mihiet
1664 3038 1767 3109 impin-

128 3135 287 3197 teneretur,
300 3129 401 3185 exiisse
426 3129 637 3184 deambulatum
665 3129 696 3183 in
719 3129 815 3183 hortos
843 3122 1058 3203 muriscgebas
1069 3140 1114 3178 me
1128 3124 1157 3178 in
1166 3126 1262 3180 oculos
1276 3142 1362 3192 meos,
1379 3132 1411 3180 ut
1420 3127 1574 3183 invenirem
1589 3127 1768 3200 iniquitatem

129 3219 288 3290 contiguos,
297 3218 443 3290 atqueillic
451 3218 559 3273 utforte
569 3217 718 3272 combinati
726 3215 929 3289 spatiabantur,
973 3230 1064 3268 meam
1076 3220 1105 3269 et
1114 3214 1245 3269 odissem.
1257 3217 1396 3271 Noveram
1407 3233 1479 3283 earn,
1488 3218 1536 3272 sed
1544 3215 1766 3285 dissimulabam,

128 3322 219 3363 unam
226 3323 469 3373 aecumseorsum‚
479 3313 508 3362 et
517 3306 588 3361 alios
600 3307 671 3361 duos
682 3306 779 3361 itidem
791 3321 928 3370 seorsum,
973 3308 1001 3357 et
1015 3303 1206 3358 connivebam.
1221 3308 1250 3358 et
1264 3303 1455 3359 obliviscebar.
1471 3305 1550 3359 Tunc
1575 3322 1638 3359 vero
1662 3310 1768 3376 quanto

128 3397 294 3469 pariterque
307 3395 462 3466 digressos3
474 3395 523 3450 sed
536 3395 598 3449 illos
613 3394 792 3465 vagabundos
801 3393 928 3459 irruisse,
972 3391 1117 3446 ardentius
1128 3390 1367 3446 amabamillosde
1375 3392 1630 3463 quibusaudiebam
1641 3393 1768 3449 salubres

128 3484 159 3540 iu
170 3484 325 3557 quamdam
336 3500 439 3551 casam,
450 3483 499 3539 ubi
508 3483 673 3539 habitabant
682 3484 795 3556 quidem
807 3483 932 3539 servitui
973 3479 1099 3542 affectus,
1109 3480 1183 3552 quod
1198 3479 1364 3534 setotostibi
1377 3481 1518 3534 sanandos
1531 3481 1676 3547 dederant,
1688 3486 1768 3536 tento

129 3575 234 3648 spiritu
256 3590 404 3646 pauperes,
432 3573 557 3644 qualium
587 3578 630 3629 est
654 3589 771 3644 regnum
798 3573 931 3627 coelorum
973 3572 1169 3628 exsecrabilius
1192 3591 1236 3627 mc
1251 3578 1443 3645 comparatum
1459 3574 1499 3628 eis
1514 3575 1630 3629 oderam
1652 3572 1693 3647 (S.
1707 3573 1768 3631 Au·
1826 3624 1833 3629 .

128 3664 243 3734 (Multis.
261 3665 299 3733 s),
315 3666 343 3716 et
354 3661 493 3716 invenisse
506 3661 546 3717 ibi
565 3662 695 3717 Codioem
710 3661 739 3715 in
760 3676 815 3733 quo
827 3660 930 3730 scripta
971 3668 1056 3730 pust,
1071 3665 1118 3717 lib.
1137 3676 1185 3716 uu
1200 3663 1329 3730 Confert,
1345 3679 1367 3716 c.
1384 3661 1440 3731 27).
1456 3682 1467 3713 a

130 3757 193 3806 erat
207 3750 275 3806 vita
287 3751 377 3806 sancti
396 3751 520 3806 Antonii.
541 3751 633 3816 Quam
647 3752 740 3821 legere
760 3749 844 3820 coepit
857 3764 930 3802 unus
1008 3751 1062 3805 Sed
1069 3752 1130 3821 jam
1145 3756 1210 3806 ante
1223 3750 1286 3806 urbi
1301 3751 1462 3807 innotuerat
1473 3751 1588 3807 Antonii
1604 3753 1678 3818 Vita,
1695 3752 1769 3808 l'elici

132 3856 242 3907 eorum,
254 3844 285 3894 et
297 3839 405 3906 mirari,
420 3844 450 3894 et
456 3839 570 3894 accendi
578 3844 607 3894 et
616 3839 691 3893 inter
706 3839 856 3909 legendum
870 3853 930 3891 me·
972 3840 1244 3895 AthanasiiRomam
1252 3841 1382 3912 appulsu,
1392 3842 1439 3913 qui
1450 3841 1770 3912 ejusdemadhucviven·

133 3929 219 3984 ditari
229 3928 356 4001 arripere
369 3928 455 3984 talem
470 3929 566 3995 vitam,
579 3928 713 3983 etrelicta
728 3927 829 3982 militia
844 3942 931 3982 saecu-
973 3928 1010 3983 tis
1024 3929 1154 3984 notitiam
1167 3935 1195 3983 et
1205 3929 1338 4000 preclara
1348 3930 1422 3984 dicta
1436 3929 1564 4002 tactaque
1573 3931 1706 3986 Romanis
1722 3947 1769 3985 ex·

132 4018 185 4073 lari
200 4017 375 4073 serviretibi.
386 4017 453 4072 Erat
460 4021 555 4072 autem
570 4034 603 4072 ex
612 4017 653 4071 eis
665 4016 837 4089 quosdicunt
846 4031 932 4085 agen·
973 4018 1075 4090 posuit.
1087 4018 1167 4081 Quod
1182 4017 1244 4073 vitae
1252 4034 1342 4089 genus
1357 4018 1392 4073 ad
1407 4035 1505 4074 ornnes
1519 4020 1688 4091 evangelice
1707 4036 1770 4092 pcr-

133 4112 175 4162 tes
191 4107 224 4161 in
238 4105 337 4163 rebus.
973 4107 1101 4162 fectionis
1111 4124 1242 4163 numeros
1255 4113 1482 4179 attemperatum,
1495 4109 1580 4164 etiam
1590 4109 1770 4164 nobilissimae

168 4194 373 4251 e'luncsubito
386 4195 510 4266 repletus
516 4211 613 4250 amore
622 4200 728 4261 sancto,
741 4193 869 4249 etsobrio
879 4209 933 4265 pu·
973 4195 1107 4252 Romana
1120 4196 1231 4251 leminea
1249 4197 1404 4251 consectari
1419 4203 1572 4269 coeperunt.
1584 4198 1682 4254 Tradit
1695 4197 1770 4253 enim

134 4285 201 4342 dore
216 4283 309 4339 iratas
323 4283 432 4346 itasibi.
439 4284 659 4355 conjecitoculos
666 4284 695 4339 in
709 4283 841 4350 amicum,
854 4288 883 4338 et
893 4282 934 4337 ait
973 4283 1032 4340 haec
1045 4285 1080 4339 de
1100 4285 1143 4338 his
1165 4291 1277 4339 sanctus
1292 4285 1480 4356 Hieronymus
1495 4307 1500 4339 :
1521 4285 1631 4340 «Nulla
1649 4303 1683 4341 eo
1697 4291 1770 4340 tem·

133 4371 189 4428 illi:
203 4372 267 4438 uic,
284 4387 377 4443 quaeso
391 4376 430 4439 te,
446 4371 576 4427 omnibus
594 4371 656 4426 ratis
673 4370 815 4427 laboribus
828 4371 931 4429 nostris
973 4390 1040 4446 pore
1047 4372 1184 4428 nobilium
1195 4373 1364 4429 feminarum
1373 4375 1588 4430 noveratRomae
1596 4374 1770 4446 propositum

135 4477 189 4534 quo
200 4459 344 4516 ambimus
355 4461 520 4535 peruenire?
534 4460 601 4531 quid
612 4460 763 4531 quaerimus
777 4461 789 4514 t
802 4463 883 4531 cujus
891 4461 932 4516 rei
943 4458 1176 4518 Dmonachorum
1191 4481 1198 4530 ;
1214 4479 1265 4517 nec
1277 4463 1399 4518 audebat
1421 4468 1535 4535 propter
1551 4462 1592 4518 rei
1606 4463 1768 4531 novitatem,

135 4565 221 4606 ausa
236 4549 411 4605 militamus?
424 4550 551 4620 Majorne
564 4565 625 4604 esse
640 4549 743 4621 peterit
756 4566 819 4621 spes
838 4555 935 4605 nostra
975 4550 1194 4621 ignominiosum
1210 4554 1251 4619 (ut
1263 4559 1331 4607 tunc
1342 4552 1504 4625 putabatur)
1515 4557 1544 4606 et
1558 4552 1610 4606 vile
1621 4552 1649 4606 in
1659 4552 1770 4624 populis

135 4639 164 4695 iu
177 4638 296 4712 palatio,
310 4637 838 4711 quamutamiciimperatorissimusl
851 4639 935 4693 Etibi
974 4657 1077 4695 nornen
1101 4657 1255 4699 assumere.
1276 4642 1341 4697 Haec
1356 4641 1507 4711 (Marcella)
1528 4639 1563 4694 ab
1576 4640 1772 4696 Alexandrinis

136 4728 205 4801 quid
222 4743 281 4783 non
293 4727 393 4797 tragile
406 4727 578 4800 plenumque
591 4727 741 4800 periculis?
754 4728 790 4783 Et
802 4742 853 4799 per
866 4731 936 4799 quot
975 4731 1055 4802 prius
1073 4731 1275 4799 sacerdotibus,
1291 4748 1418 4803 papaque
1437 4730 1601 4797 Athanasio,
1627 4736 1656 4786 et
1673 4736 1772 4801 postea

136 4816 935 4891 periculaperveniturodgrandiuspericulumletquan·
975 4820 1069 4880 Petro.
1082 4820 1358 4892 quipersecutionern
1367 4819 1772 4876 Arianaehaereseosdeclinan·

136 4905 184 4962 diu
197 4904 277 4961 istud
290 4904 364 4960 erit?
374 4905 489 4962 Amicus
508 4910 603 4961 autem
616 4906 677 4971 Dei,
693 4907 717 4962 si
732 4908 854 4975 voluero,
871 4923 933 4962 ecce
974 4913 1026 4975 tes,
1040 4909 1120 4980 quasi
1129 4910 1165 4964 ad
1175 4908 1349 4965 tutissimum
1358 4909 1563 4965 communionis
1572 4926 1629 4966 sure
1644 4914 1767 4982 portum,

135 5009 212 5052 nuuc
224 4992 361 5051 nanim
379 4993 443 5062 hoc,
459 5000 488 5049 et
505 4995 635 5065 turgidus
649 4995 834 5068 parturitione
856 5012 933 5051 novae
974 4998 1092 5054 Romam
1102 4998 1293 5068 confugerant,
1301 4996 1387 5050 vitam
1396 4996 1471 5052 beati
1478 4999 1594 5053 Antonii
1604 4999 1695 5053 adhuc
1705 4995 1772 5053 tunc

136 5083 209 5150 rire,
225 5082 349 5140 reddidit
371 5084 466 5140 oculos
490 5083 608 5158 paginis,
626 5090 656 5139 et
665 5084 784 5156 legebat,
802 5090 831 5139 et
843 5090 934 5140 muta·
973 5087 1101 5154 uirentis,
1118 5085 1408 5156 monasteriorumque
1421 5085 1452 5142 in
1464 5086 1607 5142 Thebaide
1617 5086 1770 5154 Pachomii‚

136 5169 219 5229 batur
239 5172 327 5241 intus,
347 5172 397 5229 ubi
417 5177 450 5228 tu
473 5172 596 5239 videbas,
616 5178 646 5227 et
659 5172 814 5228 exuebatur
827 5174 933 5230 mundo
975 5180 1004 5231 et
1018 5176 1159 5247 virginum
1173 5191 1205 5230 ac
1226 5173 1374 5229 viduarum
1399 5175 1497 5230 didicit
1515 5175 1702 5247 disciplinam,
1719 5191 1772 5230 nec

137 5275 216 5317 mem
229 5261 302 5332 ejus,
317 5265 351 5318 ut
363 5277 428 5323 mox
445 5262 584 5335 appamit.
600 5262 729 5334 Namque
743 5262 812 5319 dum
821 5263 893 5337 legit
906 5269 936 5321 et
975 5263 1089 5321 erubuit
1107 5263 1232 5336 profiteri
1248 5264 1322 5336 quod
1342 5263 1454 5320 Christo
1475 5265 1586 5336 placere
1604 5268 1774 5337 cognoverat

139 5348 225 5406 voluit
237 5350 342 5406 ttuctm
349 5350 442 5407 cordis
455 5351 509 5419 sui,
520 5350 667 5409 intremuit
676 5351 827 5425 aliquando
837 5358 866 5410 et
875 5355 933 5411 dis·
976 5354 1073 5428 (Hier,
1093 5356 1129 5408 ad
1138 5355 1275 5423 Priario,
1291 5356 1366 5424 epist.
1385 5352 1464 5423 16).»

143 5436 234 5508 ecrit.
250 5438 430 5514 decrevitque
443 5440 570 5510 meliora3
581 5442 698 5514 jamque
711 5448 778 5500 tuus
791 5444 832 5501 ait
844 5444 934 5502 amico
1013 5444 1079 5500 Hac
1092 5442 1141 5497 illa
1155 5442 1312 5498 Occidentis
1327 5443 1419 5499 telicia
1426 5443 1557 5515 germina
1568 5443 1612 5498 vel
1626 5443 1661 5498 ab
1676 5459 1733 5499 uno
1740 5459 1773 5498 ex

146 5539 210 5582 suo:
231 5527 290 5602 ligo
298 5529 361 5602 jam
370 5528 470 5606 abrupi
482 5546 528 5587 me
542 5529 636 5586 abillo
651 5547 701 5605 spe
712 5536 819 5602 nostra,
836 5538 865 5591 et
877 5535 936 5591 Deo
978 5533 1092 5594 Oriente
1102 5532 1196 5588 delato
1202 5532 1308 5588 semine
1313 5538 1476 5605 propagata.
1488 5532 1652 5604 Fulgentius
1662 5547 1773 5605 quoque

149 5615 350 5691 musaeus,
360 5623 390 5680 et
401 5618 500 5683 bocer
510 5620 581 5682 hore
589 5619 644 5680 hec
655 5620 686 5682 in
700 5620 754 5682 boc
765 5623 827 5683 loco
839 5640 940 5698 eggree
976 5622 1130 5687 nuaram
1138 5621 1391 5682 constitutusllites
1397 5620 1665 5695 Patramlegeus,ad
1674 5635 1773 5677 eorum
