3818 6120
129 272 195 341 '1101
758 282 930 341 HISTORIA
948 283 1138 343 navamus.
1695 292 1765 356 1102

127 407 280 463 eratenim
294 407 372 464 vultu
387 406 476 465 nitido
482 414 511 464 et
517 407 612 476 alacri,
620 407 690 464 adeo
705 413 737 465 ut
748 426 812 464 cum
825 411 867 465 vel
879 413 1033 471 so·Aeum
1044 412 1195 484 aliquando
1208 419 1333 481 venerat,
1349 419 1378 471 ct
1391 419 1555 472 vestessuas
1564 417 1761 488 occultaverat,
1798 485 1801 492 ,

127 497 188 552 lum
199 496 349 564 videretur,
370 498 412 552 vir
431 504 504 552 esset
519 498 700 554 reverendus.
718 498 746 554 ls
766 516 830 555 curu
843 500 927 572 longe
967 516 1031 556 cum
1042 518 1137 557 coram
1147 502 1278 560 omnibus
1286 504 1434 575 arguisset,
1446 505 1476 560 in
1484 506 1607 561 medium
1620 509 1762 579 produxit.

125 591 194 642 aute
204 603 235 642 se
244 587 274 642 in
289 587 423 643 ulteriore
437 587 607 643 exercuisset
614 588 774 654 solitudine,
789 595 887 661 postea
897 590 927 645 in
967 591 1028 654 Quo
1041 591 1147 647 sactum
1159 597 1242 647 estut
1251 609 1334 648 nemo
1344 594 1461 649 auderet
1473 595 1604 668 deinceps
1614 598 1688 668 apud
1699 615 1764 654 eum

127 676 254 747 propiori
267 676 417 731 solitudine
432 677 612 748 congregavit
627 679 808 745 monasteria,
825 679 927 750 palude
968 680 1093 745 mentiri,
1105 697 1168 737 cum
1182 687 1290 736 tantam
1304 683 1651 756 huberetgratiam,quam
1660 688 1763 758 perho·

127 764 251 837 propriis
265 764 393 837 plantata
407 766 546 833 manibus,
558 782 622 821 cum
634 767 711 838 ligna
725 784 781 823 non
796 769 927 825 essentin
968 775 1075 824 nestum
1089 786 1170 825 suam
1183 771 1270 825 vitam
1283 771 1337 826 sihi
1354 772 1514 843 collegerat.
1535 775 1650 831 Licebat
1668 782 1763 832 autem

128 869 162 909 eo
173 854 242 920 loco,
251 855 321 909 adeo
329 860 440 910 utesaet
450 855 538 911 densa
552 856 622 911 silva
632 856 662 911 in
672 857 833 913 solitudine.
843 858 927 913 Dixe-
967 858 1062 913 videre
1076 859 1287 915 multitudinem
1297 877 1394 916 eorum
1406 862 1453 932 qui
1468 879 1531 917 cum
1545 863 1606 935 ipso
1620 871 1765 921 erantmo-

128 949 198 998 runt
211 944 286 998 enim
306 943 386 999 nobis
400 943 526 1014 quicum
540 961 573 1000 eo
588 946 877 1017 erantPatres,quod
892 963 927 1002 ne
968 948 1122 1002 nachorum
1144 948 1173 1003 in
1195 949 1321 1017 ecclesia,
1337 956 1473 1022 tanquam
1487 953 1652 1023 angelorum
1665 956 1765 1011 choros

127 1049 246 1104 genuen
266 1033 381 1104 quidem
401 1033 543 1101 illiceret,
559 1035 671 1106 quando
689 1035 733 1089 vir
745 1035 792 1090 ille
805 1036 882 1092 venit
895 1053 928 1092 ex
968 1036 1058 1092 Deum
1076 1036 1262 1093 laudantium.

129 1122 291 1177 solitudine.
301 1124 394 1195 Ipsam
405 1128 499 1178 autem
508 1124 653 1194 plantavit,
661 1129 817 1196 nepropter
826 1142 870 1180 res
882 1142 930 1181 ne·
1005 1126 1135 1196 Magnam
1149 1127 1327 1195 huicsancto,
1341 1145 1392 1184 suo
1401 1129 1563 1186 testimonio
1575 1131 1674 1188 tribuit
1681 1133 1766 1188 virtu-

128 1211 276 1278 cesserim,
293 1211 341 1282 qui
351 1211 387 1266 ad
401 1210 494 1283 ipsum
508 1212 711 1269 conveniebant
722 1215 833 1280 fratres,
849 1231 929 1286 coge·
969 1218 1027 1269 tem
1042 1215 1173 1270 universa
1192 1216 1353 1272 fraternitas
1371 1236 1377 1272 :
1394 1219 1534 1290 praecipue
1549 1225 1644 1275 autem
1664 1222 1766 1278 ancilla

128 1304 230 1355 rentur
240 1301 373 1368 circuire;
390 1301 438 1355 sed
454 1317 551 1356 eorum
566 1318 677 1356 omnem
690 1302 807 1373 gerebat
820 1320 926 1372 curam,
969 1303 1021 1357 Dei
1035 1302 1164 1371 Melania,
1190 1321 1251 1375 quae
1274 1306 1349 1360 hunc
1372 1313 1496 1362 montem
1515 1313 1581 1362 ante
1600 1326 1645 1363 mc
1665 1315 1708 1364 est
1722 1310 1766 1364 in·

129 1389 222 1445 Deum
236 1406 329 1455 orans,
339 1396 368 1445 et
377 1407 427 1462 pro
439 1407 537 1445 eorum
547 1391 637 1446 salute
650 1392 806 1460 decertans,
820 1393 929 1449 utuihil
968 1407 1075 1461 gressa.
1092 1393 1150 1463 Ego
1160 1393 1235 1447 enim
1251 1410 1316 1448 eum
1331 1411 1386 1449 non
1402 1396 1504 1450 silendi
1517 1396 1620 1454 vivum.
1636 1398 1702 1452 Hac
1715 1414 1767 1453 au-

130 1478 171 1533 eis
185 1479 297 1535 deesset
304 1480 503 1546 necessarium,
517 1497 567 1535 nec
575 1487 649 1536 esset
659 1482 699 1536 eis
713 1482 786 1537 ullus
795 1483 929 1539 socordiae
969 1484 1028 1534 tem
1042 1482 1176 1552 praeclara
1190 1482 1225 1536 de
1244 1483 1296 1538 hoc
1313 1483 1373 1538 viro
1392 1483 1535 1551 narrabat,
1551 1484 1626 1556 quod
1647 1503 1698 1541 nec
1712 1503 1767 1542 un·

129 1570 327 1641 praetextusls
341 1569 463 1640 primum
479 1569 594 1641 quidem
604 1571 708 1642 degens
722 1572 752 1627 in
765 1573 924 1639 solitudine,
970 1585 1055 1640 quam
1067 1571 1105 1627 sit
1117 1572 1262 1637 mentitus,
1274 1589 1364 1643 neque
1372 1573 1519 1643 juraverit,
1532 1590 1623 1647 neque
1637 1575 1766 1632 ullimale

129 1657 295 1712 vescebatur
305 1658 432 1713 hcrhiset
441 1659 569 1714 dulcibus
578 1660 718 1716 radicibus
730 1679 736 1715 ε
749 1678 853 1733 aquam
863 1679 929 1734 quo·
969 1659 1160 1731 sitprecatus,
1175 1676 1267 1732 neque
1281 1660 1390 1716 locutus
1405 1661 1442 1716 sit
1456 1661 1511 1716 nisi
1526 1678 1596 1734 opus
1610 1671 1693 1719 esset.

130 1762 187 1818 que
201 1746 313 1804 bibebat
319 1747 603 1819 quandoinreuiebat,
611 1749 640 1805 iu
647 1750 808 1822 precihnset
818 1752 961 1828 hymnisss
1282 1785 1399 1842 CAPUT
1412 1787 1437 1840 Χ

129 1837 930 1914 tototemporeperseverans.Postquamautempervenit
1007 1870 1012 1878 ·
1440 1827 1446 1840 ’
1584 1871 1586 1875 ·

131 1924 168 1980 ad
177 1925 329 1996 perfectam
340 1930 450 1981 aetatem
460 1928 621 1995 senectutis,
633 1930 752 2000 angelus
766 1931 792 1985 ei
799 1932 931 2002 apparuit
1187 1912 1245 1965 ΠΜ
1258 1911 1364 1966 abbam
1375 1913 1475 1966 pamm
1488 1910 1551 1984 (25)-

129 2013 162 2068 in
176 2014 292 2081 somnis,
308 2015 404 2070 dicens
418 2016 447 2070 iu
460 2016 611 2072 solitudine
623 2037 630 2072 t
642 2019 704 2073 Eris
713 2019 863 2090 ingentem
873 2037 930 2076 ma·
1005 2016 1097 2087 liujus
1111 2017 1214 2072 montis
1229 2018 1323 2072 accola
1335 2017 1481 2073 fuitetiam
1491 2018 1578 2074 abbas
1592 2019 1707 2089 Pambo,
1718 2021 1768 2092 qui

128 2118 227 2174 gnam
238 2108 267 2158 et
277 2119 396 2175 maguus
404 2111 461 2160 tua
471 2105 536 2160 fidei
544 2107 809 2180 credeturpopulus.
819 2110 872 2174 Qui
880 2126 932 2182 per
970 2102 1025 2158 suit
1040 2104 1175 2176 magister
1187 2104 1315 2161 Dioscuri
1324 2106 1447 2177 episcopi
1461 2108 1604 2163 Ammouii
1615 2114 1644 2164 et
1655 2108 1768 2164 Eusebii

131 2196 161 2247 te
176 2196 272 2247 autem
282 2193 350 2247 salvi
366 2193 536 2261 fient‚emnt
548 2195 640 2250 decies
654 2195 733 2252 mille
747 2215 753 2251 :
769 2213 839 2269 quos
851 2199 875 2253 si
887 2199 931 2254 hic
971 2197 1000 2247 et
1015 2192 1158 2265 Euthymii
1179 2194 1308 2261 fratrum,
1329 2201 1357 2250 et
1379 2194 1508 2266 Origenis
1529 2196 1580 2251 lilii
1604 2196 1656 2267 (26)
1672 2198 1767 2253 fratris

131 2280 312 2349 lucrifeceris,
328 2281 446 2338 totidem
456 2282 508 2338 tibi
521 2283 660 2357 parebunt
669 2286 698 2340 in
709 2286 804 2359 futuro
818 2288 929 2344 meula.
971 2281 1114 2337 Dracontii
1127 2281 1179 2336 riri
1200 2283 1318 2338 illustris
1338 2288 1367 2339 et
1388 2283 1572 2339 admirabilis.
1589 2286 1641 2341 Hic
1661 2285 1767 2342 Pambo

132 2370 233 2442 Neque
252 2371 405 2442 quidquam
417 2371 598 2440 dubitaveris,
615 2374 655 2429 ait
666 2375 691 2429 ei
705 2377 829 2446 Angelus
841 2395 847 2430 :
859 2377 931 2431 nihil
970 2370 1061 2426 multa
1074 2371 1186 2441 quidem
1202 2371 1323 2427 habehat
1333 2372 1447 2427 etruria
1456 2373 1602 2446 privilegia
1614 2393 1619 2429 :
1632 2375 1706 2431 inter
1715 2391 1769 2431 coe·

134 2459 210 2513 enim
223 2459 274 2515 tibi
287 2461 397 2516 deliciet
411 2478 508 2517 eorum
519 2479 580 2534 quae
591 2468 658 2518 sunt
668 2464 703 2519 ad
713 2481 930 2520 usumnecessa-
971 2464 1033 2513 iem
1046 2465 1141 2516 ”utem
1154 2477 1215 2531 ΨΜ
1231 2465 1305 2515 fecte
1319 2459 1348 2516 ei
1366 2477 1401 2516 ΘΧ
1415 2462 1518 2518 lilium
1531 2462 1566 2518 ab
1581 2480 1614 2518 0⁰
1629 2464 1769 2535 deleban-

133 2548 188 2616 ria,
200 2549 331 2621 usquead
344 2556 464 2605 mortem
474 2556 562 2618 tuam,
574 2553 779 2623 quotieslleum
790 2554 932 2610 iuvocare·
972 2553 1028 2614 tur,
1047 2549 1099 2603 boc
1112 2548 1234 2605 habebat
1254 2566 1309 2621 (111⁰
1329 2556 1391 2605 emt
1404 2551 1520 2622 reliquis
1535 2552 1672 2623 superior,
1694 2555 1768 2626 quod

133 2637 184 2692 ris.
196 2639 261 2693 Haec
270 2639 933 2714 cumaudisset‚v0nitadpropinquamsolitudi.
973 2636 1078 2692 scilicet
1092 2653 1193 2693 aurum
1217 2644 1246 2694 et
1268 2645 1417 2710 argentum
1437 2640 1616 2712 despiciebat,
1632 2650 1770 2713 quantum

134 2743 212 2790 nem,
232 2744 359 2783 seorsum
374 2729 497 2800 primum
518 2730 632 2801 degens,
644 2730 697 2785 sihi
713 2732 835 2803 quodam
849 2749 932 2803 parvo
973 2727 1097 2798 postulat
1111 2727 1182 2783 ratio
1198 2727 1346 2783 dominica.
1364 2729 1445 2784 Unde
1459 2729 1528 2784 mihi
1547 2731 1672 2786 narravit
1688 2731 1770 2788 beata

134 2821 295 2872 constructa
315 2818 466 2888 tuguriolo,
490 2818 581 2873 solum
600 2819 762 2891 compositis
785 2825 933 2876 contentus
973 2814 1096 2870 Melania
1105 2817 1179 2886 quod
1194 2832 1258 2871 cum
1272 2816 1307 2870 ab
1320 2816 1401 2871 initio
1416 2818 1507 2872 Roma
1519 2819 1639 2875 venisset
1653 2821 1772 2878 Alexan·

136 2904 276 2973 oleribus3
286 2922 359 2977 saepe
369 2907 456 2961 etiem
466 2907 554 2962 semel
568 2908 659 2962 solum
669 2924 782 2963 vescens
790 2909 819 2963 in
831 2907 934 2964 hebdo-
974 2904 1076 2964 driam.
1096 2904 1172 2959 etde
1187 2906 1248 2975 ejus
1263 2906 1366 2961 virtute
1381 2905 1518 2961 audiisset
1531 2922 1549 2960 a
1567 2905 1650 2963 beato
1663 2910 1771 2966 Isidoro

134 2993 230 3048 mada.
246 2995 338 3066 Atque
351 2995 531 3066 eratquidem
545 2996 667 3067 primum
681 2996 847 3065 illiteratus3
859 3001 934 3068 post-
974 2993 1138 3065 presbytero
1149 3000 1178 3048 et
1191 2994 1361 3059 xenodocho,
1374 2994 1422 3065 qui
1432 2994 1467 3050 de
1476 3011 1510 3049 eo
1521 2995 1590 3050 mihi
1600 2997 1734 3062 narravit,
1743 3001 1773 3051 et

134 3098 221 3155 quam
232 3087 327 3137 autem
337 3083 453 3138 renites
463 3082 1010 3153 solitudineinterramhabitatam,Cad
1025 3083 1118 3154 ipsum
1135 3082 1251 3138 deduxit
1270 3083 1300 3137 in
1314 3082 1503 3138 solitudinem.
1519 3083 1651 3151 Adsum,
1668 3084 1770 3152 aiebat,

135 3170 162 3224 ei
176 3171 269 3241 gratia
280 3171 333 3226 luit
344 3172 412 3226 dala
425 3173 567 3238 divinitus,
576 3177 606 3227 et
618 3173 777 3245 Scripturas
790 3189 935 3246 expromo·
974 3171 1057 3225 attuli
1072 3188 1138 3226 vasa
1152 3178 1287 3243 argentea
1298 3177 1488 3227 trecentarum
1502 3172 1637 3227 librarum
1650 3173 1770 3244 argenti,

134 3257 187 3312 bat
200 3259 374 3314 memoriter.
390 3261 421 3315 Ei
436 3261 512 3316 enim
531 3260 603 3315 libro
624 3261 689 3316 dato
704 3279 721 3316 a
734 3261 878 3326 iratribus,
895 3261 935 3315 ita
975 3275 1079 3329 rogans
1094 3277 1159 3314 eum
1174 3266 1206 3315 ut
1221 3277 1316 3315 rerum
1331 3277 1458 3316 mearum
1474 3267 1547 3315 esset
1559 3261 1708 3333 particeps.
1722 3261 1772 3317 lllo

135 3346 268 3420 deinceps
281 3348 392 3419 legebat
405 3355 541 3422 tanquam
547 3351 654 3421 peritus
660 3351 830 3406 litterarum.
842 3351 933 3405 Aliam
975 3353 1079 3416 autem,
1091 3348 1191 3420 inquit,
1210 3364 1339 3419 operans,
1357 3354 1386 3403 et
1404 3365 1498 3403 ramos
1510 3355 1607 3404 texens
1622 3349 1691 3404 mihi
1702 3349 1773 3422 bene

136 3443 282 3509 quoque!
292 3444 350 3505 15
358 3443 504 3510 acceperat
517 3440 649 3510 gratiam,
660 3456 761 3510 nempe
775 3439 934 3493 daemonum
975 3436 1056 3503 dixit,
1072 3453 1137 3491 voce
1156 3452 1259 3507 magna
1272 3437 1465 3492 dicens:Deus
1479 3437 1528 3492 det
1538 3437 1589 3492 tibi
1603 3438 1772 3496 mercedem.

137 3525 375 3598 expellendorum,
387 3527 456 3582 adeo
466 3532 498 3582 ut
512 3528 593 3583 multi
608 3543 641 3582 ex
650 3527 686 3582 iis
696 3528 745 3598 qui
759 3526 933 3593 laborabant,
976 3525 1146 3580 Etdixitsuo
1162 3541 1306 3580 oeconomo
1319 3525 1434 3596 Origeni
1449 3526 1516 3597 [Aa
1529 3525 1690 3599 Theodoro]
1700 3541 1707 3575 t
1718 3529 1773 3582 Ac·

137 3615 225 3670 etiam
240 3629 274 3669 eo
287 3615 409 3681 nolente,
418 3616 570 3671 clamantes
580 3616 642 3688 eius
651 3616 737 3670 vitam
745 3616 934 3671 ostenderent.
976 3613 1048 3685 cipe,
1059 3618 1088 3668 et
1099 3630 1134 3668 ea
1145 3613 1277 3684 dispensa
1294 3613 1431 3668 universa
1440 3613 1611 3669 fraternitati
1621 3631 1683 3685 quae
1692 3614 1774 3670 estin

137 3703 216 3759 Alias
231 3719 341 3775 quoque
350 3704 509 3760 curationes
518 3722 575 3760 nou
584 3705 713 3760 cessabat
723 3705 937 3777 peragereQuo
978 3701 1065 3774 Libya
1080 3703 1147 3757 etin
1161 3702 1269 3757 insulis.
1284 3703 1350 3757 llaec
1363 3702 1440 3756 enim
1455 3703 1626 3759 monasteria
1636 3702 1775 3775 megistu-

137 3792 244 3848 iactum
259 3798 347 3848 estut
360 3793 472 3849 adeum
486 3794 667 3849 convenirent
677 3794 733 3849 tria
744 3793 833 3848 millia
843 3809 939 3848 mona·
979 3791 1076 3861 digent
1095 3809 1102 3858 ;
1125 3791 1150 3845 ei
1171 3791 1334 3863 precipiens
1348 3798 1381 3846 ut
1399 3807 1432 3846 ex
1445 3807 1478 3846 eo
1494 3792 1565 3846 nibil
1579 3792 1660 3847 daret
1674 3792 1709 3846 iis
1723 3791 1773 3863 qui

138 3882 268 3938 moratu.
280 3882 407 3937 Cumeos
421 3887 515 3937 autem
530 3882 573 3936 vir
583 3883 631 3938 ille
639 3882 764 3948 vidisset,
770 3881 939 3937 laetitiaatle·
978 3885 1061 3934 erant
1072 3880 1102 3934 in
1111 3879 1241 3951 AEgypto,
1258 3888 1407 3952 propterea
1421 3879 1496 3950 quod
1510 3880 1548 3935 sit
1557 3881 1634 3951 regio
1649 3880 1735 3935 ditior
1747 3886 1776 3936 et

139 3975 202 4027 ctus
217 3987 265 4026 eos
278 3971 419 4038 salutavit,
430 3976 458 4026 et
464 3971 625 4043 complexus
637 3977 689 4026 est.
706 3971 777 4025 Cum
792 3970 878 4042 pedes
890 3986 939 4025 eo·
979 3968 1175 4023 abundantior.
1191 3969 1250 4038 Ego
1264 3974 1370 4033 autom,
1381 3968 1483 4039 inquit,
1493 3973 1572 4023 stans
1578 3967 1776 4040 exspectabam

139 4076 203 4114 rum
219 4059 341 4132 propriis
364 4060 485 4114 meamet
507 4059 646 4126 manibus,
672 4075 822 4115 conversus
843 4064 887 4112 est
900 4057 937 4112 ad
978 4062 1012 4111 ut
1026 4056 1068 4110 vel
1083 4054 1324 4111 benedictionibus
1342 4055 1378 4110 ab
1394 4072 1427 4110 eo
1446 4057 1610 4124 honorarer,
1627 4058 1671 4113 rel
1691 4057 1776 4113 serbo

138 4148 310 4216 doctrinam
331 4153 392 4202 erat
413 4149 490 4203 enim
503 4149 583 4203 valde
597 4148 704 4219 peritus
718 4148 888 4212 litterarum,
904 4150 937 4200 ut
977 4145 1078 4199 saltem
1092 4145 1222 4199 laudarer
1236 4143 1272 4198 ob
1286 4148 1396 4198 lantum
1408 4143 1525 4199 donum.
1542 4144 1613 4199 (lum
1626 4160 1691 4200 vero
1705 4145 1777 4200 nihil

138 4237 188 4308 qni
201 4237 273 4291 hauc
287 4237 409 4308 gratiam
430 4236 582 4308 accepisset
602 4236 744 4291 divinitus.
762 4237 832 4291 Cum
843 4239 937 4289 autem
979 4232 1093 4286 omuino
1105 4231 1140 4285 ab
1159 4247 1192 4286 eo
1206 4231 1369 4297 audiissem,
1385 4231 1411 4286 ei
1422 4231 1482 4286 dixi
1497 4244 1504 4280 t
1520 4231 1649 4298 Domine,
1661 4236 1694 4286 ut
1702 4231 1776 4286 scias

138 4326 348 4397 Scripturarum
362 4327 452 4381 multa
458 4325 586 4381 solvisset
600 4325 701 4397 capita,
715 4331 743 4380 et
757 4325 841 4379 tidem
853 4323 939 4378 tradi·
980 4324 1115 4391 quantum
1130 4320 1177 4386 sit,
1192 4325 1260 4374 suut
1272 4324 1404 4375 trecentae
1418 4319 1496 4374 librae
1507 4320 1626 4390 argenti.
1643 4320 1670 4374 ls
1680 4325 1776 4374 autem

139 4414 227 4469 disset
241 4414 436 4481 orthodoxam,
452 4414 619 4469 adhortatus
633 4419 677 4469 est
689 4415 725 4468 ad
741 4429 845 4485 preces:
862 4411 1078 4496 VirisDrursus
1092 4425 1155 4463 cum
1168 4408 1204 4462 ad
1218 4408 1271 4464 hoc
1285 4425 1320 4464 ne
1334 4409 1450 4464 omnino
1461 4408 1575 4480 quidem
1582 4408 1737 4474 annuisset,
1748 4413 1777 4463 et

139 4503 217 4558 enim
231 4503 341 4573 magnis
355 4518 416 4558 mos
425 4507 477 4569 est,
486 4502 556 4557 nihil
570 4503 662 4558 carnis
677 4503 836 4569 admittere,
849 4501 938 4572 prius-
980 4513 1031 4553 nec
1044 4497 1159 4552 adrams
1173 4497 1286 4569 quidem
1296 4497 1407 4553 thecam
1420 4496 1596 4561 attendisset,
1612 4495 1774 4567 respondit:

139 4606 225 4663 quam
238 4590 364 4663 smnule
378 4590 545 4646 alimentum
559 4592 660 4647 anima
674 4590 843 4646 tradiderint
855 4609 861 4656 ;
880 4590 939 4644 haec
981 4587 1009 4642 ls
1018 4587 1063 4642 cui
1078 4587 1136 4642 haec
1151 4586 1279 4653 attulisti,
1296 4601 1313 4639 o
1330 4585 1398 4653 filia,
1413 4601 1470 4641 non
1487 4601 1557 4656 opus
1571 4584 1656 4640 habet
1669 4591 1702 4639 ut
1715 4600 1733 4638 a
1747 4589 1777 4639 te

78 4701 84 4709 ¹
137 4685 234 4735 autem
249 4685 292 4734 est
306 4678 940 4751 Christicommunio.Cumcjusergofuissent
982 4675 1074 4731 discat
1084 4675 1270 4747 quantitatem
1290 4674 1429 4745 ponderis.
1446 4673 1501 4738 Qui
1514 4673 1589 4727 enim
1605 4677 1714 4727 montes
1726 4688 1778 4744 ap·

139 4767 301 4842 participes,
318 4769 481 4840 elegissent
493 4770 610 4841 gratias,
624 4770 753 4824 hortatus
762 4774 806 4823 est
815 4768 939 4822 admen·
979 4764 1078 4837 pendit
1095 4769 1125 4817 et
1138 4764 1227 4818 saltus
1249 4768 1356 4818 statera
1370 4763 1434 4826 (Iso.
1449 4777 1494 4829 su,
1509 4761 1566 4829 12),
1586 4761 1675 4816 multo
1686 4761 1777 4832 magis

141 4873 212 4924 sam,
224 4857 283 4930 ipse
298 4874 410 4930 semper
423 4859 500 4914 inter
511 4859 665 4914 sedendum
676 4874 723 4912 eos
733 4857 942 4912 admonenseo·
982 4852 1034 4908 scit
1048 4852 1233 4923 quantitatem
1248 4852 1292 4907 tui
1306 4850 1425 4921 argenti.
1442 4850 1472 4905 Si
1486 4849 1561 4904 enim
1575 4849 1634 4905 haeo
1647 4849 1717 4905 mihi
1730 4849 1779 4905 da·

141 4961 206 5001 rum
221 4962 283 5018 qum
296 4952 362 5002 sunt
377 4947 451 5002 hona
464 4952 493 5002 et
504 4947 631 5015 honesta,
647 4951 676 5001 et
691 4945 786 5001 dicens
792 4945 832 5000 eis
841 4960 942 5015 eaquae
982 4957 1037 5008 ros,
1052 4945 1127 4996 recte
1142 4940 1212 4996 mihi
1222 4940 1331 5012 pondus
1345 4939 1462 4994 dixisses
1474 4957 1480 5006 ;
1491 4937 1539 4993 sed
1549 4938 1574 4992 si
1583 4939 1640 4994 Deo
1650 4955 1684 4993 ea
1695 4937 1779 4995 obtu-

142 5035 287 5106 pertinent
300 5036 336 5091 ad
350 5036 482 5091 salutem.
496 5036 561 5091 Fuit
575 5052 641 5106 ergo
656 5035 702 5089 hic
714 5034 757 5088 vir
770 5033 943 5088 clarusinter
981 5029 1049 5095 listi,
1063 5030 1111 5100 qui
1125 5046 1161 5084 ne
1174 5030 1245 5085 duos
1260 5028 1373 5100 quidem
1388 5026 1483 5083 obolos
1499 5027 1553 5096 (ll)
1573 5026 1707 5099 despexit,
1729 5027 1779 5083 sed

144 5123 249 5179 multos
263 5125 371 5191 Patres,
383 5125 453 5180 adeo
464 5129 497 5179 ut
508 5141 571 5180 cum
591 5123 720 5179 multiad
735 5139 800 5178 eum
814 5122 944 5177 venirent
982 5135 1030 5174 eos
1051 5118 1113 5189 plus
1138 5134 1222 5189 quam
1242 5116 1337 5172 omnia
1365 5116 1515 5171 estimavit
1530 5117 1629 5185 (Marci
1644 5129 1697 5183 xri,
1721 5115 1778 5187 ll),

143 5213 284 5280 monachi,
292 5229 389 5269 omnes
397 5218 549 5286 praesentes
558 5212 658 5267 fratres
668 5227 831 5278 convocans,
840 5210 870 5265 in
885 5225 941 5265 uno
981 5213 1053 5263 tace.
1069 5207 1114 5262 Sic
1131 5223 1208 5277 ergo,
1231 5206 1332 5276 inquit,
1347 5204 1519 5276 dispensavit
1540 5206 1633 5276 gratia
1656 5203 1778 5266 Domini.

144 5300 191 5355 die
206 5300 246 5356 eis
261 5301 345 5356 cellas
358 5302 464 5356 taceret
481 5316 489 5356 t
510 5317 567 5355 uno
582 5301 696 5372 quidem
710 5298 943 5355 subministrante
983 5297 1051 5351 dum
1065 5296 1193 5367 ingressa
1211 5311 1274 5349 sum
1287 5294 1316 5348 in
1339 5294 1415 5347 hunc
1437 5295 1571 5348 montem.
1588 5293 1668 5348 Brevi
1684 5297 1780 5347 autem

143 5389 248 5456 lutum,
267 5392 356 5445 altero
375 5406 440 5446 vero
460 5390 588 5457 laterem,
607 5390 663 5444 alio
681 5395 776 5445 autem
795 5387 944 5443 hauriente
984 5390 1048 5457 post
1061 5389 1186 5455 tempore
1201 5382 1316 5437 dormiit
1330 5382 1413 5437 bomo
1428 5381 1489 5449 Dei,
1503 5399 1554 5437 uec
1569 5386 1780 5453 agrotans,nec

146 5494 261 5550 aquam.
272 5478 406 5534 Persectis
415 5485 510 5535 autent
520 5478 607 5543 cellis,
614 5478 674 5550 ipse
681 5476 824 5550 prebebat
832 5475 944 5531 venien·
983 5474 1013 5528 in
1027 5473 1086 5529 ulla
1094 5479 1174 5546 parte
1184 5471 1308 5543 corporis
1320 5470 1445 5526 dolorem
1456 5470 1641 5536 sentiens,sed
1653 5473 1779 5541 sportam

145 5566 222 5625 tibus
232 5567 589 5644 quaerantneeessarials
597 5567 698 5624 falsum
711 5563 893 5637 fratremqui
908 5561 945 5619 ad
985 5567 1189 5619 conterensme
1202 5558 1339 5630 accersiit,
1352 5565 1380 5619 et
1398 5575 1464 5625 cum
1485 5558 1596 5628 adesset
1613 5558 1673 5628 jam
1688 5560 1780 5615 estre·
