3818 6120
144 251 195 312 ³51
405 257 412 267 '
652 244 707 305 ’ΒΕ
722 242 818 301 ἯΤΙΘ
835 237 985 301 aarum
1000 237 1110 303 LIBER
1123 245 1272 307 nulllus.
1726 254 1782 315 852

147 399 212 455 pam
226 379 399 446 cadentibus,
419 378 529 442 hocast,
544 373 696 437 nanumin
703 373 871 429 alterutrum
877 367 977 441 inii-A
1019 373 1085 431 Car.
1098 375 1718 450 XlV.-Deiioriquidamaanctoml²ahnm
1724 380 1779 453 ter)

146 472 291 536 cientibus,
307 471 357 525 hos
369 464 755 525 excommunicaritcanonice
769 478 820 535 par
833 461 942 532 aliquot
982 462 1131 521 dixerunt:
1143 466 1315 538 Angelorum
1331 468 1444 541 quidem
1460 474 1505 526 cst
1518 470 1680 527 nullatenus
1689 471 1782 543 litigo·

146 563 214 617 dies.
231 562 339 615 Horum
349 559 463 630 quidem
473 556 673 614 unuslibenter
683 555 807 626 suscepit
815 555 940 624 increpa·
980 570 1021 622 re,
1039 555 1088 611 sod
1104 555 1134 611 in
1148 557 1310 613 omnimoda
1322 563 1351 613 at
1360 566 1497 631 perpetua
1510 576 1579 632 pace
1601 560 1778 630 consistam

144 651 260 714 tionem,
275 655 304 703 et
318 649 447 719 cognovit
459 648 571 720 culpam
580 662 662 702 suana
675 664 683 713 ;
697 646 770 701 altar
785 659 850 698 varo
860 642 939 699 mali·
980 643 1127 700 hominum
1146 662 1211 701 varo
1220 651 1264 702 est
1275 647 1405 703 altercari
1417 648 1540 719 quidam,
1556 648 1606 704 aed
1621 648 1719 705 statim
1733 665 1779 707 ne·

144 738 232 792 tiosus
243 737 374 800 existens,
387 738 513 804 gaudens
525 741 695 807 praeceptum
704 733 836 806 suscepit.
856 733 941 788 Occa-
981 733 1124 789 conciliari
1134 751 1141 800 ;
1168 736 1327 792 daemonum
1336 743 1433 793 autem
1445 743 1490 793 est
1503 737 1624 808 litigare,
1640 742 1671 793 ct
1683 742 1776 795 totum

145 827 252 881 sionem
266 827 341 882 anim
351 827 493 898 quaerebat
503 827 598 892 miser,
605 842 641 881 ne
651 825 845 895 ingrederetur
854 822 940 879 eccle·
981 820 1056 877 diem
1071 824 1489 882 tmnoreirroconciliatoslloc
1503 832 1653 898 propteroa
1669 826 1777 898 praeisti

142 916 277 983 siam,sed
290 917 433 972 licentiam
448 900 765 988 haberetpersevcrondi
774 913 803 967 in
812 912 939 968 nefandis
979 926 1088 978 sumus,
1099 919 1241 970 amatores
1248 915 1363 978 Christi,
1372 921 1488 989 propter
1502 921 1670 987 praesentem
1679 932 1776 973 narro·

143 1005 252 1061 actibus
264 1006 331 1062 suis.
347 1006 522 1063 Irascebatur
534 1010 629 1060 autem
643 1009 742 1060 contra
754 1010 881 1058 sanctum
892 1017 939 1073 pa·
979 1000 1096 1056 honam.
1112 1002 1292 1059 Placuithuic
1301 1004 1554 1074 aliquandonohili,
1565 1020 1698 1062 unacum
1704 1021 1779 1062 eorn-

143 1095 305 1159 triaroham,
322 1101 351 1151 et
369 1102 506 1166 quantum
518 1096 546 1150 in
557 1111 587 1149 se
596 1100 665 1161 erat,
677 1093 838 1149 minabatur
853 1092 878 1146 ei
891 1107 939 1149 no
979 1097 1134 1146 memorato
1147 1092 1246 1148 Niceta
1256 1093 1383 1165 patricio,
1395 1094 1430 1148 de
1444 1093 1685 1166 quadampublica
1700 1095 1779 1151 real·

144 1202 217 1240 cero.
234 1185 354 1250 Quidam
364 1202 431 1240 vero
443 1185 580 1250 dicebant,
593 1189 622 1239 et
636 1185 729 1256 ipsum
744 1199 805 1239 esse
814 1183 862 1254 qui
872 1199 937 1252 pro·
980 1179 1092 1233 tortari·
1107 1180 1209 1236 Modus
1223 1188 1318 1237 autem
1335 1182 1417 1254 litigii
1423 1184 1555 1239 emitelit
1565 1201 1573 1245 ;
1584 1183 1777 1241 dorestadum

143 1273 254 1328 diderat
279 1274 412 1345 pecunias
440 1272 568 1329 Ecclesia
583 1274 619 1328 ad
641 1272 791 1344 patricium
810 1271 937 1325 Nicetam
979 1272 1023 1321 est
1037 1268 1113 1323 enirn
1138 1269 1241 1337 dicere,
1271 1288 1335 1327 curn
1346 1273 1384 1327 sit
1397 1273 1499 1329 anime
1514 1272 1611 1329 utilis:
1636 1273 1776 1330 Patricium

144 1362 234 1431 (Sap,
251 1380 273 1417 c.
289 1363 343 1433 ll),
360 1381 430 1436 quas
443 1370 473 1419 et
485 1364 580 1435 rapuit
593 1379 689 1428 manu,
706 1368 738 1417 ut
746 1360 937 1434 prescriptum
980 1357 1094 1427 quidam
1109 1360 1260 1432 disponere
1271 1362 1381 1418 volebat
1398 1361 1489 1418 sorum
1501 1367 1616 1435 propter
1628 1362 1710 1420 lucta
1722 1378 1776 1434 pu·

144 1452 367 1507 estNuntiaturn
379 1458 423 1507 est
429 1453 516 1524 igitur
526 1453 600 1524 quod
610 1453 658 1507 ille
668 1452 736 1507 mali
747 1450 938 1506 memarmoli·
979 1444 1066 1514 blica,
1078 1449 1238 1520 patriarcha
1253 1458 1348 1507 autem
1362 1452 1391 1507 id
1402 1469 1459 1508 non
1473 1451 1643 1523 patiebatur,
1673 1467 1777 1524 paupe-

143 1540 212 1595 tiam
222 1546 386 1607 reservaret,
412 1548 441 1596 et
455 1558 511 1596 non
525 1547 630 1596 rectam
651 1558 719 1613 erga
734 1540 848 1595 beatum
862 1541 938 1595 hunc
977 1551 1042 1590 rum
1057 1536 1086 1591 in
1096 1538 1148 1594 hoc
1159 1557 1312 1611 procurans
1326 1541 1659 1612 salutamMultumargo
1677 1547 1777 1598 centn

142 1629 313 1684 voluntatem
327 1630 451 1685 haberet.
464 1630 514 1686 Ille
528 1636 623 1685 autem
633 1647 698 1685 vere
707 1636 812 1701 pastor,
829 1646 938 1685 mernor
978 1640 1010 1678 se
1018 1633 1126 1682 secreto
1133 1631 1337 1686 contendentes
1344 1631 1439 1698 (litet
1445 1631 1774 1698 inflexibilasmanentas,

142 1718 209 1772 dicti
233 1719 331 1773 illius:
352 1720 421 1784 Quis
432 1720 600 1787 infirmatur,
628 1726 658 1775 et
677 1737 729 1792 ego
743 1721 1158 1783 noninfirmorssrocesserunt
1170 1719 1252 1774 ambo
1271 1720 1306 1775 ab
1320 1721 1438 1776 invicem
1447 1719 1773 1776 iratietirraconciliati.

141 1811 185 1882 (II
197 1810 258 1865 Gor.
274 1810 333 1880 xr)i
351 1810 513 1866 etiterum:
529 1812 585 1865 Vos
601 1812 649 1882 qui
663 1817 792 1883 potentes
806 1810 936 1876 estis,de-
979 1802 1048 1859 Erat
1056 1812 1151 1861 tutem
1166 1808 1237 1863 bora
1246 1809 1353 1880 quinta,
1369 1815 1399 1865 et
1407 1810 1522 1881 quidm
1531 1809 1700 1881 1¹³th
1715 1813 1776 1864 0¹⁸2

141 1895 213 1953 betis
222 1899 402 1955 infirmitates
416 1900 731 1972 impotentiumportare
742 1902 849 1972 (datur,
860 1902 934 1955 Rom.
978 1893 1131 1964 refragatio
1144 1902 1173 1951 et
1186 1899 1344 1954 amaritudo
1359 1915 1409 1970 pro
1427 1899 1561 1954 mandato
1587 1898 1648 1958 Dei.
1664 1897 1775 1969 patricii

141 1998 197 2055 xv),
225 1989 313 2043 voluit
326 1990 401 2044 hunc
424 1990 570 2055 accersire,
586 1995 615 2044 et
629 1990 760 2044 decenter
773 1990 934 2057 admonere,
978 1987 1072 2037 aulem
1088 1993 1202 2057 propter
1215 1988 1545 2058 pecuniarialucraerat.
1561 1988 1669 2043 Tamen
1684 1986 1775 2043 aitille

143 2082 171 2131 et
182 2078 288 2132 solvere
298 2095 361 2133 euru
370 2079 405 2134 ab
418 2078 721 2145 excommunicatione3
735 2077 847 2133 videbat
859 2078 935 2133 eninr
973 2067 1068 2149 justus
1079 2092 1084 2127 :
1096 2092 1188 2148 neque
1202 2095 1254 2150 pro
1268 2077 1437 2144 rationabili,
1453 2094 1545 2149 neque
1556 2093 1607 2149 pro
1621 2077 1774 2131 irratione·

141 2167 238 2238 lupum
253 2174 401 2223 conantem
424 2184 523 2239 rapere
537 2184 626 2222 orem.
643 2167 858 2239 Dispensatione
871 2183 935 2221 vere
976 2165 1026 2221 bili
1041 2162 1289 2223 orcamone'debet
1302 2168 1387 2222 homo
1409 2167 1503 2222 irasci.
1518 2165 1696 2222 adveniente
1706 2181 1774 2237 ergo

140 2255 191 2309 Dei
211 2260 303 2311 actum
319 2262 363 2311 est
376 2262 408 2311 ut
428 2256 616 2312 innotesceret
627 2255 756 2311 omnibus
770 2256 936 2327 patriarcha·
977 2255 1047 2310 hora
1061 2257 1217 2326 undecima,
1233 2256 1350 2312 mandat
1363 2274 1414 2330 per
1427 2254 1703 2329 archipresbyterum
1719 2270 1775 2310 un

139 2344 288 2401 immemor
311 2347 378 2402 mali
392 2349 512 2403 animus.
529 2345 639 2404 Oblitus
652 2350 696 2400 est
708 2351 844 2404 accersire
859 2364 933 2415 eurn,
976 2360 1040 2400 cum
1054 2347 1129 2400 clero
1140 2346 1300 2417 patriarcha
1312 2346 1429 2416 patricio
1439 2346 1491 2399 hoc
1505 2334 1623 2414 dignum
1636 2342 1774 2398 memoria

140 2439 170 2488 at
182 2436 288 2490 solvere
303 2436 337 2491 ab
352 2438 645 2493 excommunicatione.
662 2439 733 2493 Cum
745 2455 811 2510 ergo
823 2437 858 2493 ad
872 2454 936 2494 san·
976 2434 1108 2489 verbum:
1127 2435 1251 2501 homine,
1267 2435 1492 2490 soladoocasum
1514 2438 1567 2488 est.
1592 2433 1773 2488 Cumsutem

139 2528 215 2577 ctum
231 2525 407 2580 Dominicum
419 2527 493 2581 diem
509 2527 692 2598 pervenisset,
709 2532 738 2582 et
746 2533 842 2583 sancto
852 2527 935 2582 altari
976 2522 1028 2578 hoc
1042 2523 1158 2578 verbum
1174 2523 1221 2579 ille
1235 2524 1371 2591 audisset,
1395 2539 1454 2579 non
1478 2523 1604 2577 tolerans
1622 2520 1717 2576 cordis
1729 2519 1772 2574 sni

138 2611 275 2667 astitisset
286 2614 349 2685 142),
368 2620 400 2670 ut
418 2617 596 2671 incruentum
620 2616 787 2672 sacrificium
811 2617 933 2685 edomet,
975 2612 1115 2680 ardorem,
1142 2613 1191 2668 sed
1204 2619 1340 2685 tanquam
1360 2613 1456 2669 divino
1473 2612 1541 2684 igne
1566 2611 1770 2676 inflammatus,

136 2699 196 2769 jam
222 2701 339 2757 diacono
363 2705 523 2775 generalem
539 2705 693 2760 orationem
718 2722 789 2777 pene
803 2722 933 2761 consum·
976 2702 1065 2755 sancti
1084 2718 1215 2757 sermone
1226 2708 1410 2774 compunctus
1423 2707 1475 2768 θδΐ,
1491 2701 1668 2770 inimum
1679 2699 1772 2770 imi·

138 2797 242 2856 mante,
258 2798 387 2848 sanctum
398 2795 489 2849 velum
504 2796 660 2850 exaltaturo
684 2796 749 2865 (tt),
771 2796 933 2852 innuentem
974 2789 1134 2846 missiatim
1144 2797 1220 2847 totus
1227 2791 1385 2859 sactusest;
1404 2796 1432 2847 et
1442 2787 1694 2862 surgens,venitttd
1707 2785 1773 2843 bea

138 2881 252 2937 malitie
267 2882 538 2952 immemorisvenit;
551 2889 580 2938 et
594 2885 688 2940 statim
702 2885 789 2939 divini
801 2886 934 2958 praecepti
974 2884 1034 2934 turn
1044 2880 1129 2937 hunc.
1139 2881 1227 2946 Quem
1234 2897 1297 2937 cunr
1305 2881 1475 2940 vidissetait
1489 2897 1495 2934 ε
1522 2875 1716 2935 Benevenisti.
1732 2875 1771 2930 nli

138 2972 452 3039 recordans,asserentis
465 2991 471 3027 :
482 2973 510 3028 Si
521 2974 604 3028 oil'ers
616 2980 804 3037 munustuurn
814 2976 848 3029 ad
861 2976 932 3030 alta-
975 2968 1250 3037 Ecclesie,obedtens
1258 2971 1319 3026 roci
1327 2972 1388 3042 ejus
1408 2971 1513 3039 (apta.
1527 2969 1577 3035 lv).
1594 2964 1771 3022 Mittaentiht!

138 3079 180 3123 re,
196 3069 225 3118 et
236 3062 275 3117 ibi
292 3063 454 3118 recordatus
468 3062 564 3119 fueris,
583 3065 650 3136 quia
668 3063 756 3119 irater
766 3068 834 3119 tuus
849 3063 933 3120 habet
943 3058 1061 3141 gigitur
1070 3059 1206 3114 ambobus
1220 3065 1389 3115 metanoeam
1399 3053 1771 3137 (i9is0t0ffll’lwfibffli'

139 3151 244 3224 aliquid
268 3153 416 3207 aduersum
444 3157 482 3212 te,
503 3153 630 3224 relinque
657 3153 696 3208 ibi
720 3170 823 3209 munus
849 3158 932 3209 tuum
974 3148 1452 3220 termnum,sederuntEtaperians
1466 3164 1497 3202 os
1511 3143 1769 3216 suumpatrisrohn,

141 3242 246 3311 (Morti.
258 3246 296 3312 r),
317 3247 360 3297 eto
383 3241 496 3299 intimat
505 3243 623 3298 diacono
638 3242 749 3299 facienti
764 3243 930 3311 orationem,
974 3239 1066 3293 dixit:
1083 3239 1172 3295 Crede
1191 3239 1270 3304 mihi,
1291 3238 1414 3302 domine,
1429 3236 1484 3293 nisi
1497 3235 1565 3307 quia
1577 3233 1634 3290 ridi
1644 3240 1675 3289 te
1692 3231 1771 3287 vulda

137 3346 221 3403 quarn
243 3331 376 3387 diaconus
395 3333 494 3388 solitus
507 3332 674 3398 incarcerat,
687 3338 719 3388 ut
735 3332 933 3404 reincipereta
972 3326 1138 3384 tribulatum
1149 3328 1183 3384 de
1193 3329 1255 3394 hoc,
1263 3330 1324 3400 janu
1339 3327 1616 3400 nonpigritarerego
1631 3322 1728 3378 venire
1737 3319 1771 3376 td

137 3421 226 3492 capite
243 3421 299 3490 (lt)
314 3439 320 3487 3
337 3422 400 3476 etsi
414 3422 588 3494 impleretur,
607 3423 709 3477 itcmm
722 3421 931 3493 recapitularet,
972 3417 1129 3474 claritatem
1157 3422 1246 3473 tuam.
1272 3417 1382 3473 Etenim
1401 3415 1538 3470 Dominus
1547 3418 1577 3469 ct
1588 3413 1665 3469 Dona
1675 3414 1771 3467 nara

136 3525 225 3580 usque
240 3509 308 3565 dum
321 3511 467 3581 perveniat
479 3513 541 3582 ejus
548 3510 741 3566 sanctificatio.
757 3509 932 3565 Firrxitenim
973 3506 1033 3578 ipse
1045 3506 1181 3562 circuibat
1190 3507 1316 3562 civitates
1328 3511 1358 3562 et
1371 3505 1486 3560 castella
1494 3510 1523 3559 et
1536 3503 1646 3567 domos,
1656 3499 1773 3556 visilan-

138 3613 179 3661 se,
194 3604 329 3670 tanquam
344 3598 447 3653 sicum
462 3599 566 3654 ventris
581 3598 733 3655 necessitas
742 3598 931 3669 compulisset.
972 3597 1009 3650 do
1023 3597 1160 3652 homines.
1177 3596 1314 3653 Omnibus
1329 3601 1423 3650 autem
1439 3593 1599 3649 humilitate
1609 3589 1771 3646 summin-

135 3685 171 3741 ut
184 3687 298 3741 veniens
310 3687 340 3742 in
358 3687 521 3743 honorabile
545 3687 758 3743 cimiliarchium
774 3686 840 3753 (⁴5³,
856 3687 934 3743 misit
973 3686 1094 3741 cerdotis
1108 3686 1263 3753 aedificatis,
1279 3681 1609 3755 etodmirationeplenis,
1625 3677 1773 3752 respondit

135 3775 231 3828 atatim
245 3775 304 3830 fere
317 3775 417 3847 viginti
431 3776 673 3838 hebdomadarios,
694 3783 850 3848 quaerentes
870 3778 931 3847 jam
978 3781 1064 3840 180
1080 3775 1186 3831 adeum
1198 3775 1331 3847 patricius
1348 3773 1558 3840 :creuerant
1576 3767 1771 3842 quiaultan'us

137 3862 245 3917 dictum
260 3864 326 3918 mali
337 3865 412 3920 modi
427 3866 560 3922 clericum
578 3864 642 3936 (tm.
659 3868 781 3922 Intentio
796 3867 870 3923 enim
884 3883 931 3938 pa·
971 3865 1307 3938 noncapientauresmeoe
1318 3855 1771 3935 eorumvarba,quilitigio⁸uwi·

135 3950 219 4007 storia
226 3952 286 4007 haec
300 3959 371 4020 erat,
383 3959 414 4008 ut
424 3955 595 4011 educeretde
604 3957 842 4012 oreleonisovem.
855 3957 930 4012 Deus
972 3952 1001 4007 hi
1015 3962 1170 4027 suggerunt
1182 3974 1236 4013 res.
1252 3957 1330 4012 Tunc
1340 3955 1453 4028 sapiens
1465 3953 1564 4008 doctor
1572 3949 1646 4005 dixit
1658 3949 1698 4004 ai:
1706 3947 1771 4003 (he-

134 4058 209 4107 vero,
228 4043 275 4115 qui
289 4043 462 4098 voluntatem
482 4044 643 4101 timentium
653 4062 684 4101 sc
697 4046 774 4110 tacit,
789 4046 854 4102 iecit
872 4063 930 4119 pre
970 4043 1015 4107 de,
1030 4045 1206 4115 filietsrater,
1225 4048 1248 4103 si
1264 4048 1395 4104 omnibus
1405 4041 1626 4102 hisvoluerimus
1641 4037 1767 4102 credere,

135 4131 265 4188 manibus
279 4132 398 4188 inveniri
409 4149 472 4188 mox
493 4134 633 4190 clericum.
655 4136 690 4191 Et
703 4136 832 4190 veniente
847 4152 890 4201 eo,
901 4141 930 4191 at
970 4134 1124 4191 multorum
1139 4143 1318 4209 peccatorum
1336 4138 1443 4194 crimus
1462 4133 1579 4199 domini,
1602 4129 1728 4185 maxim
1738 4124 1768 4181 ὓ

131 4220 446 4278 veritatitestimonium
462 4219 636 4296 perhibente,
665 4224 742 4297 prior
768 4225 928 4296 patriarcha
968 4227 1096 4295 tempore
1110 4226 1172 4289 hoc,
1188 4228 1300 4299 quando
1311 4227 1377 4283 sacti
1391 4232 1459 4282 sunt
1468 4224 1550 4280 multi
1562 4216 1768 4277 hominumin·

131 4325 207 4386 genu
222 4311 309 4378 flexit,
325 4313 438 4368 dicens:
465 4313 583 4385 Indulge
597 4314 677 4380 mihi,
703 4313 799 4368 trater.
814 4314 927 4371 Veritus
968 4311 1056 4367 vicem
1071 4315 1207 4371 odientes.
1223 4317 1365 4373 llultoties
1375 4317 1487 4373 enimet
1499 4311 1766 4370 mihisuadereten-

131 4416 198 4472 ergo
212 4400 289 4457 illius
302 4400 465 4458 honorabile
474 4403 690 4475 pontificium,et
698 4420 796 4459 comm
811 4404 1098 4503 quiade-Dtaverunt
1111 4405 1140 4459 hi
1159 4406 1208 4478 qui
1221 4406 1411 4479 suggerebant
1423 4405 1493 4461 mihi
1506 4400 1707 4476 dispositioncs
1720 4411 1765 4452 re·

128 4495 198 4546 rant
211 4491 494 4563 presentiammagis
506 4492 823 4565 serotimensjudicium
835 4493 927 4560 Dei,et
967 4507 1049 4562 rum;
1066 4500 1095 4549 et
1108 4511 1171 4550 curn
1181 4495 1302 4552 facerem
1317 4514 1390 4570 saepe
1410 4497 1506 4563 linem,
1522 4486 1765 4550 ntsaducbisiuc·

131 4580 250 4636 horrens
264 4596 299 4636 ne
321 4580 393 4636 forte
408 4580 590 4636 descenderet
613 4581 687 4653 ignis
701 4582 736 4638 de
748 4582 818 4637 coelo
828 4583 926 4638 eadem
967 4576 1765 4659 ram,p0stmodun1aliiquidamsuggerubantmihi,quoti

130 4666 200 4724 hora
217 4674 246 4725 et
270 4676 448 4726 consumeret
470 4686 545 4737 eum,
569 4671 710 4726 videntem
733 4672 926 4727 honorandam
965 4670 1067 4728 merim
1085 4674 1219 4746 deceptus
1233 4675 1263 4731 in
1277 4676 1400 4749 capitulo
1416 4695 1423 4745 3
1438 4691 1503 4731 cnm
1517 4688 1584 4745 ergo
1600 4668 1725 4727 romundo
1735 4672 1765 4724 et

130 4755 208 4835 illam
220 4759 351 4816 canitiem
367 4760 447 4816 humi
459 4762 611 4832 jacentem,
626 4777 700 4833 genu
715 4761 793 4817 flexit
807 4768 836 4816 et
854 4754 923 4834 ipse,
965 4761 1050 4817 tertio
1065 4763 1118 4819 hoc
1130 4762 1232 4820 fuerim
1245 4782 1406 4838 perpessus,
1427 4765 1493 4821 dedi
1509 4763 1665 4820 terminum
1679 4759 1765 4816 mihi·

130 4850 230 4918 petens
239 4849 351 4905 veniam
361 4855 390 4906 et
400 4850 630 4906 misericordiam.
643 4851 677 4906 Et
687 4851 797 4907 dicente
807 4853 926 4924 patriar-
966 4852 1079 4925 metipsi
1098 4853 1203 4926 absque
1216 4858 1402 4927 utrorumque
1416 4858 1506 4927 parte,
1520 4870 1557 4911 ne
1569 4854 1670 4910 darem
1692 4848 1764 4906 ost·

131 4934 196 4989 cha:
212 4935 287 4992 Deus
300 4938 381 4993 nohis
396 4939 526 4995 omnibus
538 4940 692 5012 indulgeat,
701 4947 884 4997 surrexerunt
897 4946 927 4997 et
966 4942 1103 4999 ultionem
1117 4944 1172 5000 alio
1185 4943 1215 4999 in
1228 4944 1361 5017 capitulo.
1376 4943 1458 5010 Quod
1473 4944 1498 4999 si
1508 4943 1557 5016 qni
1572 4941 1766 5017 suggerebant

130 5021 249 5094 ingressi
261 5026 418 5081 suntamho
434 5029 580 5084 ecclesiam
595 5048 602 5098 ς
624 5033 735 5085 ottone
757 5047 822 5085 cum
836 5031 925 5086 multo
966 5030 1245 5100 mihi,mcntirentur,
1252 5032 1305 5104 ipsi
1311 5048 1423 5105 poenam
1431 5031 1671 5105 solverentqusm
1684 5046 1765 5089 anou-

129 5111 232 5184 gaudio
244 5118 272 5167 ct
289 5114 386 5170 latitia
399 5117 490 5173 astitit
512 5124 608 5174 sancto
631 5118 724 5186 altari,
741 5135 805 5175 cum
820 5120 926 5175 mundo
966 5125 1044 5176 satus
1055 5120 1151 5189 ferret,
1167 5121 1192 5177 si
1206 5126 1304 5178 contra
1313 5137 1378 5177 eum
1392 5121 1534 5178 calumnia
1543 5121 1684 5179 ueraciter
1695 5121 1765 5179 luis·

129 5201 301 5257 conscientia
313 5203 409 5259 valens
417 5204 510 5262 dicere
524 5207 594 5264 Deo:
611 5208 728 5264 Dimitte
740 5207 821 5265 nobis
831 5208 926 5265 debita
966 5215 1009 5264 set
1022 5210 1135 5282 injectu.
1155 5212 1190 5266 Et
1203 5227 1237 5267 ex
1250 5211 1348 5267 eadem
1375 5212 1421 5268 die
1434 5211 1589 5287 improvide
1611 5226 1765 5285 suggerere

128 5296 234 5359 nostra,
251 5289 324 5348 sicut
343 5296 372 5346 et
384 5308 436 5348 nos
460 5295 629 5355 dimittimus
639 5297 811 5354 debitoribus
822 5297 925 5355 nostris
965 5298 1036 5355 mihi
1044 5303 1142 5355 contra
1151 5300 1273 5373 aliquem
1290 5299 1519 5374 omniooaliquid
1531 5300 1625 5357 nullus
1641 5302 1765 5375 ioman-

131 5380 239 5451 (Mottlr.
254 5383 300 5448 vr).
318 5381 363 5437 lta
376 5386 471 5439 autem
482 5401 551 5441 sana
565 5402 598 5442 ex
620 5393 688 5445 tnnc
707 5395 737 5444 et
759 5394 925 5463 compuncta
965 5387 1623 5465 sumhabet,quoddeposcoetrnoneomagnum
1631 5391 1766 5448 decoram

128 5473 222 5525 mente
237 5469 327 5527 iactus
339 5476 382 5526 est
395 5471 482 5529 lector
495 5475 552 5544 ille,
564 5481 596 5533 ut
604 5478 772 5554 presbyterii
781 5496 925 5538 consecra·
965 5485 1055 5547 tuum,
1074 5480 1122 5547 lili,
1141 5482 1270 5539 similiter
1280 5483 1383 5538 locere.
1398 5483 1477 5556 Sapo
1492 5482 1607 5539 enimet
1617 5481 1710 5539 credas
1723 5481 1767 5539 in·

125 5559 204 5618 tione
213 5560 298 5635 potiri
314 5567 480 5621 mereretur.
962 5570 1054 5642 justas
1067 5571 1183 5640 iaciunt,
1200 5573 1248 5646 qui
1273 5571 1476 5631 sublimitatem
1494 5570 1632 5630 creditam
1646 5570 1765 5641 hebent,
