3818 6120
629 494 702 589 IN
738 489 941 588 VlTAS
977 487 1260 585 PATRUM

279 712 1235 894 PROLEGOMENA
1293 714 1611 887 xxvi

780 1035 1134 1055 m

162 1163 299 1220 Benevolo
312 1161 411 1219 lectori
425 1162 557 1218 salutem.

163 1253 202 1323 [l]
217 1251 419 1318 Neoliendare,
427 1250 525 1319 lector,
533 1249 556 1304 si
562 1248 652 1321 stylus
662 1249 830 1321 quandoque
838 1248 944 1314 rudior,
955 1247 978 1302 si
989 1245 1099 1318 phrasis
1110 1251 1239 1302 occurrat
1252 1246 1281 1300 in
1289 1247 1362 1301 Vitis
1368 1247 1485 1302 Petrum
1491 1252 1519 1303 et
1530 1247 1620 1304 uerbis
1627 1248 1771 1306 seniorum

124 1341 295 1413 incomptior
308 1360 315 1408 ;
332 1357 392 1395 rem
405 1341 496 1412 ipsam
514 1338 651 1411 appende,
668 1354 724 1393 non
737 1337 838 1392 verba:
854 1337 1054 1406 tructumloge,
1072 1353 1128 1392 non
1142 1337 1223 1404 folia3
1238 1338 1335 1392 llorem
1350 1353 1441 1408 carpe,
1458 1354 1493 1393 ne
1502 1339 1635 1395 volaticos
1643 1339 1773 1395 desidera

125 1449 242 1503 pappos.
250 1431 386 1486 Praeclare
392 1446 495 1501 magna
502 1428 631 1484 Ecclesiae
637 1428 755 1490 lumina,
770 1432 884 1481 sanctus
894 1425 1100 1496 Hieronymus:
1117 1444 1129 1478 o
1142 1425 1318 1494 lnloquendo
1330 1425 1538 1496 simplicitatem
1550 1427 1693 1483 excusabit
1706 1443 1774 1484 san·

127 1521 266 1575 ctimoniae
280 1519 447 1592 magnitudo
464 1520 597 1589 (llieron,
613 1521 689 1587 epist.
709 1515 768 1582 101,
785 1515 968 1583 pervicacem).
981 1515 1101 1569 Sanctus
1111 1514 1308 1584 Augustinus:
1328 1531 1341 1567 1
1358 1515 1499 1570 Bonorum
1513 1516 1691 1586 ingeniorum
1708 1517 1777 1573 insi·

126 1611 190 1682 gnis
205 1616 249 1665 est
261 1609 379 1674 indoles,
396 1608 426 1662 in
441 1607 533 1661 verbis
548 1623 645 1661 rerum
659 1622 763 1670 ornare,
780 1620 836 1658 tion
851 1603 944 1658 rerba.
962 1604 1034 1667 Quid
1050 1603 1124 1656 enim
1139 1603 1253 1674 prodest
1268 1603 1352 1657 clavis
1366 1620 1463 1671 aurea,
1479 1605 1503 1658 si
1517 1606 1627 1676 aperire
1643 1606 1777 1678 quodve·

126 1699 220 1754 luinus
233 1716 289 1754 non
304 1697 415 1770 potest?
431 1703 480 1751 aut
490 1696 557 1768 quid
568 1694 648 1750 obest
661 1695 763 1765 lignea,
774 1693 797 1747 si
813 1693 866 1747 hoc
876 1697 977 1765 potest,
995 1692 1106 1763 quando
1122 1691 1191 1745 nihil
1205 1691 1367 1762 quaerimus,
1383 1693 1436 1747 nisi
1450 1698 1548 1764 patore
1561 1695 1634 1765 quod
1648 1695 1777 1751 clausum

128 1795 171 1843 est
188 1791 360 1857 (Angustia,
378 1788 424 1849 lib,
442 1803 467 1840 1v
483 1787 513 1839 de-
534 1787 668 1840 Doctriuu
690 1784 802 1848 t'lun'st,
827 1799 885 1851 cup.
906 1779 998 1841 1111»
1020 1780 1127 1844 Quibus
1141 1780 1254 1850 egregie
1274 1781 1393 1834 succinit
1406 1781 1613 1838 illustrissimus
1627 1782 1777 1839 cardinalis

127 1878 267 1933 Beronius
283 1895 290 1930 :
309 1896 321 1928 ι
339 1875 416 1930 Sicut
438 1875 570 1929 eliossum
583 1872 703 1928 informe
726 1888 826 1925 aurum
843 1875 872 1925 et
895 1870 964 1924 rude
979 1888 1011 1925 eo
1026 1870 1138 1925 charius
1157 1886 1217 1924 esse
1238 1871 1317 1936 solet,
1344 1871 1418 1941 quod
1434 1871 1504 1925 nihil
1519 1871 1647 1927 videatur
1660 1873 1778 1928 alterius

128 1967 235 2022 metalli
249 1965 353 2021 habere
368 1965 556 2030 commistum,
572 1962 613 2016 ita
626 1961 739 2032 egregia
752 1965 936 2014 monumenta
949 1976 1001 2014 sua
1016 1959 1103 2030 ipsius
1118 1963 1256 2013 vetustate
1268 1965 1353 2029 atque
1366 1958 1545 2030 simplicitate
1555 1959 1698 2027 micantia,
1714 1957 1781 2031 qui·

128 2055 181 2111 bus
194 2073 240 2111 res
254 2056 348 2127 potius
362 2071 447 2127 quam
462 2051 547 2107 verba
560 2052 589 2105 in
602 2051 694 2122 pretio
708 2065 768 2104 esse
783 2048 882 2108 solent,
896 2048 1022 2119 gratiora
1032 2047 1114 2118 plane
1130 2051 1213 2101 erunt
1227 2052 1312 2117 atque
1322 2047 1491 2117 jucundiora
1503 2048 1601 2119 quovis
1614 2047 1718 2120 scripto
1732 2063 1781 2104 re-

129 2146 262 2202 centioris
275 2144 407 2210 auctoris,
426 2142 638 2214 quibuscunque
653 2138 818 2210 eloquentiae
833 2136 957 2208 phaleris
972 2141 1115 2190 exornato.
1133 2135 1275 2205 Quidquid
1291 2135 1365 2190 enim
1379 2135 1529 2191 obducitur
1542 2137 1604 2193 suco
1619 2142 1704 2210 atque
1716 2137 1782 2210 pig·

132 2235 243 2299 mentis,
260 2238 421 2305 suspectum
435 2230 572 2296 redditur,
598 2227 795 2300 pulchriorque
816 2225 946 2280 enitescit
963 2225 1025 2296 ipsu
1038 2242 1089 2279 sua
1106 2225 1230 2296 puritate
1245 2224 1418 2295 simplicitas,
1434 2244 1496 2297 quse
1516 2227 1591 2298 quod
1605 2226 1721 2283 mentiri
1732 2241 1782 2283 ne·

133 2326 213 2390 sciat,
229 2339 312 2379 omne
327 2320 452 2394 quamvis
467 2319 503 2374 ad
518 2324 649 2373 ornatum
663 2316 849 2388 compositum
863 2315 1052 2369 velamentum
1067 2313 1201 2368 abhorret
1217 2315 1376 2381 (duronius,
1395 2320 1459 2369 lona
1475 2318 1526 2384 III,
1541 2332 1616 2371 anuo
1631 2313 1707 2388 356).
1725 2336 1738 2369 1

169 2415 227 2484 Ego
241 2429 306 2467 vero
320 2411 361 2466 ita
374 2425 483 2464 mecum
499 2406 661 2462 ratiocinari
673 2406 766 2460 solco:
782 2405 835 2468 Qui
850 2405 910 2458 hac
925 2402 1030 2474 legent,
1044 2403 1086 2456 vel
1108 2402 1136 2455 in
1161 2401 1321 2456 Latinitatis
1338 2402 1425 2474 adyta
1446 2408 1641 2474 penetrarunt,
1656 2405 1782 2463 velante

133 2502 294 2558 Latinitatis
307 2505 403 2573 portas
413 2498 569 2554 etiamnum
585 2496 628 2567 [11]
642 2500 807 2550 exercentur
820 2497 849 2547 et
861 2491 1014 2564 suspirant,
1030 2491 1169 2563 prioribus
1180 2507 1237 2545 non
1251 2490 1342 2546 oberit
1357 2492 1446 2564 stylus
1460 2493 1554 2547 minus
1568 2493 1695 2563 Latinus,
1716 2511 1783 2552 cum

133 2591 203 2663 ipsis
217 2590 293 2646 domi
306 2591 447 2661 suppetat,
460 2586 535 2641 unde
552 2585 725 2641 Latiniorem
745 2583 913 2654 depromant
926 2599 932 2649 ;
949 2580 1120 2652 posteriores
1132 2580 1177 2634 hic
1190 2579 1359 2635 incunabula
1378 2598 1430 2636 sua
1444 2581 1612 2654 quandoque
1627 2583 1779 2655 reperient,

132 2698 186 2738 nec
197 2681 250 2753 ipsi
260 2681 358 2752 lingua
367 2678 460 2732 minus
474 2676 597 2748 prompti
612 2672 778 2730 erubescent
785 2672 820 2725 ad
830 2671 945 2725 tertiata
957 2678 986 2726 et
999 2671 1076 2724 velut
1088 2669 1251 2724 offensantis
1263 2669 1365 2741 linguon
1380 2669 1518 2741 fragmine
1532 2670 1681 2728 dimidiata
1687 2671 1789 2735 verber

134 2770 271 2842 Equidem
285 2767 407 2824 solidum
422 2782 533 2831 aurum,
550 2764 616 2819 licet
629 2762 787 2818 terrulenta
800 2752 952 2814 obductum
967 2761 1042 2825 iaece,
1059 2758 1208 2831 caryoticis
1228 2758 1326 2813 vilium
1340 2759 1531 2816 Kalendarum
1550 2761 1653 2817 strenis
1673 2779 1785 2835 semper

134 2861 261 2933 praetuli;
276 2858 403 2915 venustis
417 2855 531 2929 quidem
554 2853 657 2926 specie,
681 2851 829 2922 fronteque
851 2848 963 2904 divitias
982 2847 1192 2915 mentientibus,
1208 2847 1258 2903 sed
1277 2847 1355 2903 tenui
1375 2853 1471 2904 tamen
1484 2854 1597 2905 tantum
1620 2851 1682 2906 auri
1705 2852 1785 2908 illitis

134 2950 292 3022 aspergine,
307 2954 336 3004 et
345 2948 398 3002 hoc
411 2946 474 3001 fuco
489 2943 670 2999 domesticam
680 2938 841 3012 tegentibus
856 2943 1063 3010 paupertatem.

168 3041 211 3094 Ne
226 3039 330 3094 mirere
345 3050 467 3109 quoque,
482 3035 580 3101 lector,
592 3032 671 3087 Vitas
683 3031 799 3085 Patrem
815 3028 898 3084 toties
914 3043 1006 3093 cusas,
1032 3043 1156 3093 recusas,
1179 3031 1208 3081 et
1221 3043 1272 3098 per
1285 3031 1329 3082 tot
1345 3026 1492 3083 doctorum
1508 3028 1634 3086 virorum
1648 3028 1784 3085 transisse

133 3145 244 3195 manus,
261 3144 312 3183 nec
324 3125 410 3181 nitori
423 3130 520 3179 umen
534 3138 585 3178 suo
597 3120 716 3193 pristino
733 3120 868 3174 hactenus
891 3117 1025 3173 redditas.
1043 3115 1099 3171 Sed
1117 3114 1191 3170 enim
1214 3116 1388 3171 considerari
1408 3123 1483 3188 opto,
1501 3119 1575 3190 quod
1594 3125 1691 3175 monet
1704 3120 1785 3176 divus

132 3218 318 3290 Augustinus,
341 3230 443 3286 nempe
457 3229 564 3280 sumus,
583 3229 596 3263 c
612 3216 749 3281 tanquam
770 3207 963 3263 minuscularii
990 3204 1167 3276 vectigalium
1182 3205 1375 3272 conductores,
1392 3206 1436 3260 vel
1458 3211 1597 3279 tanquam
1621 3210 1734 3281 opifices
1755 3208 1786 3264 in

132 3309 193 3362 vieo
215 3305 386 3379 argentario,
401 3302 450 3358 ubi
467 3318 555 3357 unum
573 3300 727 3365 vasculum,
742 3303 775 3352 ut
791 3297 945 3369 perfectum
959 3301 1049 3361 exeat,
1065 3311 1116 3366 per
1129 3296 1234 3348 multos
1254 3294 1375 3349 artillces
1394 3295 1506 3363 transit,
1524 3313 1589 3352 cum
1603 3296 1638 3351 ab
1652 3314 1710 3353 uno
1723 3313 1787 3370 per·

133 3397 204 3452 lecto
216 3396 312 3469 perfici
325 3392 423 3466 possit.
441 3391 495 3446 Sed
506 3390 587 3445 aliter
599 3405 656 3443 non
668 3393 796 3459 putatum
809 3390 853 3440 est
864 3384 1043 3456 operantium
1053 3382 1228 3438 multitudini
1235 3383 1448 3452 consulendum,
1464 3384 1519 3440 nisi
1534 3389 1567 3440 ut
1575 3384 1701 3456 singulas
1715 3386 1786 3442 artis

135 3494 229 3557 partes
243 3486 297 3541 cito
308 3501 340 3539 ae
353 3481 435 3537 facilc
445 3481 586 3535 discerent
595 3477 707 3549 singuli,
717 3492 753 3531 ne
765 3491 863 3531 omnes
873 3474 904 3529 in
913 3478 975 3529 arte
989 3490 1047 3529 una
1058 3472 1139 3528 tarde
1152 3477 1180 3527 et
1190 3471 1302 3528 ditilcile
1314 3478 1482 3544 cogerentur
1492 3491 1553 3530 esse
1562 3474 1678 3547 perfecti
1688 3474 1783 3547 (Aac,

136 3578 184 3631 lib.
197 3590 234 3629 vn
249 3576 281 3629 de
295 3574 411 3630 Cioitote
425 3572 483 3637 uei,
501 3585 559 3639 cop.
575 3567 617 3636 1.)
1422 3583 1425 3589 -

172 3665 215 3719 lta
229 3664 395 3735 plerumque
405 3659 498 3715 evenit
510 3658 540 3712 in
552 3656 633 3711 libris
646 3654 834 3710 recensendis.
851 3654 915 3709 Non
933 3651 968 3708 ab
981 3669 1038 3708 uno
1052 3653 1156 3724 aliquo,
1173 3668 1230 3707 non
1247 3667 1264 3706 a
1277 3651 1396 3719 duobus,
1412 3652 1462 3707 sed
1477 3669 1495 3708 a
1507 3652 1635 3725 pluribus
1653 3670 1785 3727 saperes

135 3771 194 3809 una
204 3752 362 3825 perfinitum
378 3767 443 3806 eum
456 3749 501 3803 hie
512 3748 541 3802 in
556 3745 781 3817 antiquariorum
795 3741 988 3816 praestantiam
997 3741 1124 3814 inquirit,
1142 3747 1175 3796 ut
1183 3741 1425 3814 typographorum
1439 3741 1558 3814 castiget
1572 3741 1657 3812 vitia3
1672 3742 1726 3800 iste
1736 3759 1785 3800 or·

136 3843 210 3898 dinis
223 3848 252 3898 et
272 3856 368 3896 rerum
383 3841 520 3910 majorem
535 3835 674 3892 rationem
693 3833 787 3901 habet,
812 3833 859 3888 ille
874 3830 1007 3888 historiae.
1025 3832 1068 3887 lta
1083 3831 1239 3886 multorum
1248 3830 1350 3886 collata
1366 3846 1463 3904 manu,
1480 3835 1566 3904 prout
1579 3847 1719 3905 quemque
1732 3849 1785 3906 ge·

136 3933 200 3987 nius
212 3931 298 3998 ducit,
314 3928 408 4002 prodit
419 3927 535 3982 tandem
549 3924 655 3998 aliquid
670 3927 843 3981 accuratum.

173 4020 253 4085 Quod
267 4024 299 4076 ut
320 4017 355 4072 de
379 4015 500 4071 editione
512 4014 565 4068 hac
576 4012 714 4084 spondere
732 4027 790 4066 non
804 4009 934 4077 audeam,
949 4008 990 4064 ita
1002 4009 1136 4066 lectorem
1151 4009 1270 4066 invitare
1296 4027 1352 4067 non
1366 4026 1475 4082 vereor,
1488 4016 1521 4066 ut
1543 4012 1696 4071 editionem
1709 4013 1784 4071 hano

139 4125 203 4164 cnm
222 4107 285 4162 aliis
296 4103 465 4161 editionibus
480 4102 612 4168 conferat,
625 4106 654 4156 et
667 4098 773 4155 arbiter
785 4099 883 4154 sedeat
891 4114 982 4170 operes
996 4115 1013 4153 a
1027 4099 1146 4171 singulis
1161 4099 1304 4171 praestitae.

175 4198 241 4262 Quae
257 4195 328 4251 mihi
343 4192 468 4249 subsidia
477 4192 591 4258 luerint,
603 4196 663 4245 tum
674 4205 691 4243 a
700 4187 780 4243 libris
795 4203 873 4255 mss,
890 4191 952 4241 tum
967 4186 1001 4242 ab
1017 4187 1115 4255 Editis,
1132 4188 1198 4260 quid
1213 4188 1262 4243 alii
1277 4205 1388 4263 quoque
1400 4190 1593 4262 prestiterim,
1605 4192 1653 4265 qui
1663 4197 1728 4249 ante
1738 4208 1784 4249 me

139 4285 191 4340 hec
204 4285 354 4341 decurrere
368 4280 469 4347 orbita,
484 4279 638 4335 edisseram
653 4275 762 4343 ordine,
778 4274 802 4329 si
815 4274 894 4346 prius
913 4274 948 4330 de
971 4276 1073 4331 horum
1087 4276 1224 4332 librorum
1243 4277 1435 4351 inscriptione,
1450 4279 1620 4350 auctoribus,
1646 4281 1785 4353 interpre-

138 4374 223 4442 tibus,
238 4371 405 4429 aucteritats
421 4371 493 4442 (quse
508 4366 645 4425 solemnia
658 4366 715 4421 sere
726 4363 899 4436 praeambula
913 4371 989 4433 sunt)
1004 4381 1062 4420 non
1075 4365 1189 4421 omnino
1204 4364 1394 4438 perfunctorie
1408 4366 1575 4424 disseruero.

306 4636 604 4697 PROLEGOMENON
618 4633 772 4689 PRIMUM.
947 4633 974 4692 A
1015 4628 1041 4685 2.
1059 4629 1231 4698 Gennadius,
1248 4630 1282 4685 de
1298 4630 1400 4687 illustr.
1413 4631 1541 4689 Ecclesia
1557 4635 1705 4711 scriptor,
1721 4655 1786 4713 cap.

290 4730 352 4798 Oua
366 4730 467 4785 horum
482 4729 621 4783 librorum
636 4724 792 4792 inscriptio.
981 4718 1026 4787 11,
1036 4720 1064 4773 in
1072 4719 1190 4791 Evagrio
1197 4719 1349 4775 monacho:
1362 4739 1374 4772 1
1386 4720 1473 4791 Cujus
1483 4722 1655 4794 etiamliber,
1667 4727 1715 4799 qui
1721 4727 1787 4784 atti·
1883 4712 1887 4720 ¹

180 4820 234 4892 [ru]
246 4819 313 4875 Dico
323 4819 425 4890 primo,
437 4823 469 4872 ut
479 4831 554 4870 nunc
563 4813 679 4886 passim,
689 4810 792 4881 itsjam
805 4807 942 4865 obmlibri
982 4808 1090 4863 tulatur
1103 4810 1164 4864 Vita
1177 4811 1304 4876 Petrum,
1316 4809 1392 4864 velut
1404 4809 1639 4870 continentissimi
1649 4820 1678 4871 et
1692 4816 1787 4873 erudi-

177 4999 205 5053 1.
218 4996 348 5053 Gelasius
356 5011 440 5067 papa,
453 4992 482 5047 in
492 4990 609 5048 concilio
619 5005 693 5044 anuo
704 4987 807 5042 Christi
817 4985 868 5042 let
879 5003 942 5043 cum
984 4986 1031 5042 nio
1043 4986 1213 5042 Bononiensi
1223 4987 1368 5058 episcopo-z
1387 5005 1401 5042 c
1417 4989 1566 5062 Scripsisse
1574 4997 1691 5064 putatur
1704 4994 1785 5052 Vitas

145 5101 197 5142 nux
212 5085 349 5159 episcopis
361 5085 456 5139 aomae
471 5080 567 5136 habito
586 5078 725 5134 delectum
740 5076 840 5132 babuit
859 5075 944 5131 eccle·
984 5075 1101 5131 Petrum
1114 5075 1315 5131 monachorum
1326 5077 1449 5150 AEgppti.
1467 5098 1480 5133 1

144 5176 321 5232 siasticorum
333 5173 480 5238 librorum,
494 5170 693 5239 decretumque
709 5165 842 5233 condidit,
869 5164 944 5236 quod
1021 5163 1048 5222 3.
1066 5164 1231 5220 Paschasius
1247 5165 1275 5219 S.
1292 5164 1326 5221 R.
1341 5166 1372 5221 Ε.
1387 5167 1521 5225 diseonm
1541 5171 1657 5244 prologo
1678 5188 1730 5228 suo
1754 5173 1787 5230 in

144 5265 263 5321 babetur
276 5265 306 5320 in
327 5263 439 5318 decreto
454 5258 580 5314 Gratiani
595 5257 661 5312 dist.
690 5254 729 5321 15,
754 5272 815 5326 cap.
843 5255 945 5311 Sancta
985 5253 1098 5320 librum,
1115 5270 1198 5325 quem
1214 5254 1248 5309 de
1262 5253 1335 5310 Vitis
1349 5257 1466 5312 Patrum
1481 5264 1583 5331 rogatu
1600 5261 1715 5318 Martini
1726 5263 1787 5320 Du-

146 5356 268 5409 nomana
282 5353 409 5418 Ecclaio,
425 5351 454 5405 in
472 5366 526 5421 quo
540 5348 596 5403 ista
609 5345 709 5400 habet:
724 5344 803 5399 Vitas
818 5344 944 5412 Petrum,
986 5342 1101 5397 miensis
1115 5338 1224 5397 abbatis
1237 5343 1383 5400 Latinitati
1399 5346 1530 5402 donarit:
1551 5348 1654 5406 «Vitas
1666 5350 1785 5407 Petrum

146 5442 235 5507 Pauli,
251 5440 375 5507 Antonii,
392 5437 555 5505 Hilarionis,
572 5440 601 5491 et
611 5433 737 5490 omnium
752 5433 944 5500 eremitarum,
988 5437 1160 5493 sanctorum,
1172 5431 1333 5489 Graecorum
1344 5436 1506 5506 (utosetera)
1517 5435 1647 5494 facundia
1661 5438 1786 5496 studiose

147 5546 217 5602 quas
224 5519 948 5600 mmenvirbeatusscripsitHieronymus,cumomni
989 5520 1170 5593 conscriptas,
1183 5520 1305 5591 jussusa
1319 5527 1356 5590 te,
1373 5523 1547 5582 sanctissime
1557 5525 1650 5597 Pater,
1665 5526 1695 5583 in
1707 5524 1788 5584 Lati·

150 5617 256 5677 honors
269 5617 478 5692 suseipimus.»
990 5625 1059 5667 num
1073 5608 1226 5667 nansterre
1240 5625 1438 5668 sermonem.»
