3818 6120
139 390 194 451 658
641 395 726 451 VITA
744 395 899 453 SANCTAE
917 396 1054 469 MARIAE,
1074 399 1299 459 nuam'nmrs.
1727 412 1779 474 654

140 517 287 574 universas
310 518 429 575 virtutes
452 517 540 574 animi
558 517 709 574 festinabat
728 519 855 592 implere.
886 519 1069 582 VirAautin
1083 541 1168 598 quam
1183 525 1291 583 foveam
1304 530 1503 604 memetipsam
1516 536 1778 610 precipitemebi

137 625 264 681 namque
272 609 656 679 sanctissimusjneessantar
669 626 721 682 pro
731 626 765 664 ea
778 626 842 666 curn
850 610 940 683 lacry·
979 617 1023 667 est
1035 615 1231 686 magisterium
1240 617 1411 675 sanctissimi
1422 623 1516 692 patrui
1524 626 1599 681 mei?
1609 627 1663 684 Ubi
1671 631 1780 687 monita

138 700 195 756 mis
208 700 361 756 Dominum
368 699 579 772 deprecabatur,
592 717 628 754 ne
642 716 721 755 mens
731 701 792 772 eJus
802 716 870 756 cura
882 705 938 755 ter-
978 702 1091 774 collegae
1105 706 1169 776 eius
1186 706 1335 777 Ephreem?
1347 709 1395 779 qui
1408 726 1452 767 me
1462 711 1600 770 docebunt
1611 717 1640 773 iu
1652 721 1779 777 meavir.

138 804 273 845 renerum
288 796 401 845 actuum
420 790 621 861 implicaretur,
638 789 760 860 eoquod
776 791 838 861 ejus
857 795 939 862 pater
977 790 1097 861 ginitate
1113 795 1275 865 perdurare,
1290 797 1469 856 exhortantes
1484 808 1515 858 ut
1524 803 1702 876 impollutam
1715 810 1778 865 ani·

138 879 395 935 moriensinfinitas
403 881 534 952 pecunias
541 881 568 935 ei
575 879 744 951 reliquisset:
752 885 939 951 quasmortuo
981 897 1056 936 maru
1071 882 1225 939 immortali
1239 902 1342 956 sponso
1354 904 1503 944 servarem.
1525 893 1649 964 Sponsus
1672 898 1777 953 etenim

138 983 289 1040 germano,
304 975 333 1024 ot
347 971 406 1025 tilia
418 971 480 1041 ejus
494 970 529 1024 ad
545 987 574 1025 se
590 969 776 1041 confugiente,
791 969 939 1024 confestim
981 975 1055 1037 tuus,
1073 971 1212 1037 dicebant,
1225 980 1338 1029 sanctus
1352 982 1381 1030 et
1392 978 1545 1035 zelansest.
1558 983 1619 1038 lleu
1635 1002 1679 1040 me
1691 987 1698 1040 l
1709 987 1777 1058 quid

138 1056 263 1114 famulus
273 1058 379 1114 Christi
392 1058 523 1115 distribui
528 1059 614 1131 jussit
627 1059 723 1130 egenis
737 1064 823 1130 atque
836 1059 937 1130 orpha·
981 1060 1084 1129 agam?
1098 1061 1161 1115 Non
1172 1062 1263 1117 audeo
1279 1064 1340 1134 iam
1354 1067 1455 1121 coelum
1470 1070 1604 1139 aspicere,
1619 1090 1684 1129 cum
1700 1076 1777 1147 apud

139 1147 611 1220 nisilaecquoquepatruumsuum
626 1147 937 1220 precabaturquotidie,
981 1147 1068 1203 Deum
1080 1150 1297 1207 ethominesme
1313 1160 1453 1210 mortuum
1466 1165 1777 1231 essecognoscam.lam
1854 1192 1858 1197 ·

139 1242 174 1293 ut
182 1254 272 1309 prose
282 1238 431 1294 Dominum
443 1241 711 1310 oraret,quatcnusa
721 1236 938 1308 cogitationibus
980 1237 1054 1292 enim
1071 1239 1106 1293 ad
1121 1239 1272 1295 fenestram
1288 1242 1365 1297 illam
1379 1246 1569 1318 propinquare
1584 1266 1640 1305 uon
1654 1253 1773 1309 audebo.

138 1327 485 1398 pessimisetdiversorum
496 1329 662 1399 laqueorum
670 1325 940 1397 diabolievipcretur
980 1327 1778 1404 Quomodoegopeccatrixetplenaimmuuditiaesordibus

138 1415 261 1471 insidiis.
273 1417 533 1487 Constanterigitur
538 1415 663 1471 instituti
675 1415 719 1470 sui
734 1416 861 1487 regulam
869 1414 940 1469 obti-
979 1431 1091 1472 rursum
1102 1426 1269 1475 cumsancto
1278 1428 1379 1492 patruo
1392 1440 1456 1480 meo
1465 1425 1543 1498 loqui
1551 1429 1667 1484 tentabo
1677 1431 1777 1496 lQuod

138 1504 402 1562 nebat.Exsultabat
416 1513 510 1561 autam
522 1511 640 1577 patruus
651 1506 723 1576 ejus,
736 1505 810 1577 quod
824 1504 938 1559 siccam
979 1511 1008 1559 et
1027 1505 1051 1560 si
1073 1523 1144 1561 ausa
1157 1507 1247 1575 fuero,
1265 1526 1358 1566 nonne
1375 1513 1450 1583 ignis
1464 1530 1499 1569 ex
1520 1517 1644 1573 fenestra
1658 1520 1777 1588 exsiliet,

137 1601 300 1668 promptam
307 1597 368 1651 sine
377 1596 435 1651 ulla
446 1595 620 1651 hesitatione
634 1594 778 1649 incunctis
788 1592 937 1648 virtutibus
979 1593 1027 1664 qui
1038 1611 1082 1650 me
1090 1595 1236 1652 confestim
1243 1600 1358 1655 exuret?
1371 1602 1472 1659 Melius
1482 1609 1525 1659 est
1539 1623 1606 1678 ergo
1617 1608 1687 1664 mihi
1700 1608 1778 1666 abire

137 1690 270 1740 cerneret
281 1685 448 1757 promoveri,
460 1685 491 1740 in
505 1684 636 1756 lacrymis
653 1683 766 1749 scilicet,
783 1683 813 1737 in
824 1682 938 1737 humili·
979 1681 1008 1738 in
1022 1684 1107 1739 aliam
1122 1687 1252 1757 patrium,
1264 1688 1312 1744 ubi
1327 1691 1421 1747 nullus
1432 1695 1531 1766 estqui
1540 1699 1682 1769 mepossit
1691 1716 1779 1771 agno·

137 1780 209 1841 tate,
225 1775 255 1830 in
270 1775 416 1839 modestia,
434 1775 463 1829 in
480 1774 587 1846 quiete:
606 1773 774 1844 etquodhis
789 1771 938 1827 sublimius
978 1789 1065 1839 scere,
1086 1791 1118 1829 co
1138 1777 1211 1846 quod
1234 1779 1321 1833 semel
1337 1781 1399 1850 jam
1413 1788 1526 1839 mortue
1539 1785 1602 1851 sim,
1628 1803 1680 1842 nec
1701 1789 1779 1844 ultra

138 1869 193 1928 est,
209 1880 277 1935 erga
291 1864 381 1919 Deum
395 1864 498 1918 eximia
511 1863 658 1919 charitate.
675 1862 783 1932 Viginti
797 1861 936 1932 siquidem
949 1855 1048 1916 Bmihi
1069 1880 1133 1933 spes
1155 1864 1255 1920 salutis
1279 1867 1377 1922 relicta
1397 1869 1443 1924 sit.
1467 1872 1647 1945 Consurgens
1667 1883 1774 1945 autem,

137 1954 223 2009 aunis
234 1969 298 2008 cum
310 1953 378 2008 eoin
389 1952 560 2009 abstinentia
571 1953 684 2023 degens,
693 1952 769 2006 velut
775 1967 848 2022 agna
858 1950 938 2021 pudi·
978 1950 1107 2022 protinus
1120 1954 1245 2024 perrexit
1258 1955 1288 2010 in
1303 1957 1388 2012 aliam
1402 1958 1554 2029 civitatem,
1573 1968 1658 2035 atque
1672 1965 1703 2020 in
1717 1971 1776 2021 sta·

137 2043 251 2099 cissirna
266 2047 351 2114 atque
365 2043 589 2098 incontaminata
601 2040 731 2097 columba
743 2040 938 2104 convixitQuo
979 2038 1094 2113 bulo(‘t)
1113 2058 1143 2097 se
1168 2045 1300 2114 quodam,
1326 2053 1435 2103 mutato
1456 2050 1575 2120 pristino
1589 2052 1697 2121 babitu,
1718 2056 1776 2111 col·

138 2137 267 2205 tempore
283 2149 423 2188 annorum
438 2133 559 2203 expleto,
581 2130 713 2186 saeviclvat
725 2130 860 2185 adversus
875 2145 938 2183 eam
979 2129 1087 2184 locavit.

137 2221 276 2288 diabolus,
292 2227 321 2278 et
334 2221 450 2277 insidias
460 2221 557 2276 solitas
572 2218 770 2292 praetendebat,
797 2218 938 2290 quomodo
1016 2218 1084 2274 Car.
1096 2219 1143 2275 lv.
1158 2252 1186 2261 -
1199 2220 1301 2278 Verum
1310 2241 1375 2280 cum
1391 2226 1449 2281 haec
1463 2228 1547 2284 ruina
1559 2231 1681 2301 praefatae
1692 2230 1776 2288 femi.

137 2327 202 2367 eom
228 2317 323 2383 posset
340 2311 399 2367 suis
427 2310 552 2367 cassibus
575 2309 695 2375 irretire,
720 2314 753 2363 ut
776 2308 875 2364 saltem
899 2306 939 2361 sic
979 2322 1023 2362 nto
1036 2309 1778 2384 contigisset,hujusmodivisiobestoviroostenditur

137 2400 305 2456 moestitiam
313 2398 676 2471 sollicitudinemquebeato
686 2398 744 2452 viro
758 2402 853 2469 posset
862 2396 939 2451 incu·
979 2412 1031 2466 per
1048 2414 1187 2470 soporem.
1205 2399 1284 2456 vidit
1301 2418 1425 2474 namque
1446 2404 1599 2463 draconem
1620 2408 1777 2467 terribilem

138 2494 210 2559 tere,
227 2489 544 2562 etquantulumeunque
556 2494 676 2543 trientem
691 2487 804 2559 ipsiusa
818 2486 938 2541 Domino
979 2489 1064 2556 atquc
1080 2486 1244 2556 immanem,
1259 2496 1430 2563 aspectuque
1443 2492 1504 2565 ipso
1514 2493 1733 2566 fetidissimum,
1748 2504 1779 2554 et

138 2595 282 2653 separare.
979 2573 1180 2632 infortitudine
1188 2577 1645 2653 sibilantem3quasiexeuntemde
1654 2587 1777 2658 quodam

154 2662 160 2670 ¹
175 2670 243 2725 Gar.
259 2669 310 2728 ill.
320 2700 352 2712 ·-
363 2670 430 2725 Erat
444 2674 540 2724 autem
562 2668 677 2739 quidam
691 2666 863 2739 professione
878 2671 939 2720 tan·
979 2663 1049 2731 loco,
1071 2670 1100 2720 et
1110 2681 1199 2738 usque
1213 2667 1249 2722 ad
1263 2668 1393 2724 cellulam
1408 2687 1488 2726 suam
1506 2673 1675 2743 venientem,
1691 2681 1720 2732 et
1729 2693 1776 2732 re·

138 2759 288 2816 tummodo
303 2759 468 2825 monachus,
479 2758 528 2830 qui
549 2756 601 2813 sub
617 2757 734 2812 obtentu
744 2755 938 2812 edificationis
979 2753 1085 2838 perisse
1097 2754 1135 2810 ibi
1145 2756 1315 2825 columbam,
1327 2764 1412 2831 atque
1420 2761 1539 2831 glutisse
1552 2779 1626 2831 eam,
1638 2769 1668 2819 et
1679 2782 1777 2821 rursus

140 2849 178 2905 ad
193 2865 260 2905 oum
268 2848 376 2921 saepius
384 2864 502 2921 pergere
511 2847 628 2902 solebat.
640 2847 730 2903 Sedet
741 2847 817 2902 illam
826 2845 938 2900 beatam
978 2841 1008 2896 in
1026 2859 1106 2898 suam
1123 2844 1231 2901 foveam
1255 2863 1403 2903 remeasse.
1430 2849 1646 2922 Expergefactus
1668 2859 1774 2923 autem,

138 2934 939 3012 perfenestramnihilominuscontemplandoduxuriresti·
980 2931 1218 3006 contristatusque
1237 2936 1424 3004 vehementer,
1452 2939 1528 2994 flevit
1546 2957 1664 3011 amare;
1684 2943 1779 3000 existi·

138 3028 365 3099 mulisagitatus,
375 3043 439 3082 cum
452 3044 486 3082 ea
500 3026 620 3097 colloqui
628 3026 767 3097 cupiebat,
776 3040 940 3080 amornam·
980 3036 1061 3076 ruens
1074 3022 1184 3078 Satanae
1192 3025 1415 3094 persecutionem
1421 3026 1555 3084 adversus
1568 3030 1619 3085 Dei
1626 3031 1778 3088 Ecclesiam

137 3205 225 3263 batur
238 3206 264 3261 ei
277 3223 388 3278 quoquc
398 3206 488 3261 multo
503 3205 639 3276 temporis
648 3205 749 3276 spatio,
762 3204 802 3258 ita
814 3209 846 3258 ut
855 3199 1101 3277 uniusgscliisma
1115 3201 1229 3273 aliquod
1238 3201 1269 3257 in
1282 3210 1380 3258 sancta
1390 3204 1513 3260 Ecclesia
1525 3206 1699 3279 gigneretur.
1710 3209 1778 3265 Pro·

139 3293 870 3364 annicirculusvolveretur,doneccogitationemejus
880 3309 939 3347 ver·
979 3289 1090 3344 volutus
1104 3289 1200 3362 itaque
1208 3291 1339 3363 genibus.
1355 3299 1486 3365 precatus
1496 3300 1542 3350 est
1553 3297 1715 3364 Dominum,
1732 3298 1776 3354 di·

137 3384 239 3441 borum
267 3401 384 3441 suorum
404 3384 521 3440 mollitie
544 3388 698 3439 enervaret.
724 3382 850 3454 Denique
875 3398 939 3453 ape
979 3393 1045 3433 cens
1058 3398 1065 3433 :
1080 3379 1122 3435 Tu
1134 3380 1182 3453 qui
1196 3397 1226 3436 es
1240 3382 1373 3452 praescius
1390 3383 1585 3440 universorum
1598 3386 1775 3454 Deusama·

138 3475 216 3531 riens
235 3475 311 3530 cellae
332 3491 390 3529 suae
410 3477 571 3540 fenestram,
587 3472 731 3545 egreditur
746 3472 781 3526 ad
796 3486 871 3537 eum,
889 3471 937 3542 qui
978 3472 1024 3522 tor
1048 3468 1204 3535 hominum,
1229 3476 1261 3526 tu
1279 3471 1354 3526 nosti
1374 3471 1441 3544 quid
1463 3471 1516 3527 sibi
1535 3473 1603 3529 velit
1622 3474 1682 3530 hac
1695 3475 1776 3532 visio.

141 3581 205 3619 eam
238 3563 367 3635 protinus
390 3548 494 3618 scelere
518 3562 677 3633 iniquitatis
701 3565 786 3632 atque
813 3559 938 3615 libidinis
979 3556 1101 3612 Rursum
1116 3564 1180 3630 post
1193 3559 1264 3615 duos
1277 3560 1346 3628 dies,
1362 3560 1432 3616 vidit
1441 3562 1572 3617 eumdem
1580 3563 1731 3620 draconem
1740 3565 1777 3621 si·

141 3653 344 3711 contaminavit
375 3668 408 3707 ac
440 3652 549 3723 polluit.
584 3651 737 3722 Postquam
771 3666 836 3703 vero
867 3648 938 3704 tanti
979 3646 1039 3700 mili
1054 3648 1137 3703 modo
1155 3648 1191 3704 ad
1209 3649 1308 3704 celiam
1319 3666 1399 3705 suam
1413 3651 1532 3719 venisse,
1549 3657 1578 3707 et
1591 3653 1719 3725 posuisse
1728 3670 1776 3710 ca-

140 3742 249 3816 peccati
274 3742 382 3798 facinus
415 3741 595 3815 perpetravit,
630 3740 740 3811 expavit
771 3756 819 3813 cor
851 3739 934 3809 ejus;
979 3741 1031 3806 put
1042 3735 1292 3810 subpedibusrjus,
1305 3739 1776 3814 fuissequediruptum;columbam

140 3832 381 3904 conscindensque
404 3831 524 3887 cilicium
548 3847 603 3901 quo
622 3835 685 3884 erat
701 3829 809 3893 induta,
838 3828 938 3883 faciem
978 3830 1147 3892 veroaw
1156 3826 1232 3881 illam
1242 3845 1328 3899 quam
1337 3829 1528 3898 devoraverat,
1540 3831 1667 3887 vivamin
1679 3839 1774 3889 ventre

139 3938 221 3977 suam
236 3921 366 3976 manibus
384 3919 558 3985 verberabat,
579 3919 694 3989 cupiens
715 3918 802 3973 nirnio
817 3933 937 3972 moerore
978 3915 1039 3984 ejvs
1054 3922 1210 3986 repertam3
1222 3922 1256 3989 ct
1265 3917 1422 3973 extendisse
1436 3935 1551 3976 manum
1565 3937 1656 3987 suam,
1670 3922 1775 3978 vivam-

139 4026 171 4067 se
184 4011 271 4066 morti
292 4010 522 4080 crederemque
545 4007 696 4062 anxietatis
717 4022 850 4078 oppressa
869 4022 937 4076 pon·
979 4018 1033 4073 que
1052 4021 1113 4058 eam
1136 3994 1283 4077 recepisse.
1300 4007 1515 4080 Expergefactus
1529 4015 1635 4078 autem,
1658 4012 1776 4068 vocabat

139 4098 215 4165 dere,
231 4099 301 4154 duru
313 4096 522 4152 deliberationis
537 4102 650 4169 portum
669 4111 726 4150 non
735 4100 872 4163 cerneret,
893 4094 938 4150 di·
978 4089 1088 4147 beatam
1100 4093 1176 4149 illam
1187 4096 1274 4151 semel
1284 4102 1369 4169 atque
1377 4097 1488 4165 iterum,
1500 4103 1604 4169 putans
1613 4116 1676 4154 eam
1687 4099 1777 4156 incel-

140 4188 227 4243 rersis
237 4187 439 4259 cogitationum
454 4185 568 4241 aestibus
583 4184 738 4241 fluctuabat
750 4204 756 4252 ;
773 4183 938 4256 plangebat·
978 4180 1037 4236 lula
1049 4199 1118 4247 esse,
1134 4188 1163 4238 et
1176 4184 1303 4240 dicebat:
1319 4185 1376 4241 Cur
1390 4187 1528 4258 tepiguit,
1542 4188 1601 4242 filis
1614 4189 1714 4256 Maria,
1736 4190 1777 4244 sic

138 4293 193 4348 que
206 4295 237 4333 se
253 4294 309 4332 non
324 4293 385 4333 esse
399 4275 474 4348 quod
491 4276 630 4344 fuerat,et
646 4274 824 4346 cumejulatu
835 4273 937 4345 sapius
978 4272 1081 4327 etenim
1095 4273 1148 4328 fuit
1158 4274 1288 4341 vocitata,
1300 4276 1362 4345 jam
1373 4275 1482 4330 duobus
1494 4275 1593 4331 diebus
1604 4292 1635 4331 os
1648 4284 1731 4332 tuum
1744 4279 1775 4332 in

138 4367 300 4438 proferens:
319 4367 386 4437 Ego,
409 4366 509 4438 inquit,
527 4366 587 4437 jam
608 4382 653 4420 me
669 4382 702 4420 ex
721 4364 774 4420 hoc
795 4369 936 4419 mortuam
978 4361 1028 4416 Dei
1038 4361 1167 4416 laudibus
1175 4361 1371 4432 aperirelSed
1379 4378 1444 4417 curn
1456 4379 1620 4435 responsum
1630 4366 1657 4419 ei
1666 4366 1776 4422 nullum

138 4457 242 4512 sentio:
258 4455 367 4527 perdidi
386 4455 447 4510 dies
469 4471 548 4511 meos
563 4459 592 4510 et
613 4453 737 4510 laborem
759 4452 936 4509 abstinentia
977 4451 1101 4514 daretur,
1118 4455 1147 4505 et
1165 4450 1238 4521 quod
1251 4467 1313 4505 eam
1327 4466 1379 4523 per
1390 4451 1506 4507 biduum
1516 4453 1682 4525 psallentem
1691 4454 1775 4510 solito

138 4562 217 4612 meae,
232 4547 393 4601 orationum
411 4544 551 4617 lacryma,
568 4544 783 4615 vigiliarumque
799 4559 886 4616 opera
899 4541 935 4597 ad
945 4535 1055 4596 Dmore
1073 4557 1130 4595 non
1145 4539 1266 4607 audiret,
1284 4541 1484 4596 animadvertit
1498 4543 1633 4597 visionem
1643 4560 1724 4599 suam
1739 4544 1774 4599 ad

138 4635 259 4691 nihilum
273 4638 341 4690 sunt
354 4634 491 4702 deducta,
508 4634 597 4689 Deum
613 4650 708 4688 meum
722 4630 892 4699 exacerbavi,
907 4636 937 4686 et
976 4630 1053 4684 illam
1070 4628 1225 4684 certissime
1234 4630 1386 4703 pertinere.
1402 4631 1481 4687 Tunc
1490 4631 1627 4703 ingemuit
1643 4648 1676 4687 ac
1698 4633 1775 4688 flevit

138 4725 276 4797 meipsam
285 4723 425 4779 interemi.
440 4723 503 4778 Heu
521 4740 566 4777 me
582 4722 714 4778 miseram
731 4723 737 4776 l
753 4721 829 4777 omni
842 4721 935 4793 lacry-
977 4736 1085 4785 amarem
1102 4725 1130 4774 et
1144 4719 1315 4792 profundens
1325 4720 1472 4792 lacrymas,
1488 4721 1542 4777 ait:
1556 4721 1618 4777 Heu
1633 4723 1693 4777 mel
1708 4723 1776 4794 quia

137 4829 250 4869 marum
282 4812 358 4868 fonte
392 4812 604 4884 plangendam!
640 4813 774 4868 Sanctum
802 4815 936 4882 patruum
976 4826 1077 4881 agnam
1091 4809 1702 4882 meamlupuscrudelissimusrapuit,etsslia
1711 4828 1776 4868 mea

136 4918 233 4959 meum
252 4901 430 4958 amarissimo
454 4917 574 4957 moemre
595 4900 732 4972 depressi,
754 4898 935 4973 opprobrium
976 4898 1086 4971 captiva
1098 4898 1195 4954 effecta
1216 4904 1268 4953 est.
1286 4898 1418 4953 Exaltans
1437 4914 1548 4970 quoque
1569 4916 1665 4955 vocem
1680 4917 1771 4969 suam,

135 4991 240 5048 animas
255 5008 307 5047 mae
321 4990 432 5065 operuit
449 5007 504 5058 me,
525 4990 619 5045 illusio
642 4988 746 5045 diaboli
767 4988 841 5044 facta
860 5005 932 5043 sum.
976 5005 1040 5043 curn
1054 4987 1188 5060 lacrymis
1204 4987 1287 5042 dixit:
1310 4987 1439 5041 Salvator
1456 4987 1554 5042 mundi
1569 4989 1690 5057 Christe,
1711 5007 1775 5047 oon·

134 5080 211 5148 Quid
223 5081 293 5137 mihi
302 5080 406 5137 infelici
417 5082 478 5152 jam
494 5080 570 5136 ultra
583 5079 699 5134 vivere?
714 5080 775 5134 ileu
791 5079 852 5134 mo!
868 5077 934 5150 quid
975 5082 1052 5133 verte
1067 5077 1102 5131 ad
1118 5093 1162 5131 me
1177 5092 1279 5148 mam
1301 5092 1395 5130 meam
1412 5075 1540 5143 Mariam,
1555 5083 1640 5150 atque
1655 5079 1685 5134 in
1703 5081 1775 5137 ovile

132 5170 202 5245 egil
215 5171 279 5226 Heu
290 5170 349 5225 mel
365 5169 433 5242 quid
444 5169 550 5225 factum
562 5173 605 5225 est
619 5168 708 5224 mihil
718 5169 780 5223 Heu
795 5169 854 5224 me!
869 5167 935 5240 quid
975 5167 1039 5223 vitae
1049 5183 1111 5222 eam
1131 5165 1258 5232 restitue,
1274 5169 1377 5220 utnon
1395 5170 1525 5221 senectus
1549 5183 1610 5222 mea
1623 5185 1687 5225 oum
1708 5186 1776 5225 moe·

130 5259 205 5319 mati
218 5276 353 5333 perpessa
364 5258 449 5314 sum?
464 5259 526 5315 Heu
536 5259 595 5314 mel
611 5259 725 5314 undeet
738 5257 860 5329 qualiter
873 5273 935 5312 cor·
976 5273 1040 5313 rore
1053 5255 1088 5310 de
1102 5256 1154 5310 boc
1168 5254 1272 5310 mundo
1287 5253 1409 5309 recedat.
1422 5255 1465 5310 Ne
1482 5255 1620 5329 despicias
1641 5259 1775 5332 depreea-

129 5349 199 5407 ruii
214 5349 361 5415 Quomodo
376 5347 525 5404 obscurata
539 5352 583 5403 est
590 5365 670 5403 mens
680 5364 743 5402 mea
757 5347 769 5402 l
783 5348 846 5402 Non
856 5346 937 5401 intel·
975 5346 1083 5403 tionem
1098 5360 1201 5410 meam,
1218 5342 1345 5410 Domine,
1358 5342 1407 5398 sed
1420 5344 1501 5400 mitte
1515 5346 1636 5402 velocius
1651 5348 1775 5417 gratiam

128 5437 191 5495 laxi
216 5438 356 5510 quomodo
380 5437 460 5510 lapsa
483 5454 559 5504 sum,
581 5453 637 5492 non
655 5435 773 5508 cognovi
795 5435 936 5508 quomodo
976 5438 1066 5501 tuam,
1088 5439 1119 5489 ut
1134 5433 1228 5505 ejicias
1248 5449 1310 5487 cam
1330 5433 1365 5487 de
1385 5450 1433 5488 ore
1451 5434 1580 5490 draconis
1594 5436 1773 5492 incolumem.

128 5527 329 5587 wateminata
342 5542 415 5595 sum,
436 5525 530 5581 nescio
549 5525 689 5597 quomodo
711 5540 867 5579 cormeum
881 5540 936 5578 nu·
977 5526 1077 5597 ltaque
1091 5523 1147 5579 duo
1160 5522 1221 5577 dies
1235 5522 1284 5595 qui
1299 5521 1324 5577 ei
1348 5539 1399 5595 per
1412 5523 1538 5579 visionen
1561 5525 1677 5581 revelati
1695 5530 1773 5594 sunt,

131 5615 187 5673 bes
211 5615 362 5673 tenebrosa
388 5615 521 5684 contexit,
542 5614 683 5686 quomodo
706 5613 785 5687 potui
805 5614 938 5686 ignorare
979 5611 1099 5666 duorum
1114 5624 1255 5665 annorum
1264 5607 1405 5665 curnculo
1419 5608 1568 5677 finiuntur,
1582 5607 1777 5680 quibuslubri-

133 5705 205 5783 quid
216 5705 370 5781 gererem?
396 5703 449 5762 ubi
476 5703 653 5762 abscondar?
666 5702 709 5761 vel
729 5718 785 5779 qao
809 5716 937 5777 pergam,
979 5714 1042 5758 cam
1054 5696 1140 5756 vitam
1154 5696 1248 5772 neptis
1265 5697 1338 5771 ejus,
1354 5698 1435 5773 quasi
1454 5698 1484 5755 in
1498 5701 1594 5755 venue
1607 5695 1777 5781 sumussirni
