3832 6120
326 483 546 737 VITA
601 487 890 651 uniit
943 492 1500 660 POSTiliillli
1547 594 1615 689 o,

405 742 600 826 earnis
625 744 862 849 nnrnnun
889 744 1125 834 urceum
1148 752 1538 850 nonannoeane,

786 928 954 1001 induitis
977 934 1172 1003 inurens.

793 1204 1142 1394 lituisque.

182 1454 326 1530 Dnonm'i'n
340 1456 480 1522 desiderii)
493 1456 659 1522 desiderasti
671 1474 783 1540 sempei
794 1462 892 1525 audire
903 1480 964 1543 'quas
978 1472 1075 1528 sancia
1090 1478 1171 1537 'sunm
1184 1476 1213 1528 et
1222 1485 1282 1540 nos,
1294 1486 1330 1528 ne
1344 1476 1455 1530 silentiu
1464 1480 1593 1548 tempora
1602 1480 1788 1551 perstantes,

148 1552 246 1612 curare
264 1557 400 1613 debemus
417 1576 423 1611 :
440 1558 542 1614 id'circo
561 1561 596 1614 de
619 1560 749 1633 operibus
770 1554 882 1618 Domini
906 1566 999 1620 iacere
1019 1568 1077 1617 nen
1099 1570 1337 1634 possumusque
1356 1565 1385 1617 in
1408 1565 1495 1618 servis
1521 1563 1579 1620 suis
1594 1568 1787 1625 indesinenter

147 1636 280 1701 ostendit.
291 1636 329 1701 it
340 1648 473 1719 primuni,
486 1645 522 1703 ile
535 1644 632 1703 sancto
642 1644 806 1706 Posthnmio
815 1650 865 1707 Dei
880 1650 1123 1720 sententiantium,
1136 1668 1190 1723 quo
1205 1651 1302 1707 ordine
1317 1658 1384 1707 eum
1396 1653 1532 1709 Dominus
1546 1657 1581 1711 ud
1594 1666 1675 1712 susm
1686 1666 1785 1714 vocans

148 1726 281 1806 Dgnatns
293 1736 339 1815 sesi
351 1728 482 1807 glatiem,
498 1730 571 1792 sicut
589 1736 771 1795 referentium
787 1736 904 1811 iactavit
928 1743 1027 1807 eratin,
1051 1740 1098 1813 qul
1118 1741 1306 1795 conversione
1327 1740 1387 1812 eius
1410 1743 1538 1798 ordinem
1557 1742 1705 1801 novemini.
1720 1748 1786 1804 litet

147 1824 244 1879 vestre
259 1814 405 1911 dilectioni
420 1820 531 1898 ¹scriptis
544 1827 676 1883 intimare
691 1829 794 1897 curavi,
811 1831 951 1901 quomodo
966 1829 1150 1903 permetiens
1165 1828 1301 1884 Dominus
1315 1831 1492 1887 credentibus
1507 1820 1536 1887 i'n
1549 1842 1579 1888 se
1597 1828 1787 1891 manifestent

147 1913 224 1984 r'dgiil
234 1914 280 1968 sui
295 1910 471 1986 mysterium.

178 2318 513 2380 §alterutrumne-
520 2320 975 2390 EratP0sthumiusMempheusA
986 2321 1080 2375 litavit
1087 2321 1239 2376 Dominum
1248 2323 1339 2379 vaide.
1348 2324 1420 2378 Vere
1428 2332 1522 2380 autem
1532 2327 1702 2383 credidimus
1711 2328 1741 2383 in
1751 2345 1785 2384 eo

152 2410 256 2482 garsie,
271 2410 387 2482 gentiiis
399 2414 492 2473 natus,
506 2411 541 2464 sb
555 2410 673 2465 infantia
680 2410 824 2474 innocens,
830 2408 945 2479 ignarus
986 2409 1134 2479 impletum
1149 2410 1219 2465 iilud
1232 2413 1378 2484 prophetae
1390 2414 1540 2469 Ezechielis
1552 2415 1661 2484 (Ezecn.
1673 2418 1725 2485 111),
1740 2418 1782 2472 vei

152 2500 314 2565 literarum,
326 2499 400 2554 etali
410 2499 487 2557 omni
500 2499 601 2571 petitia
613 2499 724 2554 alienus
734 2499 943 2570 AEgyptiorum,
986 2498 1102 2553 loannis
1120 2501 1239 2570 apostoli
1254 2501 1344 2569 (Aper.
1360 2508 1397 2567 xi,
1413 2503 1461 2574 qui
1482 2503 1585 2558 librum
1604 2506 1782 2562 demonibus

154 2588 183 2643 tb
204 2592 304 2644 eorum
326 2589 477 2659 gentilium
504 2588 627 2643 delubris
649 2602 761 2660 semper
784 2592 942 2642 extraneus.
986 2587 1149 2656 angelorum
1178 2589 1355 2661 accipientes,
1380 2593 1564 2648 comederunt
1584 2600 1613 2648 et
1636 2595 1783 2667 adimpleti

155 2677 731 2749 iberattestinmspatarinsiuimunquam
741 2694 772 2731 se
786 2677 944 2731 adoiescen·
984 2681 1051 2729 sunt
1064 2676 1203 2747 sapientia
1215 2677 1251 2731 ad
1263 2679 1498 2749 prophetandum.

155 2768 215 2821 tium
227 2766 362 2838 gregibus
377 2766 561 2831 commiscuit,
572 2783 624 2820 nec
631 2765 734 2837 publici
752 2778 820 2820 usus
835 2765 943 2820 fabulas
1020 2765 1086 2819 (liv.
1103 2765 1271 2821 lii-Item
1281 2768 1784 2842 angeiusDominiietigitlabiaPost·

156 2852 296 2927 aliqnando
309 2855 448 2926 cognovit,
462 2872 511 2926 pes
530 2857 591 2926 ejus
605 2855 641 2909 ad
655 2855 816 2909 saltandum
831 2869 887 2908 non
901 2860 944 2908 est
984 2853 1083 2907 humii.
1099 2854 1133 2907 Et
1147 2855 1265 2925 depuisa
1278 2857 1476 2923 amaritudine,
1492 2859 1589 2929 lingua
1599 2861 1662 2930 ejus
1675 2860 1710 2914 de
1724 2860 1783 2914 Deo

157 2948 310 3001 commotus.
327 2946 429 3000 Invita
440 2961 493 2999 sua
506 2956 652 3016 nunqnam
666 2944 700 2998 de
713 2960 761 2998 ore
776 2945 838 3011 ejus
852 2943 943 3015 turpis
982 2941 1152 3013 loquebatur
1178 2943 1313 3013 ingentia.
1337 2945 1467 3018 Dixitque
1496 2947 1532 3001 ad
1553 2964 1619 3002 eum
1640 2949 1780 3019 angelus:

158 3046 236 3088 semo
243 3035 388 3105 prooessit,
399 3050 491 3104 neque
498 3033 617 3087 avaritia
626 3033 655 3087 in
665 3033 781 3101 oorejus
791 3031 942 3102 aliquando
984 3029 1141 3097 Posthumi,
1160 3033 1216 3102 lige
1229 3049 1323 3103 genua
1336 3039 1387 3088 tua
1400 3035 1430 3089 in
1444 3040 1530 3101 terra,
1546 3036 1688 3090 etfaciam
1703 3042 1782 3091 tuam

159 3123 280 3178 aemilii.
291 3123 334 3178 nti
349 3122 484 3178 feminam
499 3123 593 3177 oeulos
603 3129 678 3187 suos,
689 3138 753 3176 cum
767 3120 859 3175 adhuc
868 3126 943 3174 esset
983 3119 1018 3174 ad
1033 3119 1187 3186 Orientem,
1204 3126 1233 3174 et
1246 3126 1313 3176 tnnc
1323 3112 1493 3179 dabiturtibi
1507 3125 1592 3178 aDeo
1603 3125 1782 3196 quemadmo-

158 3208 303 3276 inoecuitn
320 3227 378 3266 non
396 3211 515 3278 iesarit;
531 3210 709 3264 mendacium
733 3209 810 3264 omni
837 3208 941 3262 virtute
983 3206 1050 3262 dum
1058 3208 1243 3280 possisorars.
1256 3210 1290 3264 Et
1298 3208 1580 3282 posuitPosthnmius
1588 3229 1682 3282 genua
1692 3228 1743 3267 sua
1751 3212 1781 3267 in

158 3296 256 3369 tutin
271 3300 444 3355 discordiam
457 3300 501 3354 vei
521 3299 618 3354 odium
632 3299 765 3352 adversus
783 3298 941 3370 proximum
981 3300 1097 3363 terram,
1110 3298 1209 3352 faciem
1220 3315 1332 3370 quoque
1343 3299 1428 3353 etiam
1440 3301 1476 3354 ad
1486 3300 1640 3369 Orientem,
1651 3306 1680 3355 et
1689 3301 1782 3356 infusa

158 3392 617 3460 mammequecontraeitranenm,
629 3385 942 3453 noverancustouiebat
983 3391 1025 3440 est
1042 3387 1068 3441 ei
1083 3386 1183 3453 oratio,
1197 3393 1226 3441 et
1248 3387 1288 3441 sit
1303 3406 1309 3440 :
1326 3388 1495 3443 Benedicam
1509 3394 1547 3456 te,
1563 3389 1683 3446 Domine
1705 3391 1781 3445 Deus

158 3490 240 3544 retem
248 3477 279 3532 in
291 3478 388 3533 anime
398 3486 449 3533 suo
461 3495 511 3549 per
521 3493 604 3532 omne
612 3482 733 3547 tempus.
983 3475 1169 3546 omnipotens,
1182 3493 1230 3530 rex
1238 3476 1368 3542 coelestis,
1379 3477 1426 3548 qui
1435 3478 1631 3548 ignorantibus
1638 3485 1667 3533 te
1678 3495 1780 3535 nomen

183 3565 941 3640 (iar.il.-Cumergonaecabeogererentnr,etanno-
981 3565 1781 3637 tnuminnotescereoemiacis,perDominumnostrum

158 3667 207 3708 rum
216 3659 291 3711 esset
296 3655 415 3726 uiginta
424 3661 541 3727 septem,
549 3654 716 3726 placuitDee
722 3654 829 3725 eripere
834 3668 899 3708 eum
907 3653 942 3707 de
952 3638 972 3700 Β
981 3653 996 3706 J
998 3669 1078 3707 mum
1086 3654 1229 3709 Christum
1240 3654 1341 3709 Filium
1350 3661 1442 3723 tuum,
1451 3673 1555 3711 nomen
1564 3662 1646 3712 tuum
1655 3656 1780 3713 efficiens

158 3746 519 3817 nnupuonepeccatnrum,
535 3752 564 3798 et
576 3744 611 3798 ad
625 3744 863 3816 incorruptionem
878 3742 941 3797 vitae
982 3742 1206 3807 manifestum,ut
1213 3744 1347 3814 populum
1357 3744 1407 3798 tibi
1415 3751 1598 3815 congregaret
1608 3763 1641 3800 ex
1649 3742 1780 3801 omnibus

157 3835 252 3888 sums
269 3839 397 3888 emcare.
412 3833 493 3888 Unde
506 3834 596 3888 lemur
608 3833 740 3887 introisse
754 3832 790 3886 ad
809 3849 873 3886 enm
888 3848 941 3885 nn·
980 3831 1111 3901 gentibus
1120 3831 1292 3903 adoptivum.
1306 3834 1378 3887 Nam
1392 3835 1487 3887 veiens
1496 3835 1601 3889 mundo
1616 3851 1779 3890 succurrere

157 3921 236 3990 mittin
247 3922 373 3991 Domini,
386 3923 565 3994 quandoipse
574 3922 694 3994 plectam
703 3922 786 3991 (dide
795 3927 874 3992 spato
884 3921 941 3992 ple
982 3918 1077 3973 labore
1096 3919 1245 3985 laboranti,
1260 3927 1376 3993 propter
1387 3923 1500 3992 generis
1514 3923 1631 3978 humani
1645 3925 1777 3991 salutem,

157 4010 243 4066 debet.
261 4012 368 4084 nilque
387 4013 422 4067 ad
436 4028 502 4067 eum
516 4013 632 4082 angelus
647 4028 654 4063 τ
672 4011 828 4065 Posthumi.
844 4012 881 4064 At
894 4011 941 4065 iiie
982 4007 1064 4062 unico
1078 4009 1209 4063 Fiiienon
1218 4010 1376 4081 pepercisti.
1394 4011 1448 4065 Per
1460 4029 1523 4066 eum
1535 4030 1601 4082 ergo
1608 4018 1637 4066 te
1652 4013 1777 4080 obsecro,

157 4098 186 4154 u'i
200 4119 207 4154 :
222 4101 298 4166 Quid
312 4102 374 4156 esti
389 4100 424 4156 Et
439 4101 511 4155 dixit
532 4101 568 4155 ed
592 4117 657 4155 eum
675 4101 791 4171 angelus
805 4100 938 4154 Domini:
982 4102 1010 4150 et
1024 4103 1103 4151 tuam
1118 4098 1350 4164 misericordiam,
1365 4105 1397 4153 ut
1411 4100 1480 4153 mihi
1491 4117 1561 4155 caeco
1572 4117 1670 4155 verum
1682 4102 1778 4156 lumen

156 4184 216 4250 initi
230 4195 274 4244 cst
284 4190 315 4244 in
324 4202 411 4245 manu
420 4189 492 4245 tua‘l
504 4190 554 4244 iiie
569 4189 624 4243 ait:
636 4189 723 4244 Funis
732 4189 893 4259 plectacius.
906 4189 941 4242 Et
982 4184 1011 4238 in
1027 4182 1150 4240 tenebris
1164 4187 1315 4241 constituto
1335 4188 1474 4242 ostendas.
1491 4189 1533 4243 Tu
1547 4189 1632 4254 enim,
1647 4189 1777 4256 Domine,

152 4273 213 4333 dizit
223 4276 261 4334 ad
275 4288 342 4333 etim
351 4279 468 4350 angelus
477 4279 590 4334 Domini
603 4297 609 4331 :
624 4279 713 4332 Deum
727 4278 874 4342 excelsum,
892 4278 939 4348 qni
981 4273 1054 4329 nosti
1065 4275 1248 4345 quianullum
1263 4270 1383 4328 sciebam
1394 4275 1509 4329 omnino
1520 4292 1687 4343 sermonem,
1701 4276 1777 4330 etdi-

152 4358 252 4422 basim
264 4367 297 4422 ln
310 4368 391 4434 cels,
402 4368 477 4423 nosti
487 4368 499 4421 l
509 4366 690 4422 Pestirumius
708 4366 780 4421 dixit
792 4385 798 4420 ε
810 4366 937 4433 Domine,
979 4368 1082 4432 gnatus
1090 4380 1120 4417 es
1132 4362 1238 4418 donare
1250 4362 1324 4434 quod
1331 4363 1462 4434 loquerer
1472 4363 1552 4431 adte,
1564 4370 1593 4418 et
1602 4364 1722 4419 docuisti
1732 4381 1777 4419 mc

147 4455 235 4510 estun
252 4456 279 4511 ti
293 4463 338 4512 cst
350 4458 425 4512 Deus
444 4457 474 4511 iri
491 4457 577 4522 etaim
592 4473 657 4511 sum
675 4456 751 4511 enim
765 4455 895 4520 rusticus,
912 4459 941 4509 et
982 4452 1083 4523 quibus
1096 4459 1124 4506 te
1138 4469 1281 4524 rogarem.
1301 4454 1340 4508 Ex
1355 4455 1475 4526 meipso
1494 4471 1639 4525 cognosco,
1659 4454 1777 4510 Domine

146 4544 273 4600 seneen
281 4546 352 4600 mini
358 4543 506 4617 sapientis.
516 4545 578 4599 Ani
589 4560 658 4599 mete
672 4545 792 4599 inservio
805 4544 840 4598 ab
850 4545 941 4599 inian·
981 4541 1055 4596 Deus
1078 4558 1168 4608 meus,
1188 4542 1332 4613 quievere
1347 4544 1411 4598 caeci
1434 4543 1539 4610 vident,
1555 4543 1632 4599 surdi
1646 4543 1773 4609 audiunt,

144 4630 187 4685 tie
199 4642 270 4702 mea,
287 4640 316 4688 et
330 4632 401 4689 nihii
411 4633 447 4688 ab
461 4633 577 4689 urbanis
588 4632 748 4688 nominibus
762 4633 856 4686 audivi
865 4632 939 4704 quod
980 4636 1123 4685 mutorum
1137 4631 1241 4701 linguae
1255 4630 1508 4698 solvuntur-‚claudi
1523 4631 1679 4698 ambulant,
1688 4632 1777 4703 lepre·

138 4715 289 4790 timerem,
302 4716 353 4778 sed
367 4730 398 4778 et
411 4722 553 4794 publicum
572 4738 683 4793 semper
701 4722 761 4792 fugi
783 4738 937 4778 accessum.
980 4736 1003 4772 st
1032 4721 1215 4786 mundantur,
1231 4738 1368 4792 pauperes
1389 4720 1625 4791 evrmgeiizantur,
1647 4725 1776 4791 peccato-

137 4801 220 4865 Dixit
229 4813 264 4867 ad
279 4829 344 4868 eum
357 4813 474 4883 angelus
485 4833 493 4866 .·
505 4813 562 4866 Ora
571 4813 671 4878 Deum,
680 4817 708 4866 et
714 4811 827 4866 dabitur
836 4811 888 4866 tibi
897 4829 940 4866 sa·
979 4825 1025 4863 res
1038 4815 1173 4864 vocantur
1187 4809 1292 4884 (Metili.
1317 4814 1366 4879 xi).
1382 4810 1451 4874 Quis
1465 4826 1543 4864 eram
1564 4825 1628 4880 ego,
1645 4810 1711 4882 quia
1730 4827 1775 4865 re-

133 4897 248 4961 penus
261 4906 292 4957 et
302 4902 472 4956 intellectus.
483 4902 665 4956 Postnumius
676 4901 750 4955 dixit
761 4920 767 4954 :
778 4902 867 4955 Deum
882 4917 938 4956 non
979 4898 1110 4953 cordatus
1124 4916 1153 4953 es
1167 4898 1223 4952 inei
1232 4898 1244 4951 i
1252 4899 1285 4953 ln
1300 4915 1354 4970 quo
1365 4898 1497 4970 praevalet
1506 4900 1581 4970 apud
1593 4905 1623 4955 te
1632 4900 1776 4972 pusillani-
1854 4919 1862 4931 ·

131 4989 209 5042 uon
220 5000 310 5058 mare,
324 4991 419 5046 neseio
429 4991 505 5045 enim
520 4990 586 5062 quid
601 4990 702 5045 dicam.
720 4991 755 5045 Et
768 4989 876 5061 accepit
891 5007 938 5045 an·
948 4999 970 5060 ρ
979 4987 1062 5041 mitas
1076 5004 1148 5053 mea,
1164 4988 1230 5058 quia
1239 4987 1381 5057 requisisti
1395 4987 1460 5042 mel
1474 4988 1567 5053 Quare
1576 5005 1651 5044 nunc
1664 4995 1729 5060 peto
1744 4999 1775 5045 ut

130 5076 222 5139 mins
232 5079 328 5135 lolium
342 5080 424 5146 lauri,
434 5087 463 5134 et
477 5079 589 5152 scripsit
599 5079 629 5134 in
641 5096 675 5134 eo
692 5078 777 5133 verba
791 5079 935 5147 orationis,
978 5076 1133 5131 asordibus
1143 5093 1188 5131 me
1201 5076 1298 5130 abluas
1312 5083 1490 5147 peecatorum
1497 5079 1635 5133 naturalis
1655 5079 1775 5135 miseriae

130 5167 182 5216 (³²
190 5165 260 5223 dedit
271 5169 341 5225 illud
353 5169 527 5236 Posinumio,
539 5169 654 5225 dicens:
667 5169 799 5224 tiendum
813 5169 892 5235 iliud,
909 5176 937 5224 et
978 5182 1057 5233 meae,
1069 5182 1131 5236 quas
1145 5183 1190 5219 me
1200 5165 1282 5236 longo
1295 5170 1419 5236 ternpore
1429 5167 1545 5237 pressit;
1556 5168 1683 5223 vivebam
1696 5170 1773 5224 enim

137 5252 201 5308 erit
210 5268 337 5313 amarum
351 5259 438 5314 inore
451 5265 500 5313 tuo
514 5257 587 5313 sicut
601 5257 840 5328 laurentiumque
856 5262 936 5311 iuurn
978 5255 1128 5308 cruditusa
1138 5253 1301 5325 parentibus
1310 5252 1461 5309 infideliter
1470 5272 1548 5310 more
1556 5257 1703 5327 gentilium
1713 5261 1774 5310 tan·

141 5329 267 5413 impetn
274 5347 514 5403 obsecrationibus
523 5347 676 5419 sapientiae,
692 5352 719 5400 el
732 5345 811 5400 dabit
821 5346 872 5401 tibi
884 5345 937 5399 ior·
979 5360 1063 5414 quarn
1077 5343 1167 5397 socius
1179 5344 1383 5413 jumentorum.
1397 5344 1496 5402 liisisti
1509 5351 1541 5399 tu
1557 5346 1628 5400 mihi
1641 5345 1772 5414 angeium

148 5434 219 5488 ¹lusit
228 5437 362 5493 omuonn
375 5443 406 5492 et
415 5453 491 5493 sanes
500 5436 643 5492 ductrinae.
654 5437 688 5490 Ei
700 5435 839 5506 accipiens
854 5435 936 5489 Post·
977 5437 1104 5498 tuum,et
1113 5431 1275 5502 percussisti
1284 5432 1376 5487 lemur
1389 5449 1494 5501 meum,
1506 5431 1773 5506 aperuistiquemini

156 5506 449 5586 imminendum
460 5544 467 5579 ε
480 5525 621 5581 etinctum
631 5530 675 5578 cst
685 5525 782 5594 osejus
795 5539 934 5577 amarum.
978 5537 1092 5575 ameum
1099 5526 1205 5591 pectus.
1222 5521 1268 5575 Vae
1279 5521 1383 5576 tacenti
1397 5521 1432 5576 de
1446 5529 1484 5589 te,
1500 5522 1567 5592 quia
1579 5522 1652 5592 ignis
1663 5518 1772 5574 tuusne

156 5596 229 5668 Porro
240 5620 339 5673 venter
351 5616 414 5687 ejus
427 5615 576 5676 dulcedine
586 5614 719 5686 impletus
728 5618 780 5682 est,
792 5612 936 5682 eimagni-
978 5609 1135 5666 trucidatur
1148 5609 1178 5666 in
1196 5609 1411 5682 sempiternum.
1428 5611 1499 5667 Ecce
1512 5611 1543 5664 in
1563 5609 1640 5664 brevi
1655 5603 1770 5677 cognovi
