3818 6120
127 241 179 303 963
695 230 742 286 DE
761 230 856 287 VITIS
875 228 1024 286 PATRVM
1042 228 1149 287 LIBER
1167 229 1201 283 V.
1714 224 1768 286 oet

126 367 249 426 sustinet
262 378 350 420 unum
364 361 455 425 diem3
472 359 556 412 coctae
570 360 674 422 autem,
686 362 834 428 permanet
847 356 1090 418 velutAleborem
1101 361 1198 423 tuum;
1215 354 1264 410 sed
1279 357 1339 410 esto
1362 353 1484 428 spiritali
1505 352 1565 410 sale
1584 351 1718 410 conditus
1740 354 1769 410 in

127 459 208 533 lepis.
216 458 260 513 lta
270 453 401 510 esthemo
412 449 460 520 qui
468 448 608 502 carnalem
617 447 785 519 sapientiam
796 447 926 514 habetet
966 446 1087 502 Christo.

127 566 184 606 non
198 551 241 602 est
253 541 442 599 tentationum
456 538 520 608 igne
534 537 673 602 decoetus,
681 537 753 591 sicut
767 542 796 591 et
805 537 923 608 loseph3
1002 533 1044 590 56.
1061 536 1136 590 Dixit
1156 547 1261 590 senex:
1277 534 1351 599 Quia
1372 534 1420 606 qui
1440 535 1592 608 plusquam
1606 535 1713 606 dignm
1729 540 1771 592 ω

127 633 288 710 hujusmodi
303 627 469 686 enimverbo
484 627 534 682 Dei
546 626 711 681 resolvitur:
727 627 774 697 qui
790 643 853 680 cum
868 626 924 679 ini·
966 625 1180 680 honoraturaut
1200 624 1341 689 laudatur,
1358 625 1479 697 amplius
1494 625 1602 696 patitur
1614 624 1771 680 detrimen-

126 728 199 784 tium
208 722 313 788 iecerit,
325 719 420 775 multis
427 715 629 772 tentationibus
638 715 666 769 in
675 715 767 770 medio
778 716 924 770 hominum
965 720 1026 769 tum
1042 735 1047 783 ;
1068 716 1116 786 qui
1135 720 1230 769 autem
1242 731 1299 769 nun
1319 714 1403 769 fuerit
1417 715 1532 770 omnino
1548 713 1586 769 ab
1604 713 1770 770 hominib„

127 816 260 888 agitatur.
272 812 382 866 Bonum
397 813 440 863 est
453 807 529 861 enim
538 811 571 860 ut
584 806 646 877 quis
659 805 768 860 noverit
778 821 924 860 mensuras
965 804 1128 869 honoratus,
1149 803 1194 858 hic
1210 803 1331 875 desuper
1341 803 1554 875 glorificabitur,
1565 805 1663 874 (llum,
1686 806 1706 858 t.
1726 817 1767 871 111,

127 922 202 971 mas,
223 908 252 959 et
265 901 387 957 declinet
400 898 430 952 in
443 897 524 951 initio
544 895 668 967 pendus3
684 895 770 949 fortes
784 899 881 948 autem
895 892 925 945 in
968 908 996 947 n.
1012 891 1080 959 112;
1097 894 1202 960 Pascit„
1217 909 1243 950 e,
1263 891 1307 959 13,
1325 910 1353 946 u.
1366 893 1402 961 1),

127 995 183 1052 nde
196 990 355 1048 immobiles
369 992 451 1053 sunt;
467 1002 533 1040 nam
553 985 588 1039 de
603 984 664 1056 ipso
674 989 771 1039 sancto
783 982 886 1053 loseph
903 980 926 1035 si
1005 981 1048 1038 57.
1064 982 1163 1037 Frater
1175 981 1277 1054 aliquis
1287 981 1471 1053 interrogavit
1480 997 1588 1047 senem,
1600 981 1774 1038 diceus:Bo-

127 1085 194 1141 velit
208 1081 309 1154 uliquis
334 1077 421 1148 loqui,
446 1076 520 1130 dicet
545 1073 613 1145 quia
636 1090 687 1128 nec
699 1078 828 1128 tenenus
843 1077 925 1137 erat;
970 1086 1039 1126 num
1054 1077 1096 1126 est
1108 1071 1220 1126 assidue
1234 1069 1393 1142 poeniterei
1408 1072 1443 1125 Et
1457 1071 1603 1143 respondit
1618 1070 1645 1125 ei
1668 1087 1771 1126 senex:

128 1178 265 1249 quantum
280 1173 405 1224 tentatus
416 1170 468 1232 est,
484 1170 512 1219 et
523 1164 553 1217 in
561 1163 636 1234 quali
648 1163 798 1235 provincia,
814 1161 862 1215 ubi
877 1176 928 1215 nec
969 1161 1098 1216 Vidimus
1112 1161 1208 1216 Jesum
1220 1161 1311 1215 silium
1325 1161 1411 1226 Nave,
1428 1159 1494 1231 quia
1508 1177 1573 1215 eum
1585 1161 1774 1232 pronusjaee·

128 1262 277 1335 vestigium
286 1263 347 1314 erat
360 1255 446 1311 divini
461 1252 573 1309 cultus?
584 1253 638 1308 Sed
648 1253 723 1307 Deus
736 1256 850 1323 patrum
866 1251 928 1320 ejus
969 1255 1014 1305 ret
1026 1250 1055 1305 in
1070 1250 1150 1315 facie,
1167 1250 1299 1321 apparuit
1313 1250 1356 1304 illi
1368 1251 1452 1305 Deus.

130 1358 192 1409 erat
206 1367 269 1406 cum
282 1366 325 1415 eo,
348 1346 395 1418 qui
409 1343 513 1415 eripuit
523 1359 587 1397 eum
599 1357 632 1396 ex
644 1341 719 1395 omni
734 1339 925 1403 tribulatione,
1005 1337 1049 1396 58.
1066 1341 1260 1409 Interrogatus
1275 1356 1369 1404 senex,
1384 1355 1471 1411 quare
1492 1339 1532 1395 ita
1547 1338 1775 1411 inquietaremur

130 1446 159 1499 et
170 1457 244 1497 nunc
257 1443 301 1493 est
311 1453 375 1491 cum
386 1432 513 1506 patribus
527 1431 586 1486 suis
597 1432 625 1485 iu
640 1447 727 1501 regno
737 1430 881 1484 coelorum.
893 1427 929 1481 Et
969 1429 1178 1495 adaemonibus,
1192 1429 1338 1501 respondit
1352 1445 1357 1477 :
1378 1428 1449 1492 Quia
1466 1445 1548 1483 arma
1562 1433 1663 1484 nostra
1677 1428 1775 1502 abjici.

129 1548 181 1588 nos
198 1545 264 1599 ergo
280 1528 463 1597 agnoscentes
478 1538 625 1576 mensures
639 1523 751 1574 nostras
763 1523 904 1572 certemus
919 1533 926 1582 3
970 1535 1045 1585 mus,
1069 1519 1144 1589 quod
1172 1524 1216 1572 est
1241 1518 1450 1583 contumeliam,
1466 1525 1496 1573 et
1515 1518 1721 1586 humilitatem,
1746 1525 1775 1574 et

129 1618 174 1675 rix
188 1617 263 1673 euim
279 1631 330 1669 nos
346 1627 495 1685 possumus
509 1610 632 1679 eilugere
642 1607 781 1678 judicium
800 1604 861 1660 Dei.
969 1611 1178 1679 paupertatem,
1204 1612 1233 1661 et
1246 1607 1412 1678 patientiam
1437 1609 1531 1675 (llum,
1553 1610 1573 1664 l.
1591 1621 1635 1675 ru,
1657 1624 1689 1664 a.
1704 1605 1774 1676 1733

166 1706 210 1765 52.
222 1709 313 1761 Senex
322 1703 436 1776 quidam
449 1703 511 1754 erat
520 1696 663 1754 solitarius
671 1713 773 1750 vacans
784 1695 814 1748 in
824 1709 928 1759 eremo,
940 1680 1078 1762 Effluet„
1094 1713 1118 1750 u,
1133 1696 1178 1761 25³
1195 1712 1224 1750 η,
1237 1696 1293 1766 11),

130 1802 160 1854 et
168 1795 316 1852 dicebatin
327 1790 476 1862 semetipso
489 1787 699 1861 quiaperiectus
712 1790 786 1840 esset
801 1785 830 1837 in
845 1782 931 1837 virtu-
1007 1784 1051 1840 59.
1064 1786 1162 1839 Frater
1177 1785 1292 1857 quidam
1305 1786 1491 1857 interrogavit
1500 1803 1597 1842 senem
1613 1786 1731 1842 dicens:
1746 1785 1777 1843 Si

129 1885 215 1943 tibus.
229 1885 280 1940 Hie
290 1881 380 1938 orarit
394 1881 494 1945 Deum,
511 1877 606 1931 dicens
623 1895 628 1929 :
644 1875 767 1931 Ostende
782 1873 851 1927 mibi
863 1871 931 1942 quid
973 1873 1021 1945 qui
1035 1873 1155 1929 fratrum
1175 1875 1303 1929 attulerit
1328 1876 1364 1930 ad
1388 1893 1432 1930 me
1447 1875 1551 1930 deforis
1565 1876 1776 1947 cogitationes3

130 1981 174 2032 est
189 1972 323 2046 perfectio
338 1969 448 2033 animae,
474 1973 502 2021 et
516 1966 596 2021 tacio.
613 1965 715 2019 Volens
741 1968 836 2017 autern
856 1962 931 2014 Deus
972 1963 1026 2029 vis,
1045 1963 1126 2030 abba,
1143 1965 1234 2018 dicam
1249 1964 1275 2019 ci
1299 1970 1332 2019 ut
1353 1981 1409 2020 non
1423 1981 1471 2020 eas
1486 1965 1586 2020 afferat
1601 1965 1640 2020 ad
1655 1965 1723 2020 mei
1744 1965 1779 2022 l}

130 2064 280 2122 humiliare
293 2059 476 2131 cogitationes
491 2058 561 2127 ejus,
577 2055 648 2110 dixit
657 2054 681 2107 ei
693 2071 698 2105 :
710 2052 787 2107 Vade
800 2051 834 2105 ad
850 2050 930 2104 illurn
972 2053 1117 2124 respondit
1132 2053 1158 2107 ei
1173 2071 1257 2108 senex
1270 2073 1276 2108 :
1302 2054 1374 2109 Noli.
1391 2055 1427 2109 Et
1440 2054 1510 2108 dixit
1525 2054 1634 2110 irater:
1660 2054 1779 2120 Quum?

130 2151 389 2216 archimandritam,
402 2152 430 2202 et
441 2145 576 2219 quidquid
589 2144 639 2198 tibi
650 2142 759 2209 dixerit,
774 2140 929 2195 facito-Re·
972 2142 1129 2213 Respondit
1142 2142 1168 2197 ei
1191 2159 1275 2198 senex
1292 2163 1297 2197 :
1314 2144 1386 2208 Quia
1400 2160 1451 2198 nec
1477 2160 1528 2199 nos
1551 2143 1604 2199 hoc
1627 2160 1779 2216 possumus

130 2243 341 2300 velavitautem
366 2238 441 2293 Deus
463 2233 689 2291 archimandritae
705 2232 754 2298 illi,
778 2235 930 2299 antequam
972 2230 1128 2298 custodire,
1144 2236 1174 2286 et
1199 2249 1235 2286 ne
1259 2232 1331 2287 forte
1348 2249 1412 2287 cum
1436 2233 1556 2288 dicimus
1581 2233 1779 2305 proximo,Ne

130 2334 178 2391 ille
201 2332 237 2388 ad
261 2331 353 2402 ipsum
367 2326 486 2392 reniret,
503 2325 597 2379 dicens
612 2342 617 2376 :
634 2321 706 2377 Ecce
720 2321 767 2374 ille
787 2317 930 2373 solitarius
972 2320 1057 2375 iacias
1069 2320 1148 2386 illud,
1166 2321 1340 2377 inveniamus
1359 2339 1410 2377 nos
1428 2327 1526 2394 postea
1538 2322 1779 2393 idipsumtueieu.

131 2422 207 2479 veuit
220 2421 256 2476 ad
270 2425 318 2486 te;
334 2417 379 2472 die
393 2431 459 2486 ergo
470 2413 495 2467 ei
509 2419 539 2468 ut
551 2410 792 2480 tollatilagellum,
805 2413 834 2461 et
847 2405 931 2459 vadat
971 2415 1025 2465 tes.
1042 2412 1076 2465 Et
1089 2411 1160 2465 dixit
1174 2410 1278 2466 irater:
1295 2411 1368 2477 Quid
1385 2428 1451 2483 ergo
1466 2411 1550 2466 debet
1572 2412 1662 2467 lieri?
1676 2412 1713 2467 lit
1734 2428 1778 2468 re·

130 2517 163 2568 ut
176 2513 273 2584 pascat
291 2521 390 2579 porcos
410 2503 471 2558 tibi.
486 2502 609 2556 Veniens
624 2515 691 2570 ergo
706 2513 793 2552 senex
806 2494 930 2567 pulsarit
972 2500 1085 2571 spondit
1099 2499 1125 2554 ei
1135 2517 1219 2555 senex
1235 2514 1241 2548 :
1258 2501 1287 2556 gi
1294 2501 1466 2556 voluerimus
1475 2500 1704 2557 taciturnitatem
1719 2518 1777 2558 m·

131 2601 245 2667 eadum,
261 2603 289 2652 et
302 2597 445 2666 ingressus
455 2598 499 2647 est
512 2592 548 2645 ad
562 2587 811 2644 archimandritam
832 2584 927 2651 illum;
971 2605 1046 2656 vare,
1064 2590 1167 2643 suffieit
1179 2591 1305 2661 proximo
1316 2591 1417 2646 modus
1437 2591 1505 2662 ipse.

132 2697 161 2747 et
174 2705 238 2745 eum
251 2704 281 2742 se
295 2685 475 2748 salutassent,
492 2681 635 2736 sederunt.
659 2679 695 2732 Et
708 2675 778 2730 dixit
791 2674 817 2729 ei
831 2672 930 2728 solite·
1008 2676 1051 2733 60.
1063 2678 1256 2750 Interrogatus
1269 2684 1313 2733 est
1327 2695 1421 2745 senex,
1437 2679 1505 2750 quid
1521 2684 1597 2734 esset
1611 2679 1781 2735 humilima

89 2793 97 2813 .
133 2779 193 2835 rius
202 2778 250 2832 ille
263 2775 311 2846 qui
327 2777 442 2828 uenerat
459 2789 464 2824 :
481 2771 531 2825 Die
545 2769 614 2823 mihi
631 2766 697 2840 quid
712 2764 822 2830 faciam,
834 2768 866 2817 ut
876 2762 930 2816 sim
972 2767 1063 2821 Etille
1078 2768 1240 2838 respondit:
1253 2767 1283 2822 Si
1299 2768 1426 2839 peccanti
1444 2766 1565 2823 t‘ratriin
1579 2774 1610 2822 te
1625 2769 1775 2840 ignoveris,

132 2869 235 2925 salvus.
244 2867 280 2921 Et
289 2863 335 2918 ille
346 2862 428 2917 dixit:
441 2860 537 2915 Facies
548 2858 743 2930 quodcumque
753 2854 848 2909 dixero
858 2851 932 2906 ubit
972 2859 1124 2936 autequam
1139 2857 1214 2928 apud
1227 2863 1256 2911 te
1270 2857 1466 2928 poenitentiam
1482 2862 1559 2929 aget.

133 2953 324 3028 Etrespondit
337 2952 363 3006 ei
376 2970 381 3004 :
394 2951 496 3005 Etiam.
513 2950 548 3003 Et
559 2947 628 3002 dixit
644 2946 669 3000 ei
686 2965 691 2998 :
710 2943 778 2998 Ecce
794 2942 862 2996 tolle
878 2941 929 2994 lla-
1008 2942 1053 3001 61,
1071 2944 1148 3000 uixit
1161 2962 1246 3001 senex
1261 2968 1267 3003 :
1284 2948 1317 3002 1„
1338 2947 1414 3001 omni
1435 2947 1591 3003 tentatione
1609 2963 1668 3003 non
1682 2948 1780 3020 culpe.

130 3046 247 3121 gallum,
263 3047 292 3097 et
304 3041 383 3107 vade,
400 3054 481 3111 pasce
499 3052 609 3109 porcos.
626 3034 661 3089 lli
676 3038 781 3094 autem,
803 3030 851 3101 qui
865 3034 1127 3103 cummanum,
1153 3036 1202 3090 sed
1221 3037 1343 3109 teipsum
1362 3041 1485 3104 tantum,
1500 3037 1596 3092 dicens
1612 3049 1620 3085 :
1638 3037 1713 3102 Quia
1726 3053 1775 3108 pm

131 3138 268 3193 nouerant
288 3137 316 3186 et
341 3129 489 3185 audierant
511 3126 546 3181 de
566 3141 609 3189 eo,
625 3140 690 3177 cum
709 3121 843 3175 vidissent
864 3117 932 3189 quia
973 3124 1093 3196 peccatis
1107 3124 1177 3179 meis
1192 3126 1250 3180 haee
1265 3125 1334 3181 mihi
1349 3132 1513 3182 evenerunt,

131 3241 231 3300 porcos
245 3224 381 3294 pasceret,
393 3216 537 3273 dicebant:
549 3213 665 3269 Vidistis
680 3212 759 3266 illum
774 3207 932 3263 solitarium
1010 3213 1054 3268 tii.
1080 3213 1156 3268 Dixit
1178 3231 1262 3270 senex
1278 3216 1452 3288 :Nunquam
1479 3215 1621 3288 preterivi
1648 3216 1776 3272 ordinem

132 3310 383 3385 magnum,dequo
398 3303 594 3362 audiebamus?
606 3319 669 3357 ecee
683 3299 791 3372 stupuit
800 3315 848 3352 cor
858 3297 929 3367 ejus,
973 3319 1078 3369 meum,
1094 3309 1127 3358 ut
1140 3304 1224 3359 altius
1236 3304 1412 3360 ambularem
1427 3327 1434 3364 ε
1457 3322 1548 3377 neque
1563 3304 1698 3361 turbatus
1712 3321 1776 3360 sum

132 3409 161 3461 et
173 3400 310 3458 daemonio
321 3402 445 3463 vexatur,
458 3399 488 3450 et
501 3393 591 3466 pascit
599 3407 708 3464 porcos.
718 3389 823 3443 Videns
836 3390 932 3440 autem
973 3391 1124 3464 aliquando
1134 3392 1163 3447 in
1177 3394 1336 3449 humilitate
1346 3395 1453 3467 positus
1465 3414 1471 3463 3
1484 3395 1575 3449 omnis
1584 3394 1664 3449 enim
1673 3394 1776 3466 uagitu.

130 3483 558 3556 Deusbumilitatemejus‚quia
570 3481 759 3552 impatienter
776 3475 933 3531 sustinebat
972 3480 1013 3534 tio
1024 3497 1088 3536 mea
1103 3481 1133 3536 in
1150 3481 1203 3537 hoc
1220 3488 1290 3550 erat,
1307 3488 1340 3538 ut
1357 3484 1524 3556 deprecarer
1538 3483 1704 3552 Dominum,
1720 3497 1775 3555 quo

131 3579 281 3656 oppmbria
290 3577 446 3643 hominum,
461 3571 594 3645 praecepit
604 3586 669 3625 eum
680 3569 782 3623 iterum
793 3565 885 3621 redire
895 3563 930 3619 ad
972 3570 1107 3641 spoliaret
1121 3587 1166 3625 me
1180 3577 1303 3627 veterem
1318 3573 1473 3628 hominem·

130 3672 225 3729 ¹⁰⁰⁰¹¹¹
240 3685 333 3724 suum·
1011 3656 1055 3715 63.
1072 3660 1170 3715 Frater
1185 3661 1300 3733 quidam
1310 3663 1494 3734 interrogavit
1506 3678 1606 3718 senem
1619 3685 1627 3721 ι
1640 3663 1716 3728 Quid
1730 3666 1773 3718 eet

166 3756 475 3825 53·Quemdstm⁸0¹l0m
482 3750 650 3806 m0¹¹fl⁰hllm
665 3745 822 3802 wiliarium
834 3745 927 3809 h0¹11⁰‚
972 3746 1136 3804 humilitas?
1146 3750 1181 3804 Et
1194 3750 1339 3822 respondit
1351 3751 1378 3806 ei
1390 3768 1476 3806 senex
1491 3770 1497 3806 :
1513 3752 1552 3808 Ut
1560 3750 1775 3808 benefaciashis

132 3848 181 3924 qui
190 3866 207 3903 a
216 3842 354 3902 daemonio
368 3840 521 3896 vexabatur
534 3844 563 3893 et
572 3837 682 3892 sortiter
695 3834 853 3908 spumabat,
865 3848 930 3904 per·
973 3838 1021 3909 qui
1034 3837 1084 3892 tibi
1099 3839 1289 3894 malefaciunt.
1308 3840 1342 3894 Et
1356 3840 1426 3895 dixit
1438 3842 1525 3896 irater
1541 3860 1547 3897 :
1563 3841 1593 3897 Si
1608 3858 1667 3897 nou
1681 3857 1775 3915 perre-

130 3937 219 3996 cussit
236 3935 265 3991 in
291 3931 433 3987 maxillam
445 3948 452 3997 ;
468 3942 553 3982 senex
564 3943 629 3981 vero
644 3925 784 3980 convertit
799 3923 824 3977 ei
846 3923 931 3977 aliam
972 3927 1034 3982 niat
1047 3928 1130 3982 homo
1143 3927 1173 3983 in
1184 3930 1283 3984 eadem
1296 3947 1438 3998 mensura,
1454 3931 1521 4002 quid
1534 3930 1638 3986 faciet?
1652 3931 1776 4004 Respon-

131 4025 277 4085 maxillam
291 4021 396 4078 statim.
413 4019 528 4074 Daemon
543 4020 648 4081 autem,
660 4032 716 4070 non
731 4014 823 4068 ferens
837 4012 931 4067 incen·
972 4016 1015 4073 dit
1024 4034 1108 4072 senex
1125 4037 1130 4073 :
1150 4018 1259 4089 Fugiat,
1276 4019 1383 4090 eligens
1397 4019 1633 4075 taciturnitatem,

131 4118 211 4175 dium
225 4111 394 4170 humilitatis
405 4111 475 4181 ejus,
490 4124 554 4163 mox
565 4104 690 4162 exivitab
700 4120 733 4159 eo
745 4106 837 4172 (deff,
850 4106 870 4158 t.
887 4115 928 4168 ur,
1008 4103 1052 4161 64.
1070 4107 1169 4162 Frater
1191 4108 1294 4179 aliquis
1318 4109 1502 4180 interrogavit
1526 4126 1636 4177 senem,
1655 4110 1775 4165 dioeuug

131 4224 212 4265 num·
228 4204 302 4272 mi·
973 4193 1053 4260 Quod
1075 4202 1118 4251 est
1144 4214 1214 4269 opus
1241 4198 1500 4269 peregrinationis?
1516 4199 1551 4254 Et
1572 4198 1710 4255 illedixit
1728 4199 1775 4255 ei:

75 4272 83 4291 ι
167 4295 212 4353 54.
227 4294 304 4351 Dixit
318 4307 402 4348 senex
423 4286 534 4344 cuidam
548 4288 641 4355 (Rullo
658 4287 677 4338 l.
698 4296 741 4348 111,
766 4299 845 4338 uttru.
864 4279 929 4349 1153
941 4325 965 4385 D
975 4285 1037 4340 Seio
1052 4284 1169 4340 Fratrem
1180 4287 1417 4358 peregrinantem,
1430 4287 1551 4360 quicum
1561 4288 1777 4344 teutuueusetj„

131 4386 269 4452 natoue.
285 4381 329 4450 13,
346 4399 375 4436 a.
393 4379 418 4449 3)
434 4397 440 4432 :
458 4377 575 4443 Quando
590 4374 721 4445 cogitatio
733 4372 870 4444 superbiae
883 4375 933 4425 aut
975 4375 1100 4442 ecclesia,
1115 4380 1144 4429 et
1165 4376 1330 4447 contigisset
1355 4376 1394 4431 ibi
1421 4376 1482 4431 sieri
1504 4393 1635 4449 agapem,
1651 4378 1728 4433 sudis
1742 4377 1777 4432 uu

131 4473 261 4534 elationis
267 4468 448 4528 intraveritin
456 4471 622 4533 te‚scmtare
630 4462 831 4518 conscientiam
841 4468 929 4525 tuam,
974 4481 1102 4519 mensum
1114 4465 1411 4520 utmanducaretcum
1421 4465 1564 4521 (κήδῃ,
1578 4467 1721 4522 Dixemnt
1731 4482 1777 4522 m·

131 4564 156 4622 si
170 4564 264 4621 divina
278 4560 411 4616 mandata
427 4557 522 4612 omnia
535 4553 668 4620 custodis,
685 4552 708 4606 si
725 4551 852 4605 inimicos
866 4554 930 4604 tuos
974 4558 1032 4608 tem
1047 4553 1178 4625 quidam:
1192 4556 1280 4609 lstum
1294 4555 1339 4609 hie
1353 4555 1415 4627 quis
1425 4555 1526 4610 tenuit.
1537 4556 1571 4611 Et
1585 4556 1721 4612 dixerunt
1734 4555 1777 4612 ei:

131 4653 234 4727 diligis,
244 4652 268 4708 si
282 4650 389 4723 gaudes
403 4647 434 4702 in
449 4643 601 4700 adversarii
616 4642 658 4697 tui
672 4641 885 4713 glorificatione,
903 4642 932 4692 et
972 4642 1062 4714 Surge
1077 4648 1105 4697 et
1119 4643 1188 4698 vade
1201 4644 1265 4698 hinc
1284 4645 1359 4699 foras
1375 4668 1380 4703 :
1394 4645 1442 4717 qui
1454 4645 1575 4700 surrexit
1590 4651 1619 4700 ut
1634 4645 1715 4701 ubist,
1725 4643 1778 4702 gffi

131 4743 156 4801 si
165 4740 340 4800 contristaris
350 4739 380 4794 in
388 4735 575 4792 minoratione
590 4733 662 4804 eiua,
673 4735 768 4797 mv
781 4735 809 4784 et
819 4729 841 4783 si
851 4743 936 4799 ugno-
976 4749 1041 4787 vero
1055 4732 1214 4789 contristati
1229 4734 1264 4788 de
1274 4733 1435 4805 expulsione
1450 4735 1521 4806 ejus,
1537 4734 1645 4806 egressi
1657 4740 1736 4802 sunt,
1751 4739 1779 4790 et

132 4834 187 4890 scis
200 4833 323 4904 teipsum
338 4844 399 4885 csse
424 4824 552 4881 inutilem
578 4838 700 4887 servum,
717 4825 745 4873 et
759 4819 783 4872 si
807 4818 933 4872 omnium
976 4828 1178 4877 revocaverunt
1189 4840 1262 4878 eum.
1280 4823 1421 4880 Posthac
1436 4824 1704 4894 interrogaviteum
1721 4823 1779 4897 qui·

133 4926 312 4997 peccatorum
328 4934 388 4973 esse
403 4914 573 4971 deteriorem
589 4930 594 4965 :
613 4910 662 4965 sed
677 4926 751 4965 nunc
766 4908 789 4962 si
805 4907 845 4962 ita
855 4908 890 4962 de
905 4912 934 4962 te
975 4911 1050 4978 dam,
1065 4912 1162 4966 dicens
1178 4932 1184 4967 ε
1202 4913 1284 4977 Quid,
1306 4919 1398 4984 putas,
1422 4917 1465 4968 est
1482 4913 1513 4968 in
1530 4914 1615 4968 corde
1634 4919 1697 4981 tuo,
1714 4912 1780 4986 quis

133 5010 249 5075 flenti&
266 5008 346 5079 quasi
359 5006 455 5062 Omnia
468 5001 632 5068 ⁶0r1'0l0lib'i
649 4999 738 5054 sciens
751 4998 818 5070 (1¹¹5st
833 4997 933 5067 huius·
975 5001 1109 5072 expulsus
1121 5018 1161 5066 es,
1178 5008 1207 5056 et
1221 5002 1325 5056 iterum
1346 5001 1513 5058 revocatus?
1528 5003 1563 5057 Et
1579 5002 1628 5058 ille
1642 5003 1716 5059 dixit
1729 5002 1756 5058 ei
1772 5021 1778 5058 :

133 5095 352 5167 modieogitatio
365 5100 415 5149 tua
433 5089 702 5148 universaresolvet.
976 5090 1118 5154 Quoniam·
1129 5091 1209 5161 posui
1228 5091 1257 5145 in
1276 5092 1359 5146 eorde
1373 5109 1447 5160 meo,
1462 5091 1529 5163 quia
1548 5092 1667 5164 aqualis
1691 5107 1779 5148 essem

171 5188 214 5244 55.
233 5184 309 5240 Dixit
322 5199 405 5238 senex
420 5182 550 5236 cuidam:
576 5181 638 5235 Non
655 5182 933 5251 apponascortuum
976 5181 1057 5249 cani,
1088 5183 1136 5254 qui
1169 5183 1280 5254 quando
1308 5182 1479 5250 insectatur,
1507 5183 1582 5238 toras
1614 5182 1779 5255 egreditur-3

133 5278 268 5337 adversus
279 5273 404 5333 fratrem,
417 5270 521 5337 dicens,
535 5269 601 5341 quia
612 5275 643 5323 tu
658 5267 748 5338 magis
762 5267 809 5321 illo
823 5265 934 5321 sobrius
976 5270 1088 5342 quando
1103 5288 1168 5326 vero
1184 5278 1307 5340 vocatur,
1323 5272 1491 5344 ingreditur.

134 5373 164 5426 et
177 5360 375 5426 continentior,
393 5363 422 5413 et
435 5358 636 5428 intelligentior
649 5357 687 5411 sis
704 5376 710 5424 ;
732 5356 781 5410 sed
805 5354 934 5410 subditus
1010 5357 1054 5416 65,
1067 5361 1214 5416 venerunt
1224 5362 1338 5434 quidam
1349 5361 1500 5433 aliquando
1510 5361 1540 5418 in
1553 5359 1731 5419 Thebaidam
1744 5358 1776 5417 nd

134 5464 194 5516 esto
207 5453 307 5528 gratie
315 5449 403 5505 Deiin
411 5447 513 5519 spiritu
519 5446 738 5519 paupertatis,et
751 5462 802 5517 per
816 5445 935 5499 charita·
975 5449 1126 5520 quemdam
1140 5468 1245 5518 senem,
1262 5450 1399 5506 habentes
1413 5468 1507 5506 secum
1522 5467 1614 5507 unum
1630 5451 1679 5524 qui
1694 5469 1713 5507 a
1726 5451 1777 5507 de·

134 5552 194 5612 tem
204 5543 364 5603 nonssctam
374 5558 380 5607 3
390 5535 718 5610 nespirituexaltationis
730 5536 935 5611 clatus,perdas
974 5540 1070 5598 mouiu
1084 5541 1244 5614 vexabatur,
1262 5547 1294 5599 ut
1310 5547 1458 5600 curaretur
1483 5539 1519 5597 ab
1533 5540 1582 5601 ipo
1599 5557 1668 5600 sene
1689 5542 1778 5619 (Μ,
