3818 6120
134 232 187 293 719
689 225 735 280 DE
753 226 848 280 VlTlS
866 226 1015 283 paruuli
1033 227 1140 282 LIBER
1159 226 1194 280 Il.
1572 224 1576 231 '
1715 221 1771 282 720

135 359 260 417 Valentis
269 372 352 414 nono.
365 351 418 410 Sed
429 353 497 423 quot
506 365 595 405 annos
608 348 697 404 inhae
702 351 927 421 peregrinatione
937 350 1054 421 Aquam
1067 349 1182 406 tandem
1196 347 1352 404 feminam?
1370 347 1404 412 (si
1417 345 1551 402 seminam
1564 346 1620 402 dici
1632 345 1699 403 licet
1711 353 1772 404 tam

134 455 164 506 et
172 445 391 505 commoratione
408 438 620 511 insumpserint,
651 438 767 494 diversae
781 439 930 495 sententie
970 438 1089 494 viriliter
1101 436 1397 507 Christianam).de
1406 436 1458 491 hoc
1472 436 1533 491 loco
1546 435 1669 492 faciam
1688 437 1773 492 Vetat

134 545 202 596 sunt
215 536 341 608 ejusdem
355 529 472 586 Palladii
488 534 573 600 atque
588 528 708 594 Paulini,
729 529 867 600 siquidem
884 528 931 586 ille
970 527 1077 583 fastidii
1086 527 1272 583 intolerabilis
1282 532 1374 582 matus
1383 524 1571 581 voluminibus
1584 525 1678 580 adhuc
1688 526 1772 581 adde-

133 630 177 692 (ut
199 642 289 699 nuper
307 622 435 687 vidimus)
451 618 551 691 viginti
564 623 673 689 septem
687 624 818 672 uulnerat
831 633 930 684 annos,
973 633 1018 684 rc,
1035 617 1083 672 sed
1095 633 1221 689 persona
1230 616 1363 687 dignitas,
1380 614 1437 669 imo
1452 613 1502 669 Dei
1517 614 1771 687 gratia,postulare

132 709 266 773 Paulinus
275 709 444 782 veroviginti
452 709 586 781 quinque.
602 707 657 762 Sed
667 708 753 777 hujus
763 707 933 778 exploratior
972 706 1122 762 videturut
1131 705 1427 761 commemorationem
1434 708 1520 758 tantae
1529 703 1632 758 animae
1642 719 1776 776 pragnes-

133 810 218 876 atque
226 802 343 858 solidior
352 799 420 854 sides
431 802 483 865 est;
497 813 563 851 nam
576 796 683 867 accepit
690 796 749 850 haec
763 796 822 867 ipse
838 794 873 850 ab
883 812 930 849 ea·
973 811 1020 849 sus
1035 811 1091 849 non
1105 794 1208 866 raptim
1220 793 1359 857 omittam,
1373 792 1421 846 sed
1437 791 1580 864 paulisper
1592 792 1630 847 ad
1644 808 1709 846 mm
1726 791 1775 846 tibi

132 891 333 956 demMelania,
350 887 608 962 quamredeuntem
623 885 792 948 Romamlut
806 885 930 956 proxime
973 884 1143 938 narrandam
1159 885 1292 951 (Puella,
1315 881 1495 937 odSeccrum
1517 884 1594 950 epist.
1618 880 1670 950 10),
1693 886 1772 936 ete·

132 981 234 1038 dicturi
243 981 349 1046 sumus)
358 978 458 1033 Nolam
466 976 650 1031 divertentem
658 974 870 1044 excepitcma
880 974 931 1026 ho·
973 972 1156 1042 Prosequitur
1165 970 1354 1042 nobilegcnus
1363 970 1715 1042 ejusrelerremtpotequoe
1724 970 1773 1025 ha·

132 1072 244 1144 spitem.
260 1069 365 1124 Verum
380 1083 413 1121 ex
427 1082 460 1120 eo
475 1080 585 1136 quoque
600 1063 703 1117 certior
714 1062 826 1117 Paulini
835 1061 932 1116 testili·
971 1059 1271 1119 bucratllarcellinum
1280 1059 1424 1114 consulem
1435 1059 1610 1114 ordinarium
1619 1076 1713 1124 avum,
1726 1058 1773 1130 qui

132 1160 205 1216 catio
220 1158 357 1221 redditur,
374 1160 403 1210 et
419 1152 538 1210 Palladii
553 1152 671 1207 assertio
686 1151 721 1205 de
736 1150 818 1205 annis
831 1150 930 1220 viginti
970 1166 1027 1205 una
1040 1166 1104 1205 cum
1116 1148 1238 1204 Probino
1248 1148 1424 1204 consulatum
1435 1153 1564 1219 gesserat
1576 1165 1653 1203 anno
1661 1147 1772 1203 Domini

132 1255 241 1320 septem
255 1245 426 1318 exploditur:
443 1242 518 1314 quod
531 1258 594 1296 cum
610 1245 727 1304 constet,
740 1238 929 1295 hosadhucin
969 1239 1168 1294 trecentesimo
1187 1237 1403 1310 quadragesimo
1415 1237 1516 1309 primo,
1536 1242 1566 1292 ct
1582 1238 1646 1309 ejus
1667 1237 1699 1292 in
1717 1237 1772 1292 vita

131 1337 189 1393 vita
198 1340 300 1407 agente
311 1333 409 1389 Siricio
421 1348 495 1404 papa
507 1330 652 1402 repetiisse
661 1330 790 1392 Romam,
801 1328 825 1382 si
831 1327 931 1387 dixeri.
971 1327 1133 1383 Christiana
1146 1326 1280 1382 sectanda
1288 1325 1391 1381 erdem
1399 1326 1534 1393 studium,
1542 1332 1571 1380 et
1579 1324 1725 1398 aliaplura
1738 1327 1772 1382 dc

134 1443 198 1482 mus
212 1424 247 1479 ad
264 1438 413 1479 numerum
425 1436 562 1474 annorum
573 1435 591 1473 a
603 1418 929 1490 Palladiopracscriptum
970 1417 1040 1488 ipsa,
1062 1432 1125 1487 quae
1141 1432 1192 1471 nos
1214 1432 1265 1470 suo
1284 1414 1346 1471 loco
1367 1415 1497 1486 superius
1519 1415 1619 1471 ordine
1636 1415 1772 1487 temporis

132 1506 930 1586 ipsorumcsseprorogatumadventummtiqueaffirman·
970 1505 1184 1573 collocavimus;
1205 1521 1238 1559 ac
1251 1505 1366 1560 demum
1380 1505 1415 1558 de
1428 1504 1565 1575 ejusdem,
1588 1521 1654 1559 cum
1679 1504 1771 1572 rediit,

133 1602 201 1657 dum
216 1606 291 1656 esset
304 1616 361 1655 non
376 1597 428 1653 sub
443 1597 552 1662 siricio,
569 1595 618 1651 sed
632 1594 684 1650 sub
699 1597 760 1667 ejus
770 1609 930 1650 successore
970 1594 1089 1667 appulsu
1104 1594 1263 1665 Neapolim,
1279 1594 1335 1647 ista
1349 1592 1445 1648 subdit
1460 1611 1465 1646 :
1485 1613 1497 1645 a
1514 1593 1663 1665 Neapolim
1673 1593 1770 1649 urbem

132 1690 281 1746 Anastasio
295 1687 459 1743 eorumdem
467 1684 590 1740 reditum
599 1683 759 1754 contigisse.
772 1669 959 1738 ExPauliniB
971 1681 1047 1738 brevi
1065 1683 1156 1754 spatio
1170 1698 1188 1738 a
1202 1682 1321 1748 Nolana,
1329 1698 1386 1754 qua
1397 1682 1535 1752 degimus,
1550 1681 1663 1737 civitate
1677 1682 1772 1737 dishn-

132 1796 200 1850 ergo
212 1777 363 1843 sententia,
382 1776 430 1846 qui
444 1778 576 1828 numerat
588 1771 716 1826 Melaniae
739 1770 774 1825 ab
794 1771 871 1825 urbis
884 1770 931 1824 ab
970 1777 1045 1827 ctam
1058 1771 1174 1827 advecta
1186 1776 1238 1826 est.
1250 1771 1304 1828 Ubi
1318 1770 1442 1826 illiorum
1452 1776 1644 1843 nepotumque
1654 1788 1771 1826 mursa

26 1858 29 1863 “
133 1867 225 1924 sentia
245 1866 370 1938 quinque
385 1863 484 1929 lustra,
499 1861 649 1916 dicendum
664 1866 707 1915 est
734 1861 862 1915 eamdem
877 1861 930 1914 hoc
972 1866 1096 1932 excepta,
1105 1877 1169 1916 mox
1178 1859 1322 1915 Nolamad
1332 1859 1500 1915 humilitatis
1510 1865 1613 1916 nostra
1620 1859 1771 1932 hospitium

132 1973 194 2029 ipso
211 1969 285 2010 anno
298 1954 418 2008 Romam
433 1950 514 2022 qnasi
528 1948 698 2021 postliminio
713 1949 839 2004 rediisse.
971 1949 1123 2018 festinavit,
1135 1966 1191 2022 quo
1199 1949 1279 2005 nobis
1285 1948 1399 2004 advenit
1409 1949 1559 2004 ambitioso
1569 1949 1771 2005 ditissimorum

168 2043 326 2100 Recessisse
340 2047 435 2096 autem
450 2039 594 2094 Ruffinum
607 2038 779 2093 ePalestina
788 2054 852 2093 cum
863 2054 931 2109 paee
971 2040 1122 2111 pignorum
1134 2039 1237 2094 vallata
1250 2039 1395 2093 comitatu.

132 2133 221 2189 sancti
236 2127 565 2202 Hieronymi‚utriusquc
572 2127 769 2182 testificatione
783 2127 929 2195 asseritur;
1008 2147 1022 2180 e
1042 2128 1170 2183 Vidimus
1185 2128 1305 2198 gloriam
1323 2126 1435 2182 Domini
1446 2127 1476 2182 in
1489 2128 1537 2183 illo
1552 2128 1653 2183 matris
1665 2133 1695 2183 et
1705 2128 1770 2183 filio·

132 2221 312 2277 mcitatenim
322 2221 383 2291 ipse
389 2214 931 2288 sanctusllieronymusejusdemRuffini
972 2233 1033 2271 rum
1045 2217 1146 2271 itinere
1156 2216 1269 2288 quidem
1279 2233 1344 2283 uno,
1354 2217 1401 2271 sed
1414 2216 1607 2288 longcdispari
1617 2217 1769 2283 cultuma·

132 2310 218 2366 verba
231 2310 260 2364 in
267 2307 416 2381 posteriori
435 2306 574 2378 apologia,
591 2322 653 2376 quae
664 2310 730 2359 sunt
743 2304 905 2375 hujusmodi
922 2322 927 2358 :
971 2323 1018 2361 cro
1033 2306 1111 2360 illam
1136 2311 1165 2361 et
1187 2306 1284 2360 viliore
1305 2306 1399 2361 asellis
1413 2304 1525 2360 hurrico
1540 2306 1697 2372 sedentem,
1714 2312 1768 2361 tota

134 2397 292 2455 eVosnobis
302 2413 399 2470 pacem
408 2393 648 2468 proficiscentibus
656 2393 931 2464 dedistisnllespon·
971 2396 1056 2465 hujus
1069 2395 1163 2450 saeculi
1176 2411 1288 2467 pompa,
1304 2411 1361 2464 qua
1369 2395 1500 2449 honorati
1512 2401 1541 2450 et
1549 2395 1679 2466 opulenti
1692 2402 1767 2466 pote·

132 2489 266 2560 ditipseze
274 2487 375 2541 Pacem
384 2484 523 2549 dedimus,
535 2499 592 2537 non
604 2482 732 2536 heresim
743 2481 927 2553 suscepimus:
972 2489 1046 2549 rant,
1056 2483 1212 2539 circumlini
1228 2489 1372 2538 senatores
1383 2482 1633 2555 prosequebantur,
1649 2484 1767 2539 carrucis

130 2576 278 2647 junximus
287 2573 412 2637 dextras,
428 2570 564 2626 abeuntes
575 2571 714 2643 prosecuti
725 2575 868 2636 sumus,ut
882 2587 931 2626 vos
972 2572 1147 2638 nutantibus,
1163 2573 1317 2644 phaleratis
1333 2572 1422 2643 equis,
1429 2573 1537 2627 auratis
1543 2572 1670 2643 pilentis,
1677 2576 1768 2628 etuas·

132 2664 232 2719 essetis
247 2661 402 2727 catholicis
415 2659 601 2715 eto.Melaniae
610 2659 745 2714 autemad
755 2658 852 2713 urbem
860 2660 932 2714 redi·
971 2662 1064 2732 pentis
1075 2661 1212 2733 pluribus,
1226 2666 1357 2732 gemente
1368 2661 1459 2732 Appia
1473 2667 1558 2732 atque
1568 2660 1696 2732 fulgente
1707 2681 1714 2729 3
1724 2661 1768 2716 sed

137 2757 184 2807 tus
198 2751 341 2807 Palladius
355 2749 495 2821 ejusmodi
516 2748 583 2803 loris
596 2753 762 2820 praetensam
774 2749 857 2802 allert
867 2764 932 2802 cau·
972 2750 1166 2823 splendoribus
1182 2750 1314 2805 vanitatis
1319 2749 1489 2821 pralucebat
1498 2749 1667 2806 Christianae
1681 2750 1767 2806 humi·

134 2855 216 2908 sam;
234 2858 248 2892 a
272 2839 340 2895 Post
355 2838 476 2892 multum
504 2852 570 2891 vero
585 2836 720 2908 temporis
736 2837 846 2907 linquit)
867 2853 930 2891 cum
970 2839 1059 2895 litatis
1065 2838 1494 2911 gratia.Admi1abantur484
1502 2838 1768 2911 divitespauperem,

131 2929 266 2996 audisset,
282 2927 393 2982 cuidam
407 2925 536 2996 nupsisse
550 2930 662 2997 neptem
679 2941 758 2979 suam
780 2925 930 2980 Melaniam
971 2927 1081 3000 profani
1095 2933 1232 2995 sanctam,
1252 2933 1282 2983 et
1295 2928 1466 2982 illosnostra
1479 2928 1627 2999 pauperies
1651 2927 1767 2984 ridebat.

131 3017 282 3088 (juniorem
295 3016 411 3078 dicum)
424 3014 494 3081 viro,
509 3014 671 3069 renuntiare
681 3020 777 3069 autem
791 3019 854 3085 post
877 2985 961 3070 nu·C
972 3017 1102 3072 Vidimus
1112 3017 1226 3087 dignam
1239 3017 1296 3072 Deo
1310 3016 1473 3088 hujusmodi
1491 3016 1696 3085 confusionem,
1711 3033 1770 3089 pur-

131 3105 317 3179 ptiassaeculo
330 3103 475 3159 huicvelle
488 3103 672 3174 cognovisset,
692 3108 822 3157 metuens
835 3119 870 3157 ne
883 3103 931 3175 qui
972 3121 1099 3177 paream,
1115 3106 1440 3177 sericam,auratamque
1455 3106 1659 3177 supellectilem
1673 3106 1769 3178 pannis

131 3193 417 3250 malasvitaehomines
432 3208 465 3246 ac
477 3192 558 3246 malae
573 3196 655 3246 secta
664 3206 856 3263 perversaeque
869 3193 932 3247 doe-
972 3194 1113 3250 veteribus
1125 3201 1154 3249 et
1167 3195 1257 3265 nigris
1271 3195 1449 3250 servientem.
1470 3195 1669 3250 Benediximus
1683 3195 1770 3250 Domi·

130 3279 721 3354 trinaeidcmjungarentur,obhocipsum
731 3297 795 3335 cum
805 3282 865 3351 J‘am
880 3282 931 3336 ad·
972 3300 1051 3350 num,
1068 3283 1115 3355 qui
1130 3283 1249 3340 humiles
1264 3289 1293 3338 et
1314 3284 1437 3339 excelsos
1456 3283 1522 3338 iacit
1538 3284 1696 3355 sapientes,
1709 3300 1770 3340 esu·

131 3372 247 3428 modum
257 3388 351 3437 senex,
363 3371 474 3436 hocest,
487 3369 633 3440 sexaginta
641 3374 716 3425 esset
728 3385 876 3436 annorum,
897 3371 931 3426 de
972 3373 1078 3428 cientes
1092 3373 1191 3446 implet
1205 3372 1295 3440 bonis,
1306 3377 1337 3428 et
1349 3372 1449 3427 divites
1462 3372 1581 3428 dimittit
1593 3373 1694 3428 inanes
1708 3374 1768 3442 (la-

131 3460 347 3517 Gtesaricusium
362 3457 474 3514 civitate
485 3457 521 3512 ad
536 3457 634 3513 urbem
649 3459 767 3513 Romam
781 3459 856 3514 intra
870 3458 931 3514 die·
972 3478 1007 3516 ca
1020 3469 1049 3531 il.
1067 3463 1100 3518 In
1114 3462 1176 3517 istis
1186 3468 1282 3517 tamen
1290 3461 1423 3516 divitibus
1433 3463 1531 3517 cadem
1541 3462 1628 3517 diedo
1637 3462 1770 3518 maternis

130 3565 194 3604 rum
204 3547 303 3621 viginti
310 3546 433 3620 spatium
449 3546 592 3617 navigavit
600 3547 728 3615 chllud,
744 3549 793 3601 ubi
805 3564 890 3617 supra
906 3565 928 3602 c.
972 3549 1053 3605 bonis
1075 3567 1227 3623 pauperem
1253 3551 1384 3623 spiritum
1407 3549 1600 3623 stupebamus,
1616 3551 1667 3623 qui
1684 3550 1770 3623 magia

131 3634 186 3707 33).
202 3657 216 3692 a
229 3637 294 3693 Hac
307 3635 450 3692 Palladius
460 3634 495 3690 de
505 3640 613 3690 asserta
621 3640 650 3689 et
656 3635 770 3706 vulgata
778 3635 933 3691 lorinsecus
973 3644 1070 3695 sancta
1082 3640 1182 3695 matris
1197 3640 1300 3711 inopia,
1317 3656 1403 3712 quam
1414 3656 1466 3695 sua
1479 3639 1581 3695 visibili
1598 3640 1771 3696 abundantia

130 3725 239 3781 reditus
249 3741 343 3780 eausa.
355 3725 494 3780 Ceterum
505 3723 632 3794 ejusdem
637 3739 701 3778 cum
711 3724 823 3779 Rutflno
833 3724 862 3778 in
872 3726 933 3781 On'-
971 3728 1175 3800 gloriabantur,
1186 3729 1219 3785 ld
1228 3729 1321 3801 ipsum
1329 3734 1424 3784 autem
1437 3729 1529 3801 gloria
1537 3730 1653 3785 Domini
1665 3728 1771 3785 rideba-

129 3813 212 3885 genis
221 3812 362 3868 erroribus
370 3814 413 3876 (ut
423 3810 711 3883 pluribusdictumest
720 3813 857 3883 superius)
868 3830 932 3869 cou-
972 3817 1771 3891 turoperuri,quodegenulaeuostraedivitiasincjushliis

130 3901 286 3957 niventlam
299 3915 412 3955 eausam
428 3899 568 3954 exstitisse
582 3898 688 3954 eisdem
712 3901 748 3956 ad
771 3901 870 3957 urbem
888 3919 933 3958 vc·
972 3905 1167 3974 intuebamur;
1183 3911 1215 3961 ut
1226 3908 1286 3977 jam
1300 3907 1366 3961 hinc
1380 3907 1502 3962 fructum
1513 3907 1643 3963 fidcisuae
1650 3913 1769 3980 caperet,

131 3989 237 4056 aiendi,
252 3988 342 4044 oratio
356 3987 639 4059 praemissadeclarat.
652 3988 720 4043 Erat
730 3989 890 4061 hisquidem
902 3991 931 4046 in
973 4011 1038 4049 cum
1056 3994 1201 4050 victoriam
1214 4011 1295 4051 suam
1309 3996 1344 4050 dc
1359 3995 1444 4067 hujus
1463 3995 1557 4051 saculi
1573 3995 1697 4051 vanitate
1712 3997 1772 4068 ipsa

131 4077 235 4150 optatis
246 4082 278 4133 ut
290 4076 392 4149 quibus
405 4074 570 4132 laverantet
588 4093 658 4148 quus
672 4077 800 4132 foverunt
812 4085 871 4134 toto
884 4080 932 4136 illo
973 4084 1158 4155 despectaret,
1181 4084 1308 4139 cominus
1330 4084 1427 4139 videns
1450 4085 1544 4140 omnia
1571 4101 1635 4157 quae
1660 4092 1772 4158 propte

130 4171 268 4244 temppre,
284 4166 415 4238 Origenis
430 4167 714 4237 sententiaelquarum
724 4168 881 4238 complures
892 4186 933 4224 es·
974 4172 1118 4228 Christum
1129 4173 1282 4244 reliquerat
1291 4179 1320 4229 ct
1328 4179 1507 4229 contemnere
1517 4180 1721 4246 perseverarat.
1729 4174 1771 4229 Illi

129 4260 195 4311 sent
204 4256 364 4311 defensores
377 4256 406 4310 in
415 4255 536 4327 AEgypto
551 4255 738 4311 consistentes
748 4258 887 4324 monachi,
902 4263 932 4313 et
974 4261 1085 4316 sericati
1094 4267 1122 4316 ct
1131 4278 1182 4333 pro
1194 4279 1246 4317 suo
1261 4263 1380 4335 quisquc
1389 4279 1459 4318 sexu
1472 4269 1539 4335 toga
1550 4268 1601 4317 aut
1615 4263 1689 4318 stola
1698 4263 1771 4318 soliti

130 4345 206 4400 inter
218 4362 266 4401 eos
276 4345 444 4401 celebriores
456 4345 591 4415 Euagrius
600 4351 629 4400 ct
642 4345 775 4413 Isidorus,
791 4352 875 4418 atque
890 4348 931 4402 in·
973 4350 1120 4416 splendere
1134 4350 1194 4416 lilii,
1202 4367 1325 4406 crassam
1335 4351 1413 4406 illam
1426 4351 1512 4407 veluti
1526 4350 1633 4423 spartei
1643 4351 1771 4408 staminis

129 4437 174 4488 ter
187 4433 332 4506 episcopos
344 4432 445 4489 nobilis
458 4432 533 4487 sedis
547 4433 669 4488 loannes
694 4434 932 4506 ierosolymorum
972 4439 1097 4494 tunicam
1112 4444 1142 4493 et
1153 4439 1207 4494 vile
1221 4440 1364 4510 palliolum
1372 4440 1534 4512 gaudebant
1544 4456 1631 4496 manu
1645 4445 1769 4512 tangere,

129 4522 268 4593 antistes),
285 4521 391 4578 cadem
404 4522 537 4575 Romana
551 4521 625 4575 sedis
640 4522 772 4594 episcopi,
797 4529 830 4578 ut
843 4524 883 4579 sic
897 4523 932 4578 ab
973 4533 1002 4582 et
1017 4528 1181 4583 vestimenta
1195 4544 1248 4583 sua
1261 4527 1419 4591 velleribus,
1435 4545 1513 4594 auro,
1529 4535 1559 4585 et
1572 4534 1634 4584 arte
1649 4531 1771 4602 pretiosa

129 4608 928 4683 universareciperenturEcclesia,probarenturassensu.
971 4616 1771 4690 pedibusejussubstemerc,pannisquecontegercgestic-

129 4699 298 4771 Sedquanta
309 4700 337 4755 id
348 4700 385 4755 sit
396 4698 729 4766 elaboratumindustria,
740 4705 770 4755 et
780 4700 931 4772 quibusve
972 4705 1039 4761 hant
1052 4725 1058 4773 ;
1072 4705 1178 4777 expiari
1188 4723 1218 4761 se
1228 4705 1412 4762 adivitiarum
1421 4723 1537 4762 suarum
1551 4708 1682 4778 contagio
1698 4707 1771 4779 judi·

127 4785 258 4844 lamentis
273 4805 403 4844 unacum
418 4788 462 4843 his
481 4787 598 4860 palliata
612 4788 713 4844 decore
729 4788 842 4845 haeresia
856 4808 886 4847 se
902 4792 930 4847 in
971 4800 1077 4862 males,
1093 4794 1117 4849 si
1132 4811 1218 4866 quam
1228 4795 1264 4851 de
1274 4794 1410 4851 vilissimo
1419 4797 1481 4868 ejus
1490 4795 1589 4851 habitu
1598 4794 1770 4868 uutvestigio

127 4874 226 4930 urbem
241 4877 378 4943 intulerit,
396 4877 551 4932 videamus.
971 4882 1083 4938 sordem
1097 4882 1229 4954 colligere
1243 4889 1430 4940 mererentur.

163 4963 257 5033 Atque
272 4965 406 5036 primum,
417 4982 479 5037 que
488 4970 603 5020 sanctus
614 4965 750 5021 Paulinus
759 4967 794 5022 de
804 4968 930 5025 Melania
1008 4990 1021 5023 a
1036 4971 1191 5042 Tugririum
1204 4988 1269 5027 vero
1283 4978 1422 5038 nostrum,
1439 4972 1513 5044 quod
1530 4989 1548 5028 a
1566 4978 1644 5028 terra
1656 4989 1769 5046 suspen·

129 5048 233 5117 reditu,
244 5051 365 5122 quicum
379 5053 503 5125 suscepit
515 5053 602 5120 Nola,
618 5053 758 5111 describat
771 5056 800 5111 in
813 5057 931 5128 epistola
971 5077 1034 5114 sum
1049 5061 1192 5116 coenaculo
1206 5076 1273 5128 uno,
1284 5061 1394 5134 porticu
1407 5061 1514 5116 cellulis
1524 5060 1711 5133 hospitalibus
1725 5062 1768 5117 in·

129 5139 166 5195 ad
176 5139 319 5206 Severum,
328 5140 374 5195 hic
384 5141 552 5197 reddamus:
565 5160 579 5195 r
591 5142 707 5199 Addidit
717 5145 824 5216 {inquit
837 5145 931 5201 Domi·
970 5149 1115 5220 terposita,
1130 5148 1240 5220 longius
1254 5151 1390 5216 tenditur,
1412 5150 1493 5222 quasi
1515 5150 1665 5206 dilatatum
1677 5150 1768 5222 gretia

128 5244 183 5285 nus
197 5227 396 5299 hanegratiam
405 5230 439 5285 de
450 5230 613 5286 muneribus
629 5238 657 5287 et
666 5233 769 5288 litteris
778 5234 845 5300 tuis,
854 5240 886 5290 ut
894 5235 930 5290 ad
970 5237 1092 5304 Domini,
1104 5255 1161 5294 non
1170 5239 1261 5294 solum
1272 5239 1376 5294 sanctis
1387 5240 1436 5310 qui
1444 5239 1523 5294 illam
1529 5239 1646 5310 plurimi
1656 5239 1769 5295 comin-

128 5333 176 5374 aos
186 5316 362 5389 potissimum
377 5316 436 5372 dies
450 5318 530 5373 nobis
542 5318 630 5374 frater
643 5321 739 5377 Victor
760 5331 927 5392 occurreret,
970 5324 1084 5394 bantur,
1098 5328 1240 5383 sedetiam
1250 5327 1367 5383 divitum
1378 5328 1489 5383 illorum
1499 5328 1620 5383 catervis
1628 5345 1685 5384 non
1691 5329 1766 5384 inca·

128 5405 628 5480 quibussanctamipsam(llelaniam
638 5411 752 5482 scilicet)
770 5429 803 5467 ex
816 5415 930 5469 Jerusa·
971 5431 1054 5487 paces
1068 5418 1213 5488 angustias
1221 5415 1340 5488 praebuit
1351 5436 1358 5485 ;
1370 5416 1399 5472 in
1410 5433 1464 5488 quo
1474 5415 1603 5489 personis
1617 5433 1766 5489 puerorum

132 5495 192 5551 lem
205 5501 271 5570 post
282 5495 407 5569 quinque
419 5493 509 5551 lustra
520 5503 692 5553 remeantem
706 5500 873 5573 excepimus.
892 5502 932 5559 At
972 5520 1005 5558 ac
1021 5505 1161 5576 virginum
1175 5505 1267 5560 choris
1290 5504 1382 5560 vicina
1399 5505 1566 5562 Dominndii
1582 5507 1674 5562 nostri
1697 5504 1767 5562 Feli·
