3832 6120
174 271 228 344 tat
681 283 728 337 ua
746 268 842 337 iltis
860 267 1009 336 enituit
1027 268 1134 336 tituli
1152 268 1297 339 nunus.
1753 256 1809 342 stu

209 411 464 468 Solentetiarnoum
472 407 662 463 modulatione
674 412 874 476 nonnunquam
885 413 970 477 appa·
980 394 1089 473 Aurini,
1106 410 1201 461 tamen
1220 409 1317 462 eadem
1341 415 1415 462 nuuc¹
1438 398 1601 480 explicanda
1624 407 1691 463 sunt
1711 397 1806 475 latius,

172 499 267 558 rentes
280 500 409 573 psallere,
425 496 603 569 prohnefas!
624 496 659 549 ad
676 495 735 549 heo
748 495 776 549 et
791 495 901 566 impuro
921 507 969 549 ore
1009 496 1142 567 quianon
1159 496 1327 552 mediocrem
1342 498 1423 551 alleri
1439 497 1569 568 repetitio
1582 498 1733 557 cautelam.

172 600 252 647 saera
264 584 779 661 Scripturarumeloquiameditantur.
796 584 970 654 Frequenter
1044 584 1216 641 Advenienta
1227 586 1522 653 Domino,destruotus
1538 591 1581 640 est
1594 578 1724 640 inimicus
1740 573 1805 655 itt),

173 681 249 735 enim
260 677 417 750 legentibus
430 674 606 746 nobis‚quasi
618 675 691 728 Echo
704 674 740 727 ad
751 672 969 727 extremaverba
990 681 997 689 ·
1010 679 1038 728 et
1048 688 1131 728 omne
1146 673 1257 745 penitus
1270 677 1330 746 ejus
1340 675 1426 730 robur
1440 675 1575 746 elanguit.
1596 669 1714 746 Propter
1732 675 1807 746 qdod

173 768 235 836 lm
262 766 441 838 respondent.
462 764 639 820 Dormientes
663 776 772 834 quoque
798 761 920 815 excitant
933 762 968 815 ad
1010 763 1136 834 pristimo
1145 764 1257 818 uirtutis
1268 776 1384 831 memor,
1402 765 1481 835 quasi
1492 770 1630 836 tyrannus
1642 765 1703 835 lam
1714 780 1809 819 senes·¹

172 855 321 914 orandum.
331 861 361 910 ut
374 848 558 909 totiusnootis
569 869 697 906 somnum
713 851 835 922 eripiant
845 871 851 917 3
862 850 968 921 pleros·
1011 868 1085 918 cens,
1101 862 1164 906 curn
1175 854 1264 907 ruisse
1279 870 1310 908 se
1323 854 1427 917 rideat,
1448 853 1476 907 in
1492 853 1643 925 perniciem
1662 858 1810 924 grassatur

172 946 333 1018 questioni,
346 944 413 999 dum
427 961 457 998 se
470 944 499 996 in
512 942 713 996 monachorum
724 939 860 994 nobilium
871 938 968 993 habitu
1010 941 1179 1010 humanam3
1194 956 1245 996 nec
1259 943 1574 1014 tamenpotestlirmuni
1590 932 1648 996 lieo
1658 944 1756 1013 pectus
1765 952 1811 996 ee·

170 1034 354 1100 transierunt,
369 1033 520 1087 monachos
535 1034 672 1093 coercent,
685 1035 713 1083 et
727 1029 854 1101 pristina,
868 1028 968 1099 quibus
1009 1030 1178 1101 gitationum
1194 1038 1223 1085 et
1236 1031 1401 1086 caeterarum
1418 1022 1548 1085 fraudum
1563 1036 1623 1085 atie
1637 1038 1810 1102 pervertere.

172 1123 275 1179 consoli
285 1129 361 1190 sunt,
371 1129 485 1194 peecata
496 1121 654 1191 imputant;
666 1118 715 1172 sed
730 1118 893 1189 spernendae
903 1120 969 1172 sunt
1009 1120 1082 1174 Nam
1097 1115 1159 1174 luce
1173 1120 1274 1174 clarius
1283 1126 1326 1174 est
1332 1111 1625 1191 quoniamadrersarli
1634 1119 1732 1185 nostri,
1744 1128 1809 1174 oum

172 1223 270 1269 eorum
284 1212 498 1283 increpationes,
510 1217 538 1263 el
548 1208 756 1262 admonitiones
766 1204 923 1278 jejunandi,
933 1206 970 1258 ri·
1010 1224 1061 1262 nec
1076 1208 1200 1263 humana
1213 1220 1297 1263 eritne
1311 1210 1367 1263 sint
1382 1209 1503 1280 septi,ut
1514 1208 1624 1263 causari
1635 1209 1754 1272 caleant,
1765 1208 1809 1262 id·
1853 1235 1858 1244 ·

171 1302 303 1373 gillacdnl
319 1310 429 1372 quoque
443 1288 624 1353 fraudelenta
637 1296 789 1367 suggestio.
800 1294 843 1350 Ob
855 1295 882 1348 id
894 1295 968 1349 enim
1010 1297 1083 1351 circo
1093 1314 1144 1351 nos
1157 1314 1174 1352 a
1188 1314 1217 1352 se
1232 1304 1288 1352 non
1300 1308 1382 1370 posse
1392 1291 1530 1370 superari,
1542 1298 1617 1368 quia,
1630 1298 1725 1352 clauso
1735 1298 1810 1351 ostio

172 1391 325 1445 familiares
335 1388 415 1444 nobis
427 1389 533 1460 species
548 1392 704 1450 assumunt,
715 1391 747 1439 ut
760 1385 898 1438 affinitate
912 1384 968 1436 rir-
1008 1385 1142 1441 interiore
1168 1381 1233 1452 (43),
1261 1387 1366 1441 intrare
1387 1398 1444 1442 non
1466 1381 1585 1441 valeant.
1607 1377 1642 1441 Et
1663 1392 1762 1440 revera
1785 1385 1810 1439 si

170 1484 265 1538 tutum
277 1482 419 1543 nocentes,
435 1476 543 1531 facilius
558 1476 632 1529 virus
655 1475 833 1537 interserant,
849 1477 877 1527 ot
890 1473 968 1527 inno·
1008 1472 1127 1528 fuissent
1142 1476 1193 1530 huc
1207 1469 1299 1547 fragili
1314 1484 1430 1548 corpore
1444 1468 1577 1546 colligati,
1600 1466 1746 1529 observato
1761 1475 1806 1529 in·

171 1579 266 1624 cerices
280 1580 405 1640 quosque
418 1580 468 1637 per
483 1565 602 1636 speciem
619 1562 773 1617 honestatis
784 1560 898 1616 elidant.
910 1563 967 1616 ime
1008 1563 1104 1628 troitu,
1123 1564 1222 1618 iisdem
1241 1572 1393 1636 negaretur
1415 1582 1551 1620 trecessus.
1571 1567 1642 1620 (ium
1656 1570 1751 1619 autent
1768 1562 1808 1632 (ut

171 1657 302 1730 possibile
312 1659 409 1726 postea
422 1655 580 1723 durumque
595 1651 647 1706 hoc
662 1651 787 1705 studium
805 1651 966 1722 pradicant,
1009 1651 1139 1720 diximus)
1151 1653 1203 1707 hoc
1217 1653 1417 1724 impedimento
1433 1654 1490 1707 sint
1508 1649 1599 1719 liberi,
1616 1659 1645 1707 et
1660 1640 1805 1708 obstructa

171 1749 204 1802 ut
214 1746 282 1800 dum
294 1755 444 1799 onerosum
460 1759 522 1796 esse
536 1741 645 1795 ridetur
656 1741 728 1811 quod
744 1744 865 1810 ceptum
872 1742 923 1804 est,
937 1730 1000 1792 eali
1011 1745 1166 1810 penetrent,
1184 1746 1268 1813 atque
1282 1743 1311 1796 in
1328 1743 1404 1796 omni
1411 1742 1649 1796 licenterrolitent
1658 1754 1732 1809 aera,
1750 1756 1808 1796 ma-

172 1835 367 1906 desperatione
381 1832 507 1896 taedium,
517 1837 545 1885 et
560 1846 592 1883 ox
610 1829 692 1883 laedio
708 1828 839 1883 succedat
847 1828 967 1899 ignaria.
1011 1828 1144 1883 nitentum
1158 1836 1202 1884 est
1216 1828 1250 1884 ob
1266 1831 1476 1886 enervationem
1486 1840 1755 1902 eorumpermanere
1765 1842 1808 1886 ee-

173 1912 280 1979 ldcireo
292 1923 431 1993 propheta
444 1920 547 1973 missus
560 1918 716 1982 aDornino,
726 1917 969 1972 luctuosacenun·
1010 1918 1101 1972 olesiae
1114 1934 1214 1989 eorpus
1228 1912 1356 1974 illesum.
1372 1920 1499 1991 Denique
1509 1919 1644 1974 satellites
1659 1909 1808 1991 implicum

171 2012 255 2078 tians,
272 2010 385 2065 sublimi
397 2026 462 2063 voco
472 2007 595 2062 dicebat:
608 2006 656 2061 vae
666 2007 712 2076 qui
723 2011 802 2077 potat
812 2005 969 2077 proximum
1010 2005 1135 2078 principe
1144 2002 1321 2075 suodiabolo,
1330 2022 1414 2079 quem
1424 2009 1586 2064 Salvatorin'
1597 2008 1747 2080 Evangelio·
1756 2003 1808 2063 ho*

171 2108 255 2155 suum
279 2092 457 2154 subversione
479 2097 592 2151 turbida
606 2096 715 2170 [Hebae.
736 2096 778 2164 n).
802 2094 970 2164 Huiusmodi
1012 2095 1143 2149 mioidam
1163 2103 1191 2150 ot
1206 2104 1315 2167 patrem
1330 2097 1445 2152 malitiae
1464 2097 1498 2152 ab
1516 2091 1596 2152 initio
1610 2096 1695 2153 fuisse
1715 2093 1810 2152 firmat

172 2204 247 2244 emm
262 2180 482 2250 exhortamenta,
492 2184 758 2256 depravatoriasunt
767 2182 885 2246 itineris,
896 2183 970 2254 quod
1013 2182 1102 2250 (fourr.
1117 2190 1184 2255 ναι),
1197 2183 1276 2240 nobis
1288 2185 1436 2241 adversum
1446 2181 1680 2242 sedimioantlbus
1687 2176 1810 2252 fortiter,

172 2277 250 2332 duait
272 2277 308 2329 ed
334 2276 444 2329 coelum.
465 2273 570 2328 Idcirco
593 2280 656 2327 cum
682 2274 805 2326 venisset
833 2271 969 2326 Dominus
1011 2270 1088 2326 nullo
1103 2264 1185 2328 modu
1201 2274 1360 2338 cessissent,
1374 2276 1398 2330 si
1408 2281 1531 2347 potestas
1541 2286 1638 2330 eorum
1647 2272 1811 2330 nonfuisset

172 2366 208 2420 ad
223 2365 358 2430 terras,et
371 2373 437 2417 vera
447 2363 482 2416 de
497 2363 676 2418 eudaemones
684 2361 764 2415 inviti
773 2361 966 2431 praedicarent,
1010 2359 1113 2416 ablata.
1130 2363 1202 2417 liam
1211 2364 1234 2417 si
1250 2365 1380 2428 mentior,
1397 2373 1446 2420 our
1460 2355 1549 2432 nobis,
1567 2356 1695 2429 Satanas,
1707 2364 1810 2436 parcis,

171 2458 246 2523 (vere
263 2454 339 2508 enim
353 2452 483 2506 dicebant
497 2452 584 2521 [latro
598 2451 634 2520 rr]
652 2470 656 2504 :
673 2451 715 2504 Tu
735 2466 764 2504 es
779 2449 908 2503 Christus
921 2448 968 2504 Fi·-
1009 2451 1056 2520 qui
1073 2451 1176 2523 ubique
1193 2453 1344 2508 discurris?
1355 2461 1413 2519 ou'r,
1432 2452 1569 2524 quintillo
1584 2448 1722 2507 clauderis
1738 2445 1809 2519 loeo,

172 2540 579 2608 liusDeirivi),rooiferantiurn
587 2538 850 2608 oraclaudebat,qui
862 2539 970 2592 vinctas·
1011 2538 1158 2593 adversum
1168 2547 1196 2594 te
1206 2540 1278 2595 bene
1284 2542 1435 2595 virentium
1449 2540 1687 2613 etdisputantiutn
1695 2552 1752 2596 non
1763 2547 1812 2613 pc³

172 2630 319 2685 hominum
341 2629 453 2699 linguas
478 2628 610 2693 solvebat,
633 2642 747 2681 nucum
762 2627 901 2697 preconio
913 2624 971 2680 veri
1011 2624 1055 2680 tos
1067 2626 1235 2684 labefactare
1250 2623 1459 2684 constantiam?

173 2718 365 2791 pert’ersltatis
380 2726 487 2772 venena
502 2717 972 2786 misr.erent;etutnosejuseuem⁴
1049 2712 1103 2770 Sed
1132 2712 1248 2773 fortasse
1273 2729 1324 2773 nos
1345 2720 1448 2790 diligis,
1466 2727 1535 2790 quus
1563 2710 1689 2790 quotidie
1702 2720 1814 2774 conaris

175 2809 233 2880 plo,-
249 2807 359 2861 etiamsi
369 2798 517 2878 proditura
529 2806 689 2870 suaderent,
702 2805 730 2859 in
743 2805 820 2859 nullo
837 2805 881 2858 his
895 2820 971 2858 com·
1013 2802 1811 2878 obruere;autoredibileestteessebon'itatisrnagistrtrrn,

173 2897 353 2950 moderemus
368 2908 523 2961 assensum,
540 2895 605 2966 quia
629 2894 752 2965 profecto
772 2911 829 2948 non
842 2894 973 2964 congruit
1014 2899 1041 2946 et
1055 2893 1147 2948 favere
1160 2895 1250 2966 magis
1260 2897 1373 2966 optimis
1388 2904 1473 2966 quam
1488 2896 1609 2950 noceret
1623 2888 1657 2950 lit
1672 2897 1738 2968 quid
1752 2903 1811 2950 tam

173 2990 226 3040 des
244 2994 309 3056 post
325 2984 483 3038 libertatem
499 3001 514 3037 a
528 2983 648 3038 Domino
662 2998 832 3046 concessam,
850 2988 878 3036 et
897 2982 972 3036 Scri*
1014 2982 1128 3036 charum
1143 2983 1193 3037 tibi
1209 3001 1269 3038 esse
1283 2990 1375 3055 potest
1400 2998 1484 3055 quam
1504 2980 1612 3049 laedere,
1630 2983 1752 3039 matime
1764 2995 1812 3040 eus

173 3079 322 3146 pturarum
337 3080 476 3144 praecepta
485 3072 614 3140 vitalina
624 3071 735 3126 diaholo
750 3071 859 3125 vivendi
873 3043 1003 3141 capereG
1014 3066 1813 3144 quisuissceleribusviriliterrepugnantseoondamquod

173 3162 299 3228 wnsiha,
310 3162 358 3233 qui
368 3176 449 3216 suum
460 3162 592 3215 deserens
602 3158 739 3227 ordinem,
749 3171 860 3214 sacrum
869 3158 972 3214 Christi
1013 3159 1149 3231 scriptum
1164 3165 1207 3213 est
1219 3180 1224 3211 :
1238 3160 1304 3230 quia
1316 3161 1488 3215 abominatio
1507 3166 1551 3215 est
1564 3161 1653 3232 plotas
1672 3162 1813 3234 peccatori

176 3249 490 3320 tomormitimperium.
502 3250 654 3319 Propterea
665 3249 751 3303 etiam
766 3248 972 3302 Dominuseum
1016 3248 1108 3318 (Eucti.
1121 3256 1149 3318 il.
1167 3249 1234 3312 Quis
1245 3254 1302 3303 tam
1319 3246 1473 3304 seeundum
1488 3251 1524 3304 ad
1538 3248 1675 3304 malitiam
1687 3250 1814 3321 possidet

143 3401 149 3413 X
175 3339 212 3394 do
225 3333 376 3409 seripturis
391 3338 552 3409 loquentem
561 3337 678 3408 jubebat
685 3341 786 3404 tacere,
798 3337 865 3408 quia
879 3350 974 3408 peeca-
1014 3337 1261 3407 peetusiquistam
1273 3338 1422 3392 meditatas
1432 3334 1812 3409 implereconatur'insidiast

173 3420 229 3482 tori
240 3428 307 3481 dicit
316 3428 391 3482 Deus
406 3445 411 3480 :
429 3427 522 3491 Quare
537 3433 568 3481 tu
583 3442 697 3480 enarras
709 3425 835 3496 justitias
849 3441 935 3491 meaa,
946 3426 975 3478 et
1015 3426 1124 3480 Scimus
1131 3427 1811 3499 toimpnrissimumcadaver3scimusquiaidoireo

175 3515 871 3586 assumistestamentummeumperustuumlPsul.
881 3513 974 3576 xnlxll
1015 3513 1133 3568 vivimus
1147 3514 1309 3581 Christiani,
1327 3520 1461 3585 otoontra
1474 3515 1813 3571 tenobisestseouracon·

175 3604 277 3660 Omnia
291 3604 432 3658 demones
446 3604 590 3664 simulant,
607 3603 806 3673 colloquuntur
819 3616 892 3672 saepe
910 3611 972 3655 eum
1014 3602 1130 3672 gressio,
1144 3602 1209 3673 quia
1223 3604 1385 3658 infirmatus
1395 3620 1425 3658 es
1441 3621 1457 3658 a
1471 3601 1600 3659 Domino.
1621 3602 1688 3659 ideo
1701 3605 1736 3658 de
1755 3593 1812 3659 tuis

174 3692 318 3758 fratribus,
335 3702 408 3762 saepe
418 3707 482 3745 curn
498 3691 582 3746 turba
595 3692 753 3745 inconditos
766 3690 886 3744 excitant
901 3691 974 3744 soni·
1015 3690 1170 3746 confoderis
1181 3693 1362 3764 jaculisquia
1371 3693 1554 3747 minationem
1564 3696 1642 3747 tuam
1655 3709 1710 3747 non
1722 3693 1813 3764 sequi*

174 3787 233 3844 tus,
249 3790 351 3834 uranus
363 3780 588 3851 apprehendunt.
606 3780 728 3845 sibilant,
750 3780 918 3851 insipienter
931 3797 975 3834 oa·
1015 3784 1062 3833 tur
1076 3781 1190 3835 effeetus
1202 3782 1325 3852 :quodsi
1336 3782 1813 3848 fallimur,oureumterroresimu÷

175 3870 320 3934 ohlnnant,
334 3874 367 3923 ut
380 3869 421 3923 vel
438 3869 466 3923 in
481 3873 584 3940 puncto
594 3869 700 3940 peccati
722 3869 913 3923 (linistinnum
929 3885 974 3940 pe*
1015 3869 1081 3935 lato,
1091 3886 1142 3923 cur
1152 3870 1344 3940 magnitudine
1355 3882 1503 3942 corporum
1513 3874 1639 3924 nostram
1650 3870 1813 3942 aggrederis

176 3965 237 4013 dus
250 3959 401 4012 introeant.
411 3959 538 4028 Cumque
551 3957 586 4011 ab
594 3958 732 4012 universis
743 3958 848 4011 fuerint
858 3958 972 4029 repulsi,
1015 3956 1118 4011 tidem?
1132 3957 1160 4012 Si
1176 3958 1348 4014 voluntatem
1363 3960 1492 4030 sequitur
1504 3957 1683 4031 possibilitas,
1700 3959 1812 4013 tanturn

176 4048 211 4101 ad
220 4044 555 4101 extromumdebilitatem
567 4062 647 4100 suam
657 4047 857 4100 lamentatione
867 4051 973 4100 testane
1014 4046 1066 4099 tibi
1082 4047 1151 4101 velle
1163 4047 1292 4102 sullioiat.
1306 4048 1334 4103 ls
1343 4048 1559 4119 enimpotontia
1565 4051 1684 4112 mosest,
1694 4057 1750 4101 non
1764 4058 1813 4102 et-

176 4141 235 4190 turae
251 4136 425 4190 litliominus
436 4135 549 4206 quidem
565 4136 644 4206 quasi
650 4136 734 4202 Deus,
746 4141 774 4189 et
782 4151 839 4189 suaa
847 4135 974 4190 conscius
1015 4133 1584 4207 traneasaliariaadjumentaeonquir‘ere,
1595 4134 1813 4191 sedsuatirtute'

176 4225 347 4295 majestatis,
364 4223 558 4281 obmutescere
566 4223 611 4278 his
625 4223 802 4296 imperabat3
818 4241 870 4278 nos
880 4231 974 4278 autem
1015 4220 1814 4296 implerequodcupiatlltriunodumthettraliructatione

177 4313 300 4384 vestigiis
315 4314 660 4379 fflnmommrnhaerentes,
672 4312 799 4367 eamdem
812 4313 976 4383 gradiamur
1016 4314 1170 4367 turmarum
1188 4313 1339 4384 (litquasi
1354 4314 1452 4368 rudem
1466 4310 1613 4368 infantiam
1628 4313 1736 4367 menica
1750 4312 1813 4390 44

177 4403 260 4460 darn,
276 4403 324 4474 qui
338 4407 509 4456 memoratas
516 4402 646 4456 subtilius
652 4402 777 4457 fallacias
787 4403 971 4474 pervidentes,
981 4392 1006 4453 D
1016 4401 1114 4455 niteris
1129 4401 1307 4469 simulatione
1319 4401 1461 4469 deludere,
1478 4401 1628 4456 exhaustas·
1638 4402 1813 4456 iiresrnani-

177 4491 335 4546 eaneoantr
349 4492 417 4547 Cum
433 4490 599 4544 consisteret
608 4491 757 4546 adversum
773 4509 817 4546 me
833 4498 972 4562 peccator,
1015 4491 1113 4545 festius
1119 4490 1439 4562 probasNunquidnalrn
1446 4504 1527 4546 roms
1536 4480 1584 4544 ille
1593 4488 1709 4562 angelus
1716 4495 1816 4546 contra

176 4579 327 4645 obmutui,
353 4584 382 4632 et
401 4578 565 4631 humiliatus
589 4596 675 4645 sum,
702 4587 730 4633 et
762 4580 826 4633 silui
855 4580 975 4634 abonis
1015 4579 1144 4650 Assyrios
1163 4575 1559 4652 missusaDomiriu(IVfle'p.
1578 4583 1645 4646 tia),
1666 4583 1815 4651 autpbpth

175 4666 262 4738 (Prot.
278 4666 401 4737 xxxam),
422 4667 457 4721 lit
470 4667 574 4721 iterum
591 4685 596 4720 :
615 4669 672 4738 ligo
687 4682 753 4722 rero
767 4672 902 4738 tunquam
916 4684 976 4722 sur*
1017 4669 1108 4722 lorum
1119 4668 1343 4739 eguitsocietate,
1353 4677 1402 4724 aut
1412 4670 1521 4724 sonitus
1530 4667 1666 4739 quesivit,
1675 4674 1725 4722 aut
1732 4667 1815 4739 plana

176 4754 230 4809 dus
244 4764 300 4809 non
323 4755 481 4822 audiebam,
498 4759 526 4810 et
547 4756 619 4810 siout
647 4762 743 4811 mutus
767 4771 822 4809 non
847 4757 976 4827 aperiens
1016 4772 1078 4826 sus;
1091 4762 1119 4812 et
1131 4774 1187 4813 non
1201 4758 1295 4829 potitis
1306 4759 1421 4813 tacitam
1429 4770 1561 4812 exercens
1571 4762 1817 4828 potestatuum·

177 4854 208 4898 aa
232 4850 331 4910 situm
356 4847 389 4899 m
405 4839 501 4898 factas
523 4860 586 4899 sum
616 4847 648 4898 ut
675 4843 759 4898 homo
777 4859 833 4898 non
858 4845 975 4901 audiens
1016 4847 1077 4901 tum
1092 4848 1359 4919 octogintaquinque
1369 4845 1459 4902 millia
1470 4844 1817 4912 hostiumaerlnonerelo·

176 4932 261 4999 (Ptol.
277 4936 392 5001 xxxin).
407 4933 536 4988 Christus
549 4933 692 4987 silentium
715 4937 747 4986 ut
770 4933 906 4988 Dominus
921 4934 975 4988 im*
1016 4934 1817 5009 eius,juxtajubentisilomiuiprostravltimpertumivbs

177 5021 293 5090 pararit,
310 5035 361 5074 nos
375 5021 488 5075 diabolo
508 5020 578 5076 nihil
601 5021 758 5086 credamus,
775 5032 804 5076 et
820 5023 972 5078 vincemus.
1017 5031 1083 5095 ergo
1094 5035 1156 5078 anm
1167 5023 1280 5096 tragilos
1295 5025 1360 5080 sitis
1369 5023 1484 5092 ritibus,
1494 5028 1816 5096 pemetuusvosounse·

177 5109 207 5163 St
222 5121 303 5164 orara
318 5110 499 5181 compellunt,
515 5110 539 5163 si
546 5111 655 5180 jejunia
669 5112 798 5176 suadent,
813 5120 869 5165 nou
884 5120 916 5167 ex'
930 5128 975 5166 eo*
1015 5115 1113 5184 quitur
1125 5113 1266 5168 interitus.

176 5211 240 5251 rum
251 5210 303 5251 nos
318 5198 441 5263 monitis,
454 5199 503 5252 sed
514 5212 546 5252 ex
556 5200 862 5254 nostraoonsuetudine
872 5201 900 5254 id
911 5216 975 5271 aga⁴
1052 5200 1116 5256 Gar.
1134 5199 1220 5257 XVll.
1230 5224 1253 5242 a·
1263 5202 1300 5257 At
1311 5200 1384 5258 dicat
1394 5199 1513 5275 aliquis:
1531 5195 1588 5258 dur
1598 5201 1726 5258 diabdus'
1736 5210 1816 5274 egre·

165 5302 249 5339 rmus.
265 5286 392 5357 Denique
406 5278 527 5341 etiamsi
544 5288 683 5342 irruentes
702 5294 822 5343 mortem
840 5289 922 5343 nobis
934 5289 975 5343 in·
1015 5289 1103 5356 diens,
1117 5289 1192 5345 beati
1207 5290 1260 5345 lob
1273 5303 1385 5346 omnem
1398 5283 1427 5347 in
1446 5293 1558 5347 rainald
1572 5290 1683 5363 impulit
1697 5289 1815 5346 damulti

175 5380 286 5428 tentare
296 5375 563 5440 videantur,ridendi
571 5375 666 5446 potius
676 5382 742 5431 sarit
752 5394 835 5448 quam
844 5379 971 5445 timendi,
1016 5381 1074 5437 (tob
1084 5380 1124 5449 nl
1135 5397 1185 5434 cur
1195 5382 1256 5452 ejus
1270 5380 1369 5452 opibus
1381 5379 1493 5453 penitus
1505 5380 1657 5454 dissipatis
1672 5380 1814 5452 parietum

176 5464 381 5534 quiaaurnsint
391 5464 506 5531 debiles,
518 5465 663 5519 minantur
673 5470 783 5532 cuneta,
793 5477 843 5521 nec
857 5467 971 5520 faciunt.
1015 5484 1126 5538 quoquo
1136 5467 1593 5538 fundamentasubtertens,unum
1603 5478 1814 5524 numerositati⁴

175 5553 311 5623 Equidem
336 5554 371 5607 de
387 5553 451 5609 lado
468 5555 529 5626 tam
549 5554 776 5610 consentiente
800 5556 902 5610 dixisse
917 5570 974 5610 me*
1014 5555 1591 5631 buliscoacervaritsepulofdtrl(lbid.,ll)i
1606 5565 1656 5614 cur
1670 5558 1764 5630 ipsudl
1776 5559 1812 5614 ad
