3832 6120
143 335 193 400 pr
687 320 772 388 erre
791 320 895 387 bean
914 318 1066 388 aurern
1084 319 1244 391 noteris.
1730 325 1781 404 m

138 472 300 523 extremum
316 456 370 520 diri
385 464 505 518 vulneris
518 456 642 517 novitate·
655 454 810 532 percussit?
821 460 874 523 Qui
889 448 940 513 boe
950 445 972 520 Α
981 460 1026 513 nia
1034 458 1251 525 considerantes,
1262 458 1779 532 rapidocurstrsibiinricetrtntuitiarlt.

137 557 269 628 opponit,
278 554 511 611 audiatcdiierso
520 567 524 598 :
533 536 738 605 nondiabolum
747 550 870 620 potuisse
879 551 938 614 boc,
983 549 1063 603 Sedsi
1073 551 1143 603 lbrte
1154 551 1302 620 contigerit
1311 557 1342 604 ut
1350 551 1473 607 Deinutu
1486 546 1520 607 a'd
1529 555 1613 610 finem
1623 556 1714 628 eoe'pta
1724 558 1782 614 nort

136 647 188 699 sed
203 637 365 706 Dominum,
380 661 396 696 a
411 659 466 713 quo
476 646 599 698 potestas
618 640 766 693 talversum
783 656 832 692 uos
848 639 940 709 dupli·
983 639 1104 704 reniant,
1120 640 1172 692 hoc
1187 645 1239 705 est,
1255 639 1279 693 si
1296 644 1345 694 erut
1359 642 1449 695 viator
1464 654 1478 696 e
1493 644 1586 698 medio
1602 638 1783 717 regrediatur

135 735 210 787 citer
225 734 318 795 datur,
330 722 373 786 rel
386 731 421 784 ad
434 731 562 801 gloriam,
573 730 595 782 si
610 728 770 800 probinum,
783 729 825 780 vel
840 729 874 781 ael
886 745 941 798 pm-
983 727 1036 791 via,
1052 734 1102 781 aiut
1117 745 1258 799 suspensio
1270 728 1390 782 nubibus
1400 744 1479 801 aquae
1493 723 1528 786 ud
1542 725 1630 788 altuni
1643 736 1706 790 cteli
1716 740 1782 791 cur:

135 840 217 887 nam,
228 823 250 877 si
264 814 463 892 deliuquimus.
472 819 544 883 Quin
555 818 646 890 potius
657 835 688 871 ex
701 818 753 870 boc
767 816 941 870 arrimadrer-
983 815 1779 889 (linemdeliramentumdecipientiumunacumcreden·

136 915 190 976 tat,
208 929 244 965 ne
264 914 361 965 contra
387 925 475 963 unum
496 907 608 978 quidem
632 902 774 959 honrinem
798 905 939 959 diabolum
983 896 1056 958 tibus
1067 923 1145 959 error
1154 905 1528 978 aperiturllrecgentilitatis
1541 903 1617 966 luere
1629 914 1776 985 principle.

136 998 294 1071 quidquam
309 1000 442 1070 potuisse,
462 998 485 1051 si
499 1014 554 1051 non
569 1000 737 1066 potestatem
757 996 908 1066 accepisset
923 1013 940 1048 a
983 993 1778 1074 bispreesagitorumdolisaputldelubradtemonumquon*
1806 1056 1808 1060 .

136 1091 269 1144 Domino.
287 1089 387 1143 Nullus
399 1087 476 1141 enim
488 1086 561 1156 quod
574 1102 631 1139 sure
646 1085 761 1138 ditionis
773 1090 817 1142 est
834 1084 869 1137 ab
884 1084 938 1137 alio
980 1082 1045 1135 dam
1056 1078 1241 1138 credebantur
1255 1085 1367 1139 oracula
1380 1105 1386 1137 ι
1403 1102 1464 1158 quoe
1476 1088 1598 1143 adventu
1609 1079 1721 1146 Domini
1729 1096 1778 1147 ne-

135 1172 316 1249 deprecatur.
334 1177 388 1232 Sed
402 1175 470 1247 quid
484 1163 537 1229 lob
551 1188 684 1232 memoro.
699 1189 781 1243 quem
795 1188 846 1225 nec
856 1187 938 1242 expe·
980 1172 1030 1224 stri
1040 1161 1104 1225 Jesu
1116 1173 1229 1238 Christi,
1243 1165 1345 1229 indicto
1361 1168 1413 1229 sibi
1424 1167 1538 1230 silentio
1548 1174 1611 1247 (ll),
1629 1174 1779 1236 nummus-

135 1266 223 1320 titum
232 1267 325 1337 potuit
334 1266 445 1319 vincere
452 1265 464 1316 'l
472 1262 519 1317 sed
529 1275 578 1316 uec
588 1263 819 1330 contrajurnenta
826 1261 938 1330 quidem
980 1267 1055 1322 runt,
1072 1272 1196 1333 suosque
1212 1262 1358 1333 perdidere
1377 1266 1509 1335 captivos.
1537 1264 1605 1331 Quis
1625 1270 1716 1339 (roget
1729 1259 1778 1324 aut

135 1357 265 1425 ejus‚nec
272 1358 368 1409 contra
376 1371 440 1408 ores
450 1352 588 1413 suessine
596 1364 727 1405 concessu
737 1351 788 1404 Dei
795 1351 939 1420 proprium
981 1350 1117 1404 medicum
1129 1360 1161 1403 e'x
1173 1351 1365 1406 observatione
1377 1352 1548 1421 morborum,
1557 1370 1621 1409 cum
1634 1357 1734 1412 animae
1743 1364 1781 1414 33¹²*

135 1442 225 1498 robur
234 1444 369 1498 exercuit.
382 1443 427 1496 Sic
440 1441 524 1496 etiam
535 1439 719 1508 inEvangelio
729 1438 862 1509 seriptum
875 1445 935 1492 est:
980 1431 1267 1494 stuantisincendium
1281 1441 1314 1493 de
1327 1445 1460 1497 venarum
1470 1439 1554 1513 pulsu
1563 1437 1778 1516 lerldigitornm'

137 1531 289 1587 Uarrones
303 1536 397 1586 autem
413 1530 550 1600 rogabant
565 1542 639 1594 eum,
654 1527 796 1581 dicentes:
816 1528 845 1580 Si
861 1514 938 1597 ejicis
976 1525 1779 1594 su·atutrn·attactu,divinamarbitraturbabe'renot'itiatu'i

135 1640 188 1677 uos
198 1623 275 1689 hinc,
288 1623 368 1675 mitte
375 1620 461 1674 nosin
469 1635 582 1689 gregem
594 1627 741 1688 porcorum
750 1622 757 1686 l
760 1616 853 1670 uoltu.
864 1622 935 1685 rull.
979 1616 1047 1680 Quis
1056 1617 1272 1687 gubernatorem
1282 1619 1467 1689 navigationis
1478 1636 1535 1676 suae
1544 1623 1617 1677 vium
1633 1626 1778 1682 intetc'oeli

134 1706 937 1781 Quomodoigiturquiporcorumexpetuntmortcs,ima-
979 1705 1779 1780 siderarequirentemma'jestatishonorereneratttr‘lQu'it

134 1801 234 1870 ginem
248 1788 300 1854 Dei
315 1795 468 1860 hominem,
480 1801 509 1850 et
521 1801 580 1849 ram
591 1796 706 1849 charum
721 1795 866 1848 Conditori‘
881 1796 940 1849 ani-
981 1795 1176 1863 agricolando
1186 1795 1271 1849 aridis
1282 1797 1386 1851 astatis
1393 1791 1554 1864 fervoribus,
1562 1803 1655 1857 autde
1661 1792 1778 1860 trientali

136 1890 193 1942 mal
213 1894 266 1943 su‘o
287 1887 417 1942 valebunt
432 1888 497 1958 jure
510 1885 694 1956 pervertere?
951 1897 1063 1954 gaqum
1073 1900 1120 1935 uin
1129 1884 1258 1953 largitate
1270 1885 1310 1937 rel
1326 1880 1428 1955 frigore
1438 1885 1637 1958 disputantem,
1653 1907 1708 1947 non
1725 1900 1775 1965 po·-

171 1979 288 2049 llfagna.
296 1975 480 2037 dilectissimi,
488 1975 637 2028 adversum
648 1973 847 2043 daniencstlfi)
859 1984 937 2029 arma
980 1971 1036 2025 tius
1048 1973 1219 2041 experientia
1231 1974 1480 2045 larrslat,quan1dei
1490 1984 1635 2033 consecrat
1644 1970 1779 2037 nom'iue‘?¹

135 2053 632 2121 sontvitasinceraetintemerauaad
640 2062 728 2117 Deum
737 2063 814 2115 fides.
826 2064 937 2118 Credite
1013 2060 1127 2117 Verum.
1145 2065 1176 2114 ut
1197 2063 1381 2117 concedamus
1396 2065 1538 2136 paulisper
1557 2078 1621 2121 vere
1636 2071 1781 2129 temones
1823 2102 1827 2110 ·

132 2156 204 2209 mibi
226 2158 359 2226 experto:
376 2153 548 2225 pertimescit
563 2152 681 2206 Satanas
696 2156 770 2205 recte
785 2153 936 2206 virentium
978 2149 1118 2214 nuntiare,
1134 2150 1300 2220 respondete
1323 2153 1401 2216 mihi,
1418 2155 1479 2224 quis
1503 2154 1610 2210 fruetus
1630 2165 1673 2212 est
1693 2160 1779 2216 nosse

133 2245 255 2315 vigilias,
265 2244 414 2309 orationes,
421 2242 539 2312 jejunia,
550 2240 802 2305 mansuetudinem,
812 2243 937 2296 volunta·
978 2237 1271 2309 venientiu'fflunquid
1280 2244 1330 2293 aut
1341 2240 1431 2295 sciens
1446 2243 1504 2297 brec
1515 2245 1665 2315 aliquando
1678 2237 1776 2304 lauda-¹

132 2333 206 2387 riam
223 2328 511 2404 paupertatem,vanae
521 2329 617 2400 gloriae
632 2335 834 2400 contemptum,
846 2322 937 2384 bumi-
978 2328 1261 2397 tusautpunitusest
1271 2326 1774 2408 nesciens?Inhocnnusquisquesib

131 2420 256 2486 butem,
265 2420 499 2483 misericordiam,
508 2420 556 2474 iren
566 2418 751 2479 dominatum,
760 2423 788 2471 et
798 2419 936 2489 prrecipuc
977 2423 1125 2485 preparat,
1137 2432 1186 2470 seu
1201 2422 1350 2482 tormenta.
1364 2434 1413 2472 seu
1422 2421 1551 2490 gloriam.
1563 2423 1586 2476 si
1596 2424 1638 2478 rel
1651 2427 1776 2498 negliget

131 2528 238 2582 purum
248 2527 372 2580 corerga
381 2509 484 2562 Christi
493 2507 882 2562 amoremNovitteterrimus
892 2525 936 2561 co·
978 2503 1188 2574 scripturarum
1203 2506 1346 2570 mandatu,
1362 2508 1403 2562 vel
1417 2509 1509 2564 saciat.
1523 2512 1625 2566 Nullus
1638 2502 1672 2567 ob
1683 2514 1711 2569 id
1726 2524 1775 2571 nus

131 2597 224 2663 luber,
241 2617 275 2652 cx
291 2602 429 2670 precepto
444 2593 555 2651 Dorrrini
572 2596 622 2650 sub
632 2597 775 2666 justorum
792 2613 822 2649 se
841 2597 935 2666 jacere
976 2600 1066 2646 strum
1082 2594 1153 2647 hanc
1167 2594 1287 2665 arripuit
1297 2596 1391 2662 vitam,
1409 2603 1439 2651 ut
1453 2598 1556 2654 habeut
1569 2603 1776 2671 praescientiam

131 2688 269 2759 vestigiis,
282 2687 331 2758 qui
342 2687 381 2740 ait
394 2705 399 2738 :
411 2687 481 2740 Ecce
491 2685 556 2739 dedi
567 2684 642 2738 vobis
653 2688 819 2755 potestatem
829 2687 936 2739 calcare
977 2681 1145 2748 futurorum,
1160 2683 1208 2735 sed
1222 2689 1254 2737 ut
1268 2686 1413 2755 praeceptis
1427 2687 1539 2742 Domini
1553 2694 1616 2755 „95
1630 2683 1773 2760 obediere,

131 2795 220 2850 super
234 2780 380 2848 serpentes
394 2781 423 2830 et
437 2775 606 2846 scorpiones,
619 2779 647 2827 et
661 2784 745 2844 super
758 2790 870 2828 onlnem
885 2775 937 2828 vir·
977 2771 1083 2824 a‘micus
1094 2771 1316 2842 esseincipiatde
1326 2790 1415 2828 servo.
1424 2775 1585 2832 Currmdum
1597 2785 1778 2853 estnonprte-‘

133 2873 226 2921 tutem
242 2865 348 2919 inimici
365 2859 450 2929 {Luca
464 2865 501 2931 x).
977 2858 1048 2913 scire
1058 2875 1119 2929 quae
1138 2860 1262 2925 venirent,
1278 2861 1327 2915 sed
1342 2856 1458 2934 implere
1470 2882 1530 2935 quae
1542 2864 1711 2937 jussasunt3
1724 2873 1776 2927 nec

169 2955 199 3009 Si
214 2957 312 3007 autem
329 2956 358 3006 et
372 2951 572 3005 alienationem
596 2966 626 3004 se
641 2950 744 3005 habere
759 2952 934 3017 simulantes,
977 2948 1287 3003 institutionibusbonis
1299 2952 1369 3006 hanc
1388 2952 1516 3023 flagitare
1529 2957 1696 3025 mercedem,
1710 2962 1777 3015 ctttrt

134 3054 270 3098 venturos
285 3041 385 3096 tratres
400 3040 599 3106 nuntiaverint,
617 3044 645 3094 et
659 3040 799 3094 adfuerint
811 3056 880 3112 quos
893 3057 937 3095 rc·
977 3037 1066 3105 leugis
1077 3037 1227 3091 debeamus
1238 3039 1383 3094 victoriam
1395 3045 1494 3097 contre
1502 3040 1644 3100 diabolum
1653 3040 1779 3104 abauxl':
1823 3056 1827 3069 ¹

134 3134 195 3187 nire
207 3128 406 3203 predixerant,
416 3147 467 3183 nec
476 3128 590 3183 sicfrdes
598 3124 850 3183 esteommodanda
860 3133 966 3193 men-c
977 3126 1076 3179 liotore
1088 3127 1206 3181 Domino
1219 3126 1369 3197 postulare.
1382 3121 1436 3184 Sed
1450 3131 1472 3184 si
1484 3122 1555 3186 forte
1568 3124 1671 3204 aliquis
1682 3137 1734 3192 hec
1743 3125 1776 3194 lii

133 3208 269 3275 dacibus:
287 3218 322 3273 ob
337 3219 365 3273 id
380 3219 455 3273 enim
471 3223 636 3290 praecessere
647 3218 833 3276 venientesut
842 3218 938 3273 credu·
978 3213 1077 3269 bentcr
1086 3221 1221 3279 assumat,
1232 3225 1263 3269 ut
1276 3214 1371 3271 sutura
1385 3224 1542 3288 cognoscat,
1554 3221 1658 3278 habeut
1671 3232 1778 3296 purum*

134 3311 199 3364 litas
213 3309 266 3364 sibi
282 3316 399 3381 paretur
411 3310 445 3361 ex'
458 3308 566 3372 nuntio,
579 3312 607 3361 et
618 3310 713 3377 postca
728 3307 820 3360 aditus
833 3310 866 3360 ex
880 3324 937 3360 cre·
978 3318 1038 3370 cor3
1052 3304 1117 3374 quia
1127 3305 1209 3357 eredo
1220 3306 1342 3360 aninram
1354 3308 1625 3376 Deoserrientem3si
1635 3312 1779 3385 ineapeb

134 3390 255 3453 dulitate
269 3396 395 3451 fallacia.
409 3397 514 3451 Verum
532 3396 561 3449 in
577 3397 628 3449 hoc
654 3395 760 3448 nullum
777 3392 936 3449 Christiano
978 3393 1145 3446 serenaverit
1159 3393 1319 3464 integritate
1335 3410 1391 3466 qua
1405 3402 1471 3450 neta
1484 3404 1527 3452 est
1547 3396 1611 3465 ild),
1628 3402 1692 3471 plus
1704 3402 1780 3459 scire*

134 3487 220 3541 debet
234 3504 296 3542 esse
310 3486 563 3548 mimculum,cu1n
578 3486 755 3538 nonfurtum
768 3485 815 3555 qui
826 3484 937 3538 levitate
978 3497 1058 3550 posse
1074 3496 1158 3550 quam
1174 3483 1323 3537 daemones.
1333 3476 1408 3539 Talis
1423 3492 1484 3540 erat
1498 3488 1592 3542 anima
1602 3481 1702 3555 unsar,
1714 3496 1779 3564 quae

134 3583 245 3631 natura
254 3571 590 3648 percunctadiscurrunt,
598 3574 710 3627 valeant
720 3573 864 3644 pervenire
870 3590 936 3642 gra·
978 3569 1041 3622 aliis
1055 3569 1211 3639 incognitas
1226 3571 1342 3626 virtutes
1363 3573 1488 3629 faciebat.

134 3654 260 3732 dientcs3
269 3654 711 3734 sedbommcsquoqueequorum
719 3662 863 3715 velocitate
869 3667 937 3732 pree-
1014 3656 1078 3712 Cre.
1092 3654 1190 3713 Xlllll.
1200 3691 1232 3699 -
1241 3660 1388 3732 Nuncjam
1398 3669 1513 3718 ceteras
1523 3665 1601 3720 vebis
1615 3665 1776 3724 daemonum·

135 3755 217 3814 recti.
230 3755 363 3808 nuntiant
373 3753 528 3806 adfuturos
539 3753 599 3805 Non
612 3751 686 3804 enim
698 3768 731 3804 ea
743 3750 936 3821 queenondum
978 3746 1119 3817 explicabo
1135 3740 1268 3803 fallacias.
1286 3751 1383 3805 Solent
1397 3757 1478 3807 nocte
1491 3755 1644 3822 venientes
1661 3748 1776 3828 angelos

136 3844 301 3914 tiericoepta
315 3848 382 3896 suut
397 3838 530 3903 referunt,
548 3840 614 3912 quia
629 3841 704 3894 Deus
719 3841 795 3893 solus
810 3840 937 3893 conscius
977 3835 1027 3888 Dei
1043 3853 1072 3888 sc
1087 3837 1202 3906 fingere,
1216 3832 1330 3892 focilare
1345 3838 1779 3915 studium,1nir.rripersever'art·'

135 3930 517 3998 estfuturorumtlron.x111);
529 3929 578 3983 scil
588 3944 708 3999 querum
722 3928 897 3998 conspiciunt
908 3928 936 3981 in
978 3924 1056 3990 tiam,
1072 3924 1167 3979 futura
1186 3929 1301 3996 praemia
1314 3928 1448 3999 polliceri.
1465 3931 1541 3994 Quos
1558 3938 1623 3987 curn
1637 3935 1772 4001 necitis,

135 4021 200 4073 actu
210 4019 336 4084 initium,
345 4036 442 4072 eorum
452 4015 504 4072 sibi
515 4023 648 4088 tanquam
658 4014 732 4070 fures
743 4016 818 4087 aliud
825 4016 939 4085 ignaros
979 4015 1398 4084 tamvosmramdomosvestras
1406 4016 1771 4094 crucisarmatesignacnle‚

135 4108 285 4162 vendicant
300 4107 454 4162 notionem.
465 4103 538 4161 Nam
553 4110 672 4177 quantos
687 4112 761 4161 nunc
774 4106 879 4176 putatis
890 4104 937 4175 qui
979 4107 1007 4155 et
1021 4102 1166 4158 confestim
1192 4107 1334 4161 salsentur
1353 4107 1382 4160 in
1400 4106 1522 4164 nihilum
1538 4129 1543 4163 ι
1560 4113 1627 4182 qnia
1645 4110 1779 4171 metuent

135 4197 246 4268 possint
268 4194 414 4251 velocitate
436 4196 536 4271 puerili
556 4196 639 4250 istam
653 4201 755 4249 caetum
771 4192 940 4264 nostrosque·
979 4189 1048 4244 illud
1062 4194 1217 4262 trophaeum
1238 4195 1267 4247 in
1288 4210 1344 4264 que
1361 4194 1488 4251 Salvator
1507 4215 1604 4253 aereas
1619 4195 1782 4272 exspoliari&

136 4286 236 4339 contre
249 4303 279 4340 se
290 4287 444 4351 sennense,
455 4284 520 4339 ante
529 4285 649 4339 relatum
660 4284 777 4354 alicujus
789 4284 833 4337 bic
842 4281 935 4354 positi,
978 4286 1140 4350 potestates
1158 4300 1204 4335 cas
1220 4284 1285 4336 tecit
1312 4285 1444 4338 ostentui.
1464 4286 1560 4341 Solent
1585 4289 1671 4360 etium
1692 4286 1780 4344 sarili*

135 4375 219 4446 longe
235 4374 416 4428 manentibus
433 4373 574 4428 indicare?
597 4373 655 4428 Hoc
678 4374 752 4444 qued
767 4372 828 4426 dico
849 4371 935 4435 vobis,
979 4369 1203 4424 simulationibus
1217 4371 1344 4425 membra
1352 4377 1492 4443 torquere,
1504 4377 1531 4428 ct
1542 4375 1644 4430 nostrie
1654 4379 1776 4447 procaci·

137 4464 320 4535 perspicuum
329 4463 389 4517 ficri
400 4466 492 4534 potest
502 4462 644 4533 exemplis.
657 4453 686 4515 Sl
697 4450 786 4531 quise
797 4448 1021 4514 Tbebaideliter
1035 4456 1135 4511 offerre
1150 4475 1179 4512 se
1199 4459 1311 4524 visibus,
1324 4467 1357 4514 ut
1371 4468 1493 4516 mentem
1505 4479 1615 4535 pavore,
1633 4466 1661 4518 et
1674 4468 1779 4537 corpus¹

137 4556 187 4607 aiit
208 4547 330 4623 ancujus
354 4552 477 4622 regionis
498 4550 599 4623 oppido
618 4550 734 4621 coeperit
748 4549 893 4620 proficisci,
911 4556 939 4604 et
980 4547 1095 4601 horrore
1121 4549 1290 4603 concutiant.
1308 4550 1361 4603 Sed
1377 4556 1404 4603 et
1418 4551 1448 4605 in
1469 4553 1518 4606 boe
1545 4553 1614 4606 fides
1633 4544 1693 4608 Dee
1713 4553 1779 4611 tuta

138 4640 212 4695 bunc
225 4640 367 4695 demones
378 4639 500 4695 viderint
513 4639 542 4702 in
552 4639 653 4694 itinere
663 4637 865 4701 ambulantem,
878 4653 939 4709 per·
980 4636 1059 4706 fugat
1074 4653 1120 4691 eos
1136 4638 1216 4708 quasi
1231 4639 1344 4692 infirma
1361 4639 1491 4695 ludibria.

138 4730 252 4785 uicitate
263 4725 420 4784 promotae·
430 4732 547 4800 possunt
555 4720 704 4800 praedicere
718 4727 885 4781 venientem.
896 4729 940 4781 lta
1015 4726 1077 4779 Non
1086 4730 1128 4779 est
1143 4733 1237 4780 autem
1249 4727 1370 4780 difficilis
1382 4727 1519 4782 bonorum
1534 4729 1684 4800 spirituum
1691 4733 1780 4787 mato

138 4820 212 4874 etde
227 4818 286 4873 Nili
301 4817 486 4872 inundatione
499 4818 617 4872 solemni
633 4815 697 4886 (lb),
714 4833 777 4871 cum
792 4816 895 4870 multas
909 4817 938 4870 in
980 4828 1098 4885 rinnque
1117 4815 1246 4869 discretio
1256 4811 1322 4885 (ts),
1337 4830 1398 4886 quac
1407 4818 1447 4870 sic
1457 4818 1515 4872 Deo
1524 4817 1667 4874 tribuente
1676 4821 1778 4892 pandi-¹

138 4894 282 4980 Ethiopia
296 4893 416 4961 viderint
426 4900 678 4978 pluviasequibus
692 4899 793 4960 danus
805 4905 939 4959 intumes—
979 4908 1027 4955 tur
1043 4923 1048 4955 :
1067 4904 1234 4958 Sanctorum
1248 4905 1412 4973 angelorum
1424 4905 1552 4960 amabilis
1566 4910 1594 4961 et
1607 4900 1779 4981 tranquillus

138 4998 216 5059 eene}
231 4996 307 5051 ultra
320 4998 431 5051 alveum
446 4984 560 5052 effluere
573 4995 724 5060 consuerit,
735 4999 939 5065 precurrentes
980 4998 1109 5062 aspectus
1127 4996 1179 5057 est,
1198 4992 1263 5062 epia
1277 5008 1333 5046 non
1347 4993 1521 5050 emicarent
1536 5010 1628 5068 neque
1642 4994 1778 5064 clamant,-

140 5071 176 5139 ed
182 5076 346 5158 AEg'yptum,
358 5085 492 5142 nuntient
505 5084 764 5138 amnisadrcntum.
777 5083 836 5137 lloc
845 5092 941 5137 autem
981 5086 1071 5151 neque
1098 5081 1194 5135 audiet
1207 5081 1309 5150 aliquis
1324 5088 1419 5136 rocem
1434 5090 1552 5153 cerunt,
1573 5092 1675 5141 verrem
1692 5088 1777 5142 tacite

140 5176 167 5229 et
179 5163 351 5241 nomineesi
365 5162 423 5229 illis
432 5162 585 5227 ceieritatis
599 5179 672 5227 esset
686 5172 767 5227 tanta
780 5178 892 5236 natura,
900 5171 940 5225 ta-
981 5171 1136 5240 leniterque
1160 5173 1349 5240 properantes
1377 5174 1522 5240 gaudium,
1552 5173 1775 5242 exsultationem,

139 5264 189 5318 tile
204 5264 379 5319 nuntiarent.
396 5252 435 5318 fb
448 5252 523 5316 ent'm
538 5263 696 5334 speculator
709 5263 783 5316 beuti
802 5255 890 5316 David
904 5255 940 5315 cd
981 5259 1112 5317 fiduciam
1127 5258 1287 5329 pectoribus
1304 5259 1465 5327 infundunt,
1482 5263 1620 5334 siquidem
1639 5276 1703 5319 cum
1722 5264 1777 5319 illis

139 5349 271 5408 tertic'e‘u'r
284 5341 339 5407 loci
347 5340 475 5406 celsioris
485 5342 637 5406 ascendens
647 5344 686 5419 tf!
693 5354 753 5419 fleo.
767 5350 941 5421 rrrrr,prior
982 5350 1025 5400 est
1040 5348 1182 5413 Dominus,
1202 5349 1249 5419 qui
1265 5352 1308 5403 est
1322 5350 1383 5403 fens
1408 5355 1440 5405 etv
1463 5353 1541 5422 origo
1564 5353 1675 5408 laetitiae.
1700 5354 1777 5408 Tune

140 5443 313 5513 quamhiqui
323 5442 353 5496 in
362 5444 532 5496 terruerant
543 5438 941 5512 prespiciensi·enicntes,rten
982 5451 1062 5490 mens
1077 5443 1172 5491 nostra
1181 5454 1236 5492 non
1251 5434 1373 5505 turbida,
1386 5440 1434 5494 sed
1449 5441 1519 5494 leuis
1531 5445 1560 5495 et
1570 5442 1678 5512 placida
1691 5445 1777 5511 aregio⁴

140 5520 384 5601 quiedamimerta
395 5523 553 5596 defuturis,
564 5524 613 5584 sed
623 5529 657 5583 tte
669 5524 715 5582 tris
723 5528 772 5600 qui
783 5529 877 5581 venire
888 5541 940 5581 eoe·
981 5527 1139 5581 lorumluce
1151 5527 1290 5594 radiatum
1302 5533 1369 5582 tunc
1378 5529 1474 5582 amma
1483 5528 1638 5584 celestium
1648 5529 1777 5601 praem

140 5626 238 5692 perm
252 5616 422 5687 nmmum
436 5617 478 5673 ste
488 5613 663 5674 ammones
674 5616 940 5688 cereperugtuom
981 5618 1047 5669 rem
1059 5614 1193 5670 amiate
1206 5617 1344 5687 augme,
1357 5617 1524 5689 effluamus
1540 5620 1646 5688 perseo
1658 5618 1777 5672 emron
