3818 6120
153 216 207 274 843
532 249 536 258 ·
710 215 756 269 DE
775 214 869 270 VITIS
888 213 1038 270 Pernen
1056 215 1164 272 LIBER
1182 220 1230 274 IV.
1474 170 1478 175 Ι
1739 229 1789 285 811

154 360 239 416 qliem
250 343 409 399 refecissem
424 357 486 396 curu
502 356 568 394 scae
583 339 652 393 bora
667 356 751 404 nona,
766 355 855 393 unum
868 339 947 410 paxi·
957 345 982 404 A
992 342 1573 402 summaesanctitatisriionaclridiutissime
1583 357 1790 406 commorantes

153 434 272 488 matium
286 431 409 503 quotidie
416 429 446 484 in
458 430 521 484 sinu
531 446 593 483 meo
600 429 721 483 latenter
732 428 945 482 absconderem:
990 436 1104 502 repente
1112 431 1603 506 suntadiscurrentibusinterempti
1613 437 1786 495 Sarracenis.

152 539 235 594 quern
247 590 250 597 Ι
260 538 331 585 seru,
360 520 508 590 ignorante
528 535 605 582 sene,
629 519 735 573 occulte
755 517 946 573 comedebam.
990 518 1115 582 Quorum
1125 537 1244 591 corpora
1258 524 1317 574 tam
1329 538 1346 574 a
1355 523 1459 593 populo
1473 523 1597 596 regionis
1608 525 1788 597 illiusquam

152 611 231 675 Quod
251 610 357 664 furtum
374 608 439 663 licet
453 607 578 678 quotidie
592 609 766 678 perficerem,
779 608 889 678 expleta
903 612 946 661 ta-
989 607 1024 662 ab
1037 608 1169 663 universa
1185 608 1309 663 Arabum
1322 609 1415 680 plebe,
1434 617 1514 667 tanta
1528 615 1712 670 veneratione
1726 621 1789 672 sunt

150 716 214 753 men
228 696 646 769 concupiscentiafraudulenta,
659 697 694 750 ad
708 697 846 767 meipsum
858 713 949 750 rever·
989 703 1129 769 percepta,
1146 702 1179 752 ut
1191 698 1334 752 innumeri
1348 700 1443 772 populi
1454 711 1654 759 concurrentes
1664 722 1699 759 ex
1715 712 1787 760 utre-

148 794 221 855 tens,
234 804 319 860 super
328 786 451 841 admisso
460 786 535 840 furto
546 785 638 840 acrius
645 786 799 853 cruciabar,
811 802 895 857 quam
904 803 948 841 su·
989 803 1043 857 que
1057 793 1136 858 parte
1155 788 1350 858 gratissimum
1367 789 1420 844 sibi
1434 797 1578 848 certamen
1594 810 1645 865 pro
1662 795 1786 866 reliquiis

147 894 289 948 peresum
305 876 381 932 illius
400 878 510 930 fueram
521 876 703 945 jucundatus.
722 876 848 946 Cumque
869 875 944 929 istud
988 892 1085 930 eorum
1106 877 1266 941 indixerint,
1290 879 1335 950 pie
1358 879 1434 934 inter
1458 898 1488 935 se
1502 899 1553 953 pro
1567 887 1668 937 sancta
1685 883 1785 955 rapina

149 966 378 1021 molestissimum
387 981 457 1037 opus
467 965 584 1034 singulis
594 964 692 1018 dicbus
703 965 813 1035 explere
821 981 877 1018 non
885 964 945 1018 sine
986 962 1133 1019 devotione
1143 965 1727 1039 decertantes,quinamjustusmereretur
1742 989 1783 1027 eo-

148 1056 239 1110 cordis
254 1056 309 1109 mei
323 1056 418 1109 dolore
431 1054 622 1125 compellerer,
632 1059 661 1106 et
671 1053 875 1107 clandestinum
889 1052 945 1106 fur·
985 1066 1049 1106 rum
1064 1053 1238 1123 sepulturam
1249 1071 1281 1108 ac
1292 1055 1425 1127 reliquias
1439 1058 1599 1128 possidere;
1615 1059 1673 1113 illis
1683 1061 1783 1116 scilicet

148 1150 208 1198 turn
234 1144 391 1214 patefacere
405 1144 465 1197 seni
484 1142 679 1206 confunderer,
696 1142 815 1212 contigit
829 1159 879 1212 per
893 1141 943 1196 Dei
985 1140 1020 1193 de
1034 1141 1125 1196 vicina
1144 1144 1363 1199 commoratione
1379 1146 1514 1217 ipsorum,
1535 1148 1598 1203 aliis
1621 1149 1657 1204 de
1672 1150 1783 1220 originis

148 1232 503 1303 providentiam,quosdam
516 1232 617 1285 fratres
625 1231 817 1286 aedifrcatieuis
828 1230 944 1285 obtentu
986 1231 1194 1303 propinquitate
1208 1232 1405 1303 gloriantibus.

147 1322 277 1376 cellulam
289 1321 363 1375 senis
378 1321 552 1374 avidissimos
567 1320 713 1391 expetisse.
730 1321 857 1389 Cumque
871 1318 943 1372 refe-
1270 1323 1387 1378 CAPUT
1400 1324 1496 1380 XLIX.

147 1410 238 1465 ctione
266 1416 418 1474 transacta,
444 1408 631 1463 confabulatio
652 1409 785 1480 spiritalis
808 1408 943 1462 interesse
1240 1413 1276 1466 Dc
1290 1414 1385 1467 abbate
1399 1415 1523 1468 Daniele.

146 1500 284 1572 caepisset,
295 1500 522 1571 respondensque
528 1515 613 1553 senex
621 1499 770 1569 propositis
785 1497 942 1567 interroga·
1020 1498 1097 1553 inter
1110 1503 1225 1554 caeteros
1239 1501 1380 1566 eremitas,
1398 1501 1527 1557 abbatem
1538 1519 1653 1575 quoque
1664 1505 1782 1561 vidimus

145 1588 267 1643 tionibus
278 1606 385 1655 eorum,
395 1588 639 1659 degastrimargiae
650 1587 717 1642 vitio
726 1593 754 1641 et
769 1587 942 1641 occultarum
983 1585 1139 1654 Danielem,
1156 1591 1292 1659 aqualem
1313 1591 1420 1646 caeteris
1434 1592 1463 1645 in
1477 1593 1608 1648 omnibus
1622 1593 1780 1662 virtutibus,

143 1677 345 1748 cogitationum
357 1682 516 1748 exponeret,
527 1678 562 1731 ad
570 1676 813 1741 ultimumintulit,
828 1676 923 1729 dicens
933 1695 938 1728 :
950 1661 1032 1727 Bscd
1043 1676 1211 1745 peculiarius
1219 1677 1642 1751 gratiahumilitatispraeditum
1650 1683 1780 1750 (Cassian.

142 1766 264 1821 Nihilsic
274 1767 387 1821 noxium
400 1767 606 1832 estmonaclris,
617 1770 645 1819 et
655 1765 778 1820 laetificat
788 1765 938 1832 daemones,
981 1766 1073 1817 collat.
1088 1779 1127 1827 xx,
1147 1782 1206 1835 cap.
1218 1764 1308 1833 ll.Qui
1319 1768 1420 1822 mento
1430 1769 1562 1839 puritatis
1571 1787 1604 1824 ac
1617 1780 1779 1828 mansuetu·

143 1871 228 1926 quam
243 1856 267 1910 si
282 1856 374 1909 celent
394 1855 577 1926 cogitationes
594 1871 659 1908 suas
674 1854 816 1925 spiritales
831 1855 937 1907 Patres.
981 1851 1054 1905 dinis
1069 1869 1136 1917 suae,
1153 1870 1170 1906 a
1190 1862 1288 1909 sancto
1307 1855 1466 1926 Paphnutio
1479 1858 1608 1928 eiusdem
1624 1860 1782 1918 solitudinis

141 1945 220 1998 Tune
229 1961 280 2014 ego
291 1950 474 2015 compunctus
485 1943 578 2009 eorde,
594 1943 749 1997 existimavi
759 1943 819 1996 seni
833 1947 940 1997 secreta
981 1939 1154 2011 presbytero,
1171 1943 1206 1996 ad
1217 1943 1336 1998 diaconii
1350 1944 1473 1999 officium
1485 1951 1528 2000 est
1541 1947 1719 2017 praeelectus.
1736 1950 1781 2004 ln-

140 2033 263 2104 pectoris
278 2033 334 2087 mei
344 2032 492 2104 patefacta,
510 2038 537 2086 et
547 2032 575 2086 in
591 2032 713 2086 occultos
721 2032 843 2102 primum
853 2032 940 2101 gerni·
980 2033 1092 2082 tautum
1118 2030 1194 2084 enim
1208 2031 1283 2086 idern
1308 2031 1407 2087 beatus
1431 2034 1606 2104 Paphnutius
1632 2035 1780 2093 eirtutibus

140 2128 187 2175 tus
200 2123 344 2187 excitatus,
359 2122 461 2176 deiude
472 2122 563 2175 cordis
576 2120 632 2175 mei
643 2121 858 2192 compunctione
866 2137 939 2174 cres·
980 2115 1069 2188 ipsius
1084 2118 1269 2188 aggaudebat,
1296 2127 1328 2175 ut
1341 2138 1423 2191 quem
1440 2121 1502 2176 ritae
1522 2123 1633 2178 meritis
1650 2132 1679 2178 et
1689 2126 1779 2196 gratia

140 2211 381 2282 cente,inapertos
390 2209 530 2281 singultus
539 2210 733 2282 lacrymasque
741 2225 936 2281 prorumpere,
980 2222 1076 2276 parem
1091 2207 1144 2261 sibi
1154 2214 1278 2274 noverat,
1295 2227 1439 2282 coaequare
1452 2210 1504 2265 sibi
1522 2212 1609 2267 etiarn
1624 2215 1771 2270 sacerdotii

140 2299 210 2370 coepi
217 2299 395 2354 amarissime
406 2301 482 2366 llere;
498 2306 526 2353 et
536 2300 668 2354 continuo
678 2299 748 2368 ejeci
756 2298 790 2352 de
800 2298 864 2352 sinu
873 2314 937 2352 mco
979 2294 1077 2349 ordine
1090 2297 1244 2352 festinaret.
1257 2299 1384 2370 Denique
1400 2305 1500 2370 optans
1510 2300 1624 2356 sibimet
1638 2319 1778 2357 successo·

138 2388 323 2460 paximatium
338 2389 413 2459 quod
427 2388 526 2442 uitiosa
539 2388 741 2442 consuetudine
749 2387 875 2441 clanculo
890 2404 938 2458 pa·
978 2398 1038 2436 rem
1050 2384 1247 2455 dignissimum
1269 2389 1415 2457 providere
1438 2396 1590 2460 superstes,
1605 2389 1773 2462 presbyterii

138 2474 936 2547 rareramcomcdendum.Cumqucinmediumproferens
979 2470 1085 2527 honore
1100 2477 1307 2546 eumprorexit.
1320 2477 1374 2541 Qui
1384 2478 1776 2548 tamcnpriorisconsuetudi-

102 2548 106 2563 ⁸
140 2566 280 2637 quomodo
294 2566 420 2637 quotidie
437 2566 580 2619 involvens
599 2582 662 2619 eum
683 2565 789 2618 occulte
810 2554 933 2631 ederem,
978 2575 1041 2615 nem
1049 2561 1280 2619 humilitatisnon
1290 2565 1432 2632 omittens,
1444 2566 1514 2620 nihil
1522 2583 1651 2638 unquam
1665 2567 1719 2622 sibi
1729 2567 1774 2621 illo

138 2659 296 2724 prostratus
315 2654 345 2708 in
361 2654 531 2725 pavimento,
556 2670 620 2707 cum
646 2653 733 2707 reniae
747 2653 936 2724 postulatione
978 2656 1115 2720 prasente
1128 2650 1163 2705 de
1175 2651 1346 2707 sublimioris
1360 2653 1468 2708 ordinis
1479 2654 1640 2724 adjectione
1654 2655 1775 2721 donavit

138 2743 282 2796 confessus
291 2758 368 2809 sum,
381 2747 409 2796 et
417 2741 540 2797 ubertim
548 2741 668 2814 profusis
676 2741 817 2813 lacrymis,
831 2742 936 2796 oratio·
977 2738 1142 2810 sedsemper
1151 2739 1251 2795 abbate
1257 2741 1554 2812 Paphnutioollerente
1565 2744 1709 2815 spiritales
1717 2742 1792 2797 hos?

138 2830 220 2886 nibus
235 2847 332 2885 eorum
346 2831 542 2903 reniamapud
556 2831 645 2885 Deum
660 2831 936 2902 postulabarn.'func
976 2826 1039 2894 tias,
1056 2828 1103 2882 ille
1110 2829 1186 2884 velut
1198 2831 1480 2902 diaconusinprioris
1487 2832 1638 2887 ministerii
1644 2849 1776 2904 perman-

138 2936 222 2974 senex
237 2919 320 2974 dixit:
336 2920 460 2985 confide,
479 2920 530 2985 fili,
547 2920 613 2990 quia
628 2919 757 2973 liberarit
771 2926 799 2973 te
816 2920 934 2991 acapti-
975 2916 1012 2970 sit
1025 2916 1126 2972 officio.
1141 2919 1174 2974 ln
1188 2936 1243 2990 quo
1254 2925 1349 2974 tamen
1365 2920 1479 2976 beatum
1495 2921 1776 2993 repercutiendam

135 3009 221 3064 ritate
234 3009 288 3062 ista
299 3008 434 3063 confessio
444 3013 507 3076 tua,
523 3008 654 3062 victorem
675 3024 796 3079 iamque
807 3009 964 3077 adversa-(1
976 3004 1039 3058 talis
1049 3005 1091 3059 vir
1101 3013 1174 3061 esset
1185 3023 1217 3061 ae
1225 3012 1330 3076 tantus,
1341 3014 1374 3063 ut
1382 3009 1412 3062 in
1422 3008 1519 3063 multis
1527 3010 1615 3064 etiarn
1625 3010 1774 3081 praescien-

131 3098 209 3153 rium
224 3102 305 3152 tuum
315 3097 398 3151 hodie
404 3097 594 3168 triumphasti,
607 3097 798 3152 ualidiuseum
813 3103 862 3152 tua
870 3115 934 3152 con·
975 3093 1044 3148 tiam
1057 3095 1155 3164 gratiae
1170 3096 1335 3167 possideret,
1353 3096 1411 3152 baec
1426 3113 1489 3169 spes
1508 3098 1544 3152 de
1557 3097 1769 3154 substitutionis

134 3185 255 3242 lessione
271 3186 480 3257 elidens,quam
495 3186 555 3258 ipse
565 3186 658 3240 fueras
672 3185 708 3240 ab
717 3191 806 3241 eotua
814 3187 932 3241 tacitur-
975 3183 1110 3239 electione
1124 3185 1259 3240 frustrata
1275 3191 1327 3240 est.
1347 3186 1420 3240 Nam
1443 3204 1499 3242 non
1516 3187 1600 3258 longe
1613 3192 1679 3258 post
1702 3187 1776 3243 hunc

137 3275 226 3331 nitate
239 3275 374 3346 dejectus.
392 3275 427 3329 Et
440 3274 541 3329 idcirco
556 3280 619 3346 post
634 3275 705 3328 hanc
714 3274 933 3346 publicationem
974 3272 1066 3344 ipsum
1075 3291 1158 3344 quem
1172 3274 1225 3331 sibi
1238 3280 1389 3347 paraverat
1399 3293 1599 3344 successorem,
1616 3282 1723 3333 antese
1736 3276 1771 3331 ad

129 3374 214 3428 ,tuam
234 3364 288 3420 iste
309 3364 449 3434 malignus
470 3363 586 3436 spiritus
597 3380 653 3418 non
667 3364 858 3418 dominabitur
871 3363 931 3431 tibi,
974 3361 1064 3417 Deum
1079 3363 1223 3435 premisit.

128 3470 185 3509 ¹nec
199 3453 229 3508 in
242 3457 271 3508 te
282 3453 432 3507 latibulum
442 3452 785 3524 sibiteterrimusserpens
797 3454 932 3508 hactenus
1287 3453 1404 3509 CAPUT
1419 3455 1449 3509 L.

134 3541 291 3614 usurpabit,
308 3541 373 3614 quia
387 3541 421 3596 de
429 3542 552 3596 tenebris
567 3542 659 3596 cordis
670 3543 712 3596 tui
721 3560 772 3614 per
786 3544 858 3597 banc
868 3560 932 3598 con·
1234 3543 1270 3596 Dc
1282 3544 1377 3596 abbate
1391 3541 1504 3599 Sereno.

134 3633 284 3688 sessionem
299 3632 439 3703 proiectus
460 3636 512 3684 est.
529 3630 656 3684 Necdum
670 3648 754 3686 senex
772 3633 831 3686 haec
848 3632 932 3687 rerba
1008 3627 1130 3682 Summa
1144 3630 1300 3684 sanctitatis
1321 3637 1349 3686 et
1363 3632 1541 3687 continentiae
1555 3632 1659 3700 virum,
1676 3633 1768 3689 nomi·

126 3720 336 3792 .cemplererat;
365 3724 395 3774 et
422 3735 484 3773 ecce
507 3719 604 3773 statim
618 3720 695 3774 uelut
718 3721 826 3791 lampas
841 3722 931 3792 magis
971 3715 1071 3787 nisque
1094 3717 1137 3772 sui
1156 3720 1312 3789 speculum,
1337 3719 1467 3776 abbatem
1487 3721 1608 3776 vidimus
1622 3723 1771 3789 Serenum,

134 3824 260 3875 accensa,
270 3808 305 3863 de
320 3823 382 3862 meo
392 3807 456 3862 sinu
462 3807 714 3878 procedens,tanto
728 3808 816 3863 fetore
832 3810 932 3865 cellam
974 3821 1056 3876 quem
1065 3806 1200 3877 singulari
1210 3809 1388 3864 veneratione
1397 3827 1454 3882 prce
1461 3811 1567 3865 caeteris
1578 3811 1715 3867 admirati
1729 3828 1773 3867 su·

135 3896 262 3968 repleuit,
277 3895 362 3951 utrix
375 3896 405 3951 in
420 3912 454 3950 ea
466 3895 588 3950 residere
603 3898 932 3968 possemusllesumens-
973 3910 1036 3948 mus
1050 3895 1198 3962 (Cassiam,
1215 3900 1435 3968 collateranea
1452 3900 1490 3968 1).
1507 3899 1559 3954 Oui
1571 3916 1661 3971 supra
1671 3917 1769 3956 omnes

136 4002 190 4058 que
202 4001 296 4053 senen,
313 3985 398 4040 dixit:
415 3986 483 4040 Ecce
496 3985 625 4058 probavit
644 3987 695 4041 tibi
709 3988 845 4043 Dominus
860 3988 932 4043 reri-
972 3982 1090 4038 virtutes
1103 4001 1164 4056 quae
1174 3987 1326 4042 noneolum
1336 3987 1365 4041 in
1375 3990 1507 4060 actuejus
1518 3989 1560 4043 vel
1573 3989 1713 4057 moribus,
1724 3989 1771 4045 sed

127 4080 222 4142 ¹tatem
238 4090 401 4131 sermonum
409 4091 546 4143 meorum,
563 4081 594 4131 ut
604 4077 825 4148 passionisillius
837 4077 932 4133 incen-
975 4070 1060 4125 eiiam
1070 4071 1131 4143 ipso
1144 4073 1723 4148 1111111111[1118111111111111118111111111111
1731 4083 1772 4133 1111

133 4169 224 4220 torem
232 4165 266 4220 de
274 4164 357 4220 corde
367 4170 416 4219 tuo
425 4163 598 4220 confessione
606 4165 712 4220 salubri
727 4165 856 4237 fugatum
866 4183 932 4221 ocu·
973 4160 1107 4230 peculiari
1120 4159 1255 4216 111111111ὶῦ10
1263 4162 1368 4218 (1111111111
1382 4164 1520 4219 011111111ῐί8
1529 4165 1667 4232 infusum,
1682 4173 1774 4223 utnec

133 4253 226 4308 lorum
236 4255 291 4309 fide
302 4253 470 4326 perciperes,
478 4253 704 4325 patefactumque
713 4256 821 4310 hostem
829 4271 933 4326 nequa·
973 4265 1003 4303 se
1016 4249 1085 4320 ipsis
1092 4250 1206 4322 quidem
1215 4251 1389 4307 naturalibus
1399 4253 1545 4309 incentivis
1561 4255 1722 4328 inquietari
1731 4257 1774 4312 vei

133 4359 219 4416 quam
230 4343 323 4398 locum
335 4342 364 4397 in
379 4347 407 4396 te
422 4342 540 4396 ulterius
565 4342 739 4409 habiturum,
754 4349 853 4414 aperta
871 4344 932 4413 ejus
942 4335 1003 4394 liin
1018 4355 1118 4411 sopore
1129 4341 1255 4395 sentiret.
1265 4341 1400 4413 Adquam
1411 4349 1508 4398 tamen
1517 4345 1611 4400 carnis
1618 4347 1772 4418 puritatem

133 4431 932 4504 expulsionecognosceresltaquesecundumsententiam
973 4428 1112 4498 quomodo
1132 4429 1299 4500 peruenerit,
1321 4431 1388 4502 quia
1408 4448 1495 4505 supra
1509 4433 1704 4490 conditionem
1718 4434 1772 4489 hu·

132 4522 217 4589 senis,
239 4521 279 4576 ita
294 4521 379 4576 estin
399 4536 444 4574 me
458 4520 561 4575 virtute
580 4521 762 4575 confessionis
777 4521 930 4576 dominatio
972 4532 1062 4571 1111111111
1077 4521 1185 4572 naturae
1194 4517 1313 4588 videtur,
1329 4520 1517 4575 necessarium
1533 4538 1595 4577 esse
1609 4540 1677 4579 reor
1687 4522 1770 4597 expli·

132 4610 271 4666 diabolica
285 4611 430 4677 exstincta,
447 4614 479 4664 ut
492 4626 639 4680 nunquam
651 4610 721 4665 mihi
737 4610 856 4665 ulterius
880 4627 930 4664 nec
972 4621 1044 4660 care.

133 4700 535 4772 memoriamconcupiscentiae
543 4700 628 4771 buJ'us
636 4700 787 4755 tentaverit
799 4699 929 4754 inimicus
1007 4693 1058 4748 Hic
1071 4694 1158 4765 igitur
1171 4695 1404 4753 beatusSer·enus
1422 4700 1494 4767 (ibid
1508 4739 1515 4765 ‚
1530 4715 1590 4769 cap.
1599 4699 1640 4769 ⁴2),
1658 4719 1712 4774 pro
1728 4702 1772 4758 in·

131 4790 269 4861 ingerere,
970 4784 1149 4839 ternacordis
1160 4787 1374 4858 atquecorporis
1382 4787 1520 4856 castitate,
1533 4791 1684 4846 nocturnis
1694 4792 1769 4847 diur-

406 4878 523 4934 CAPUT
537 4879 660 4935 XLVIII,
970 4872 1069 4944 nisque
1079 4874 1216 4944 precibus,
1226 4876 1343 4948 jejuniis
1354 4894 1504 4949 quoqueac
1518 4878 1623 4949 vigiliis
1637 4880 1770 4953 infatiga·

257 4968 293 5021 Dc
307 4969 473 5022 irrenacbisa
482 4967 628 5023 Saracenis
641 4969 801 5035 iratersectis.
969 4960 1064 5017 biliter
1070 4962 1215 5034 insistens,
1229 4981 1295 5020 cum
1307 4983 1337 5021 se
1347 4966 1464 5022 uidisset
1477 4967 1639 5023 orationum
1651 4986 1769 5026 suarum

169 5055 201 5109 ln
211 5054 364 5110 Palestinae
375 5056 503 5127 partibus
513 5057 657 5126 (Cassiam,
673 5060 764 5111 collat.
776 5071 812 5124 rr,
829 5073 887 5127 cap.
903 5057 926 5127 t)
969 5050 1123 5107 obtinuisse
1132 5059 1206 5122 vota,
1222 5058 1393 5127 cunctosque
1403 5060 1488 5111 astus
1502 5056 1625 5113 incorde
1639 5075 1694 5114 suo
1704 5076 1767 5116 con·

129 5145 211 5218 Juxta
219 5143 310 5197 vicum
316 5144 426 5199 Thecue
438 5142 483 5213 (bt,
494 5144 541 5215 qui
552 5148 637 5199 Amos
647 5144 814 5217 prophetam
824 5146 928 5201 meruit
968 5140 1145 5212 cupiscentiae
1158 5143 1315 5211 exstinctos,
1323 5145 1400 5200 velut
1413 5145 1578 5202 suavissimo
1594 5152 1684 5219 gustu
1694 5150 1769 5222 puri·

130 5237 385 5307 procreare,554
394 5232 514 5287 solitudo
529 5234 687 5288 vastissima
701 5241 752 5302 est,
765 5236 929 5304 usquenra·
967 5230 1035 5284 tatis
1048 5247 1182 5287 accensus
1195 5232 1224 5287 in
1234 5235 1372 5305 majorem
1384 5251 1464 5289 suam
1474 5235 1550 5289 sitim
1558 5237 1618 5293 zelo
1627 5239 1767 5295 castilatis

119 5323 206 5386 ,biam
221 5338 253 5376 ac
273 5337 352 5375 mare
373 5321 515 5376 Mortuum
547 5324 612 5392 (quo
634 5323 762 5393 ingressa
793 5323 927 5378 deliciunt
968 5320 1768 5398 exarsit,etintensioribuscoepitjeJ'uniisatqueobsecra-

118 5414 238 5473 ‚lluenta
249 5409 388 5477 iordanis,
405 5416 433 5464 et
454 5409 524 5464 einis
538 5411 731 5481 Sodomorum)
752 5412 926 5484 amplissima
966 5408 1089 5464 tionibus
1105 5411 1248 5481 incubare,
1269 5417 1302 5467 ut
1319 5413 1497 5470 mortificatio
1513 5416 1656 5486 passionis
1672 5419 1766 5491 hrijus,

130 5500 292 5559 extensione
306 5504 436 5572 porrecta
446 5499 621 5571 pertingens,
645 5502 677 5556 In
699 5502 750 5556 bac
773 5501 925 5558 solitudine
966 5515 1028 5571 quae
1041 5500 1168 5557 interiori
1178 5502 1286 5559 homini
1301 5503 1361 5560 sole
1374 5503 1448 5560 deno
1456 5503 1507 5560 Dei
1516 5503 1764 5577 fueratattributo,
