3832 6120
139 272 194 334 509
340 274 427 332 xtra
445 275 668 335 SANUIORUII
685 278 859 336 annulari
878 277 1047 335 EREMI'IAE
1065 276 1111 333 ΕΤ
1129 273 1312 356 ΙΟΒΑΙᾞΑΤ
1330 274 1443 331 INDIAE
1461 274 1578 331 REGIS.
1726 269 1779 330 510

139 401 241 456 mundi
255 406 388 456 ornatum
402 401 533 457 omnibus
547 404 672 460 numeris
693 405 893 461 absolvendum
908 405 1042 476 inAptcr
1049 402 1253 476 poenitentiam.
1263 401 1410 456 Neminem
1419 400 1492 455 enlm
1505 401 1579 455 exiis
1586 399 1633 472 qui
1641 399 1676 453 ad
1686 399 1777 472 ipsum

139 506 230 546 unum
239 491 423 552 coiissent.ac
432 492 624 548 dissolutionis
636 500 762 566 expertes
774 495 937 567 permansis·
981 498 1140 559 accurrunt,
1157 497 1326 556 exsecratur,
1342 506 1393 544 nec
1416 495 1562 544 aversatur
1576 489 1652 544 solus
1667 489 1714 543 ille
1728 487 1779 542 bo-

138 585 213 646 seut,
227 579 283 633 nisi
292 579 469 650 risquaedam
480 583 657 654 omnipotens
668 583 725 639 haec
735 590 764 638 et
772 585 937 656 copulasset,
980 601 1043 649 nus,
1055 589 1141 654 atque
1149 581 1308 635 animorum
1320 595 1419 633 amans
1429 579 1565 633 Dominus
1576 577 1651 648 (Sap.
1659 587 1708 640 xx).
1725 577 1779 631 De·

137 674 170 722 et
180 668 505 740 semperadissolutione
516 671 608 725 aliena
617 678 802 727 conservaret.
810 672 938 737 Quonam
980 673 1123 727 aedictum
1133 671 1171 726 sit
1180 685 1282 724 nomen
1292 667 1388 739 glorias
1398 667 1628 738 ipsiussanctum,
1641 673 1670 722 et
1680 666 1778 720 lauda-

136 756 215 811 enim
231 762 322 828 pacto,
339 758 393 812 nisi
407 758 537 813 voluntas
548 760 636 831 ipsius
650 760 691 815 ita
704 762 824 828 tulisset,
832 761 939 834 aliquid
978 760 1044 828 bile,
1055 767 1083 816 et
1096 759 1363 831 superexaltatatum
1373 757 1402 810 in
1414 756 1524 810 saecula.
1535 756 1716 824 Amen(Don.
1725 757 1777 821 m).

136 847 313 900 mansisset?
328 852 378 901 aut
388 863 510 918 quonam
530 853 621 920 pacto,
634 854 666 902 ut
685 850 835 922 Scriptura
847 849 938 906 verbis
1016 851 1082 905 Can.
1098 850 1199 904 XVIII.
1218 875 1245 885 -
1258 846 1335 903 Dixit
1348 849 1443 900 autem
1460 845 1495 899 ad
1506 862 1569 899 eum
1579 844 1731 915 Iosophat:
1748 842 1777 897 Si

135 940 213 999 utar,
229 935 304 1006 quod
327 935 363 991 ab
380 952 413 991 eo
432 937 548 992 minime
563 943 691 993 vocatum
711 944 762 1004 est,
780 939 938 995 conservari
979 940 1114 995 diuturno
1131 944 1258 1009 tempore
1271 941 1365 990 tecum
1381 938 1552 1006 reputasses,
1566 933 1610 986 vir
1632 931 1779 1004 saplentis·

136 1022 301 1094 P⁰i¹¹i⁸⁸0ii
979 1029 1057 1093 sime,
1070 1043 1193 1100 quonam
1203 1032 1284 1098 pacto
1294 1025 1500 1097 propositarum
1511 1022 1696 1093 quaestionum
1705 1020 1779 1074 solu·

175 1112 249 1166 Nam
264 1127 329 1167 cum
350 1112 429 1167 naris
451 1119 560 1169 remoto
581 1115 770 1186 gubernatore
786 1118 938 1173 consistere
979 1108 1778 1187 tionemmihiperspicuamredderesmeoquidemjudioio

135 1207 272 1272 nequeat,
289 1217 387 1256 veram
397 1203 492 1257 statim
507 1220 620 1276 pessum
632 1212 692 1272 eat3
711 1224 762 1261 nec
773 1208 840 1274 ulla,
849 1224 937 1279 quan·
978 1205 1007 1261 id
1018 1206 1118 1260 melius
1128 1210 1261 1277 praestare
1271 1220 1327 1258 non
1339 1202 1487 1274 potuisses,
1496 1217 1579 1272 quam
1591 1215 1624 1253 ea
1634 1197 1778 1268 mihique

133 1289 272 1344 tumlibet
282 1290 391 1360 exigua,
403 1291 503 1347 domus
514 1298 590 1348 staro
608 1296 705 1366 possit,
718 1297 772 1350 nisi
788 1297 826 1352 sit
836 1296 938 1368 aliquis
979 1311 1055 1350 nunc
1064 1294 1217 1366 exposuisti
1227 1307 1450 1347 commemorans
1462 1308 1467 1342 :
1480 1289 1583 1360 quippe
1594 1286 1641 1359 qui
1652 1285 1778 1340 omnium

135 1378 187 1450 qui
196 1379 288 1450 ipsius
299 1396 395 1434 curam
404 1387 495 1451 gerat,
507 1399 628 1453 quonam
640 1385 754 1440 tandem
762 1392 842 1457 pacto
853 1402 936 1440 mun·
979 1383 1093 1455 quidem
1109 1400 1203 1437 rerum
1227 1383 1386 1436 allectorem
1407 1385 1435 1434 et
1449 1381 1675 1432 conservatorem
1689 1373 1778 1429 Deum

135 1467 199 1532 dus,
210 1471 455 1541 opususqueadeo
469 1471 669 1544 iugens,atque
679 1474 718 1529 ita
730 1475 895 1545 praeclarum
910 1480 939 1529 et
979 1489 1040 1527 esse
1057 1472 1194 1536 docueris,
1205 1470 1416 1541 majestatisque
1434 1467 1520 1538 ipsius
1535 1466 1655 1536 gloriam
1665 1478 1778 1518 omnem

135 1556 662 1632 admIrandum,sinceximiaaliquact
677 1562 784 1634 ingenti
792 1571 876 1635 atque
891 1565 938 1618 ad·
979 1561 1081 1616 mentis
1092 1562 1222 1625 humanm
1229 1565 1343 1630 captum
1360 1557 1503 1621 excedere,
1515 1553 1678 1610 clarissimis
1690 1551 1778 1606 ratio-

135 1645 745 1724 mirandagubemationesapientissimaque
752 1653 935 1723 providentia,
979 1650 1061 1704 nibus
1075 1648 1290 1714 demonstraris;
1305 1663 1396 1718 neque
1408 1646 1464 1699 ullu
1480 1644 1536 1699 alia
1557 1643 1667 1698 ratione
1682 1656 1778 1713 quam-

134 1734 754 1809 tamdiuturnotemporisspatioconstitisset
764 1742 776 1794 7
787 1742 937 1796 Ecceenim
947 1723 971 1784 Β
981 1755 1065 1811 quam
1080 1755 1142 1793 eam
1167 1737 1298 1808 consequi
1314 1754 1405 1809 posse,
1420 1734 1474 1790 nisi
1494 1734 1539 1788 cui
1557 1733 1617 1805 ipso
1640 1729 1777 1785 arbitratu

136 1830 278 1894 quantum
290 1825 350 1895 jam
365 1827 500 1897 temporis
511 1828 599 1895 unxit,
607 1846 639 1883 ex
650 1846 705 1901 quo
716 1831 815 1885 coelum
828 1836 879 1898 est,
887 1848 938 1886 nec
979 1844 1030 1882 suo
1041 1843 1103 1882 eam
1115 1827 1273 1899 patefaciat.
1283 1827 1344 1890 Quo
1356 1825 1468 1896 quidem
1482 1823 1596 1877 nomine
1609 1817 1778 1890 eloquentis·

136 1917 237 1967 tamen
252 1911 451 1969 obscuritatem
464 1917 609 1984 contraxit,
626 1935 677 1972 nec
691 1924 773 1974 terrae
784 1920 825 1974 vis
839 1921 937 1975 tandiu
979 1915 1163 1970 simamtuam
1171 1915 1336 1988 sapientiam
1344 1906 1775 1984 majoreminmodumadmiror.

137 2017 244 2073 Wfflbi
257 2002 390 2073 elanguit,
403 2004 564 2071 necantes,
579 2022 611 2060 ex
627 2023 682 2078 quo
697 2008 751 2062 orti
765 2013 939 2074 suntseatu·
1015 2004 1069 2058 Sed
1084 2004 1152 2058 illud
1168 2003 1251 2057 veIIm
1266 2002 1334 2056 mihi
1358 2001 1443 2064 dicas,
1460 2000 1505 2054 vir
1519 1997 1690 2063 beatissimo,
1706 2009 1776 2066 qua·

135 2090 196 2144 rire
206 2090 385 2157 destiterunt,
398 2109 449 2146 nec
460 2110 536 2147 mare
545 2100 587 2150 tot
600 2096 699 2150 fluvios
710 2097 852 2167 excipiens
862 2115 938 2153 men·
980 2108 1044 2146 uam
1061 2110 1119 2164 ipse
1133 2098 1215 2146 aetate
1231 2092 1279 2159 sis,
1296 2096 1325 2146 et
1338 2090 1441 2161 quibus
1455 2089 1484 2143 in
1502 2089 1569 2142 locis
1583 2082 1774 2149 commoreris,

135 2194 235 2233 suram
249 2196 329 2234 suam
344 2181 470 2247 excessit,
488 2199 539 2237 nec
553 2184 619 2238 solis
633 2201 665 2239 ac
683 2186 756 2241 lunae
771 2204 869 2241 cursus
882 2187 937 2242 im·
978 2197 1104 2253 quosque
1115 2181 1296 2252 philosophiae
1307 2180 1397 2234 socios
1407 2178 1521 2242 habeas,
1532 2175 1670 2247 siquidem
1682 2172 1777 2226 anima

135 2269 325 2322 mutationem
339 2270 425 2325 ullam
441 2270 596 2339 subierunt,
613 2290 664 2328 nec
676 2274 730 2329 diei
744 2291 776 2329 ac
790 2275 880 2331 noctis
890 2293 936 2330 or·
977 2287 1041 2325 mea
1059 2276 1114 2325 tuae
1138 2270 1294 2325 arctissime
1318 2270 1416 2335 haret,
1437 2272 1521 2338 atque
1542 2282 1592 2338 per
1616 2278 1699 2317 ornae
1713 2260 1775 2315 vitae

135 2355 218 2411 dines
233 2357 336 2412 inversi
350 2364 426 2413 sunt.
437 2360 474 2414 Ex
485 2361 528 2415 his
538 2361 672 2417 nimIrum
688 2364 818 2419 omnibus
831 2365 880 2420 Dei
889 2382 936 2437 po-
976 2364 1088 2431 tempus
1098 2376 1133 2414 ne
1143 2360 1229 2413 latum
1241 2357 1355 2430 quidem
1368 2372 1490 2427 unguem
1501 2370 1519 2408 a
1531 2359 1560 2407 te
1575 2351 1716 2407 discedere
1726 2366 1774 2404 cu·

134 2446 228 2499 untia
242 2451 271 2500 et
280 2447 498 2518 magnificentia,
510 2467 572 2521 quae
581 2468 692 2507 omnem
708 2453 843 2508 orationis
852 2453 936 2509 facul·
976 2448 1032 2520 pio.

134 2538 225 2588 tatem
234 2536 835 2613 superat‚nobisdeclaratur,prophetarum
850 2549 935 2615 atque
1011 2538 1059 2592 hit
1074 2543 1168 2592 autem
1194 2554 1278 2591 senex
1295 2554 1302 2591 :
1317 2537 1423 2599 Annos,
1450 2533 1478 2588 ui
1506 2532 1597 2595 fallor,
1613 2529 1737 2601 quiaque
1747 2532 1777 2581 et

131 2625 325 2696 apostolorum
347 2626 509 2682 testImonio
527 2631 702 2684 confirmata.
720 2632 824 2687 Verum
847 2633 935 2705 ipsius
976 2627 1164 2698 quadraginta
1177 2631 1340 2689 natussum,
1353 2630 1437 2696 atquo
1453 2624 1481 2676 in
1496 2626 1579 2676 terrae
1590 2617 1775 2676 Sennaardc·

130 2712 253 2783 gloriam
275 2730 358 2768 nemo
380 2731 505 2787 unquam
527 2735 577 2788 pro
592 2719 729 2790 dignitate
744 2721 867 2791 cogitare
885 2729 936 2777 aut
975 2717 1058 2770 sertis
1080 2716 1165 2770 vitam
1181 2716 1260 2786 dego.
1279 2713 1490 2769 Commilitones
1504 2727 1588 2783 porro
1603 2725 1650 2763 eos
1674 2706 1774 2770 habeo,
1847 2710 1850 2722 '

131 2801 294 2856 collaudare
314 2805 428 2874 poterit.
443 2805 585 2876 Siquidem
601 2807 680 2862 divus
701 2810 861 2880 Apostolus,
875 2811 931 2876 ille,
976 2805 1023 2875 qui
1038 2804 1073 2858 ad
1089 2803 1203 2875 superni
1218 2803 1327 2858 itineris
1347 2816 1458 2856 cursum
1476 2814 1586 2853 mecum
1600 2796 1730 2851 laborant
1744 2809 1776 2847 ac

131 2891 261 2962 inquam,
273 2891 322 2962 qui
334 2891 478 2947 Christum
494 2895 523 2949 in
538 2895 629 2967 seipso
637 2897 798 2968 loquentem
813 2898 936 2955 habebat
976 2898 1094 2948 cedunt·

133 2980 176 3047 (11
185 2980 249 3034 eor.
263 2984 311 3050 ιι),
325 2997 390 3036 cum
404 2998 438 3036 ea
452 2983 555 3047 omnia,
563 2989 620 3039 tam
636 3003 697 3057 quaa
711 2986 856 3043 intellectu
870 3006 935 3061 per·
1013 2983 1084 3047 Quid
1092 2982 1154 3036 ais?
1165 2981 1256 3052 iuquit
1270 2981 1414 3052 iosaphat.
1430 2978 1499 3034 Mihi
1510 2977 1586 3032 enim
1596 2972 1775 3046 septuaginta

133 3068 289 3140 cipiantur,
307 3086 392 3141 quam
410 3088 471 3142 quae
493 3072 621 3129 sensibus
642 3075 767 3147 subjecta
782 3083 856 3143 sunt,
873 3095 936 3134 eum
949 3077 1067 3139 Caunos
1088 3071 1219 3126 excedere
1228 3070 1340 3125 videris.
1352 3068 1424 3133 Quid
1434 3067 1521 3138 igitur
1531 3070 1582 3130 est,
1593 3060 1773 3136 quamobrem
1876 3142 1880 3151 Ι

133 3158 232 3213 animo
246 3174 298 3214 suo
310 3159 525 3225 considerasset,
541 3163 628 3218 dixit:
647 3164 686 3218 Ex
700 3170 779 3236 parte
794 3168 935 3237 cognosci-
975 3168 1003 3218 te
1013 3161 1201 3233 quadraginta
1213 3159 1336 3231 quinque
1347 3163 1456 3212 tantum
1467 3171 1556 3210 anuos
1565 3152 1668 3208 habere
1678 3148 1774 3203 dicas?

135 3263 211 3313 mus,
227 3252 258 3302 et
271 3264 305 3303 ex
318 3254 400 3321 parte
411 3252 629 3322 prophetamus:
647 3270 710 3308 cum
726 3261 820 3309 autem
829 3258 936 3313 venerit
975 3252 1151 3322 nequeenim
1165 3249 1217 3303 hac
1231 3248 1260 3303 in
1276 3265 1306 3302 re
1320 3247 1390 3300 mihi
1403 3261 1469 3299 vera
1483 3243 1559 3314 loqui
1575 3240 1686 3296 videris.

133 3336 209 3408 quod
236 3337 393 3408 perlectum
414 3344 464 3404 est,
480 3341 660 3395 evacuabitur
670 3344 743 3413 quod
756 3361 788 3397 rx
799 3351 878 3416 parte
892 3352 935 3401 est
1008 3340 1083 3394 Dixit
1098 3345 1192 3393 autem
1205 3338 1238 3392 ad
1254 3354 1318 3392 eum
1334 3336 1484 3391 Barlaam:
1502 3332 1531 3387 Si
1542 3347 1631 3386 annos
1647 3345 1723 3382 meos
1738 3326 1773 3381 ab

135 3427 164 3490 (I
169 3425 231 3480 cor.
248 3430 319 3496 xrrr).
336 3428 377 3482 hc
403 3434 552 3500 propterea
575 3447 607 3485 ox
622 3430 768 3486 immensis
789 3433 934 3505 sapientire
975 3428 1036 3499 ipso
1046 3427 1108 3482 vitae
1119 3434 1182 3482 ortu
1192 3443 1274 3481 nosse
1281 3424 1392 3498 quaris,
1405 3428 1555 3478 rectesane
1567 3436 1614 3474 eos
1625 3418 1773 3489 plusquam

134 3512 934 3595 ipsiusopibusadmirationeacstuporeperculsusaperte
976 3516 1155 3588 septuaginta
1171 3533 1231 3571 esse
1256 3513 1407 3585 conjecisti.
1425 3513 1462 3567 at
1482 3510 1551 3564 mihi
1569 3507 1682 3580 quidem
1695 3505 1773 3560 nullo

135 3603 301 3659 exclamavit
319 3623 326 3658 :
352 3605 376 3660 0
395 3605 515 3661 altitudo
542 3608 703 3662 divitiarum
734 3611 879 3682 sapientia
906 3618 935 3668 et
975 3605 1090 3660 omnino
1099 3606 1180 3660 modo
1190 3605 1264 3658 inter
1279 3604 1340 3658 vitae
1353 3618 1441 3656 annos
1452 3606 1610 3664 censentur,
1624 3595 1671 3668 qui
1683 3595 1711 3649 in
1723 3594 1774 3648 hu-

135 3691 260 3747 scientiae
273 3693 344 3748 Dei!
361 3711 445 3766 quam
461 3694 756 3768 incomprehensibilia
778 3706 844 3755 sunt
855 3702 933 3773 J'udi·
972 3695 1020 3766 jus
1035 3695 1132 3749 mundi
1148 3693 1270 3748 vanitate
1284 3691 1443 3763 consumpti
1458 3694 1533 3744 sunt.
1543 3689 1615 3743 Nam
1629 3700 1773 3756 cum,pcc·

135 3779 258 3851 ciaejua,
274 3788 302 3836 et
316 3782 524 3854 investigabiles
539 3784 588 3840 viae
601 3787 662 3855 ejus
679 3789 764 3854 (Horra.
779 3792 816 3858 xx)
830 3790 836 3842 l
974 3783 1080 3838 catisin
1091 3783 1252 3838 servitutem
1264 3781 1400 3846 addictus,
1413 3779 1773 3846 carnivIverem.quantum

170 3874 265 3936 282
279 3870 360 3935 Quod
381 3872 405 3926 si
426 3873 473 3927 ille
488 3874 536 3945 qui
550 3874 584 3927 ad
599 3875 713 3930 tertium
729 3894 817 3949 usque
831 3880 933 3934 coelum
974 3872 1009 3926 ad
1036 3871 1197 3926 interiorem
1223 3870 1365 3925 hominem
1390 3869 1501 3934 attiaet,
1528 3872 1656 3921 monuus
1683 3879 1772 3919 eram.

137 3965 405 4032 praeparataque
415 3963 609 4018 arcanaverba
619 3965 789 4031 audieratlll
796 3968 856 4021 Car.
869 3973 932 4035 κη),
974 3960 1162 4024 Quamobrem
1175 3960 1272 4015 mortis
1282 3976 1380 4024 annos,
1393 3958 1455 4013 vitae
1466 3973 1555 4011 annos
1565 3970 1709 4026 nunquam
1723 3968 1772 4022 ap·

136 4043 298 4115 hujusmodi
307 4064 389 4102 voces
399 4049 493 4104 emisit
504 4070 509 4117 ;
523 4051 618 4121 ecquis
627 4053 681 4106 mei
692 4053 826 4108 similium
836 4055 864 4109 in
873 4060 934 4110 tan·
974 4048 1112 4121 pellarim.
1122 4049 1160 4102 Ex
1171 4065 1226 4119 quo
1235 4054 1328 4102 autem
1339 4047 1461 4101 mundus
1474 4046 1542 4100 mihi
1558 4044 1704 4098 crucifixus
1719 4046 1771 4106 est,

136 4137 228 4188 torum
239 4136 437 4206 mysteriorum
451 4137 581 4210 abyssum
590 4141 933 4214 oculosadvertcrc,atque
974 4144 1002 4192 ot
1015 4155 1065 4208 ego
1077 4139 1182 4192 mundo
1194 4138 1262 4206 (Gal.
1274 4144 1317 4205 vvl,
1335 4142 1419 4209 atque
1443 4142 1526 4191 exuto
1546 4134 1632 4189 veteri
1646 4132 1770 4194 homiue,

139 4220 243 4293 aliquid
258 4240 310 4296 pro
320 4225 468 4295 dignitate,
479 4243 535 4282 non
547 4228 638 4283 dicam
652 4228 753 4295 dicere,
763 4231 811 4286 sed
823 4249 858 4286 nc
870 4233 932 4303 qui·
974 4227 1021 4299 qui
1036 4228 1190 4282 secundum
1214 4227 1318 4281 erroris
1340 4225 1480 4279 desideria
1501 4221 1700 4292 corrumpitur,
1716 4235 1772 4273 non

139 4308 200 4364 dem
209 4311 332 4382 cogitare
338 4315 452 4384 poterit,
460 4315 579 4388 nisiipse
587 4319 933 4388 sapientiaesubministra-
971 4316 1115 4387 jamcarni
1126 4316 1196 4380 vivo,
1207 4316 1255 4370 sed
1263 4315 1330 4369 vivit
1340 4315 1369 4368 in
1381 4331 1425 4368 me
1436 4312 1579 4377 Christus,
1592 4308 1666 4381 quod
1676 4312 1771 4362 autem

138 4402 184 4451 tm
196 4404 279 4471 atque
289 4400 482 4473 insipientium
499 4410 639 4460 corrector
648 4406 773 4462 dederit?
784 4408 893 4462 Etenim
904 4393 966 4463 inl)
976 4404 1045 4469 vivo,
1054 4405 1083 4458 in
1100 4404 1155 4459 lide
1165 4405 1226 4458 vivo
1237 4404 1299 4458 Filii
1310 4404 1370 4468 Del,
1382 4404 1429 4474 qui
1447 4401 1541 4457 dilexit
1554 4417 1608 4466 me,
1620 4403 1648 4453 et
1662 4414 1711 4469 pro
1727 4413 1771 4450 me

142 4484 225 4557 ipsius
232 4504 317 4544 manu
331 4495 361 4544 et
375 4506 426 4545 nos
435 4498 463 4546 et
472 4509 616 4548 sermones
626 4497 714 4549 nostri
723 4501 831 4561 suntet
843 4497 934 4552 omnis
975 4493 1099 4565 seipsum
1115 4493 1232 4548 tradidit
1243 4495 1345 4564 ruptas.
1358 4493 1472 4565 rx):hos
1481 4493 1546 4546 vitae
1560 4505 1649 4544 annos
1662 4492 1690 4542 et
1699 4486 1772 4539 salu·
1874 4482 1879 4491 “

143 4575 286 4645 prudentia
297 4579 459 4635 acsolertiae
470 4581 693 4655 scientiamque
703 4585 933 4656 ipsiusbenctho
974 4583 1012 4638 tis
1022 4583 1082 4637 dies
1097 4583 1203 4656 optimo
1215 4585 1279 4655 jure
1293 4583 1458 4638 vocaverim.
1475 4582 1550 4647 Quos
1564 4579 1677 4652 quidem
1693 4574 1773 4648 quin·

143 4678 231 4719 imm
241 4681 340 4722 aarum
349 4673 930 4744 rarumquasuntcognitionomhabemus,
975 4689 1029 4744 que
1043 4679 1071 4727 ct
1095 4673 1281 4744 quadragima
1297 4689 1357 4727 osse
1373 4687 1509 4735 asserens,
1525 4673 1713 4724 consentanea
1725 4681 1772 4719 ra·

142 4752 289 4826 mandiqae
297 4757 505 4813 concretionem
518 4760 710 4831 intelligimus,
730 4763 933 4818 elementorum
974 4762 1061 4827 tione,
1078 4779 1110 4817 ac
1133 4779 1189 4817 non
1208 4762 1338 4826 absurde,
1353 4762 1453 4815 horum
1472 4774 1622 4813 numerum
1637 4755 1688 4811 tibi
1702 4754 1769 4809 dixi.

143 4840 219 4907 vites,
231 4849 393 4916 temporum
414 4846 527 4902 initium
548 4856 577 4903 et
590 4850 767 4905 medietatem
793 4856 821 4906 et
835 4853 930 4917 finem,
973 4851 1046 4915 Quia
1061 4857 1092 4906 tu
1110 4868 1221 4923 quoque
1235 4868 1269 4905 ea
1288 4866 1399 4921 semper
1414 4853 1507 4903 mente
1527 4863 1559 4900 ac
1579 4845 1719 4900 sententia
1733 4843 1771 4899 sis

141 4931 258 5000 mum
273 4933 340 4988 anni
354 4934 567 5004 vicissitudmes,
578 4955 610 4992 ac
624 4945 823 5011 tempestatum
838 4948 932 4997 muta-
973 4939 1064 5006 velim,
1077 4941 1251 4995 nimirumut
1259 4957 1306 4994 eos
1315 4939 1362 5011 qui
1373 4943 1508 5009 quantum
1516 4936 1551 4990 ad
1561 4951 1643 4990 omne
1652 4934 1770 5006 probum

141 5014 244 5071 tiones:
259 5019 393 5089 quoniam
405 5021 498 5076 omnia
512 5022 541 5076 in
552 5024 673 5079 modoet
686 5041 817 5080 mensura
827 5027 931 5082 consti·
973 5045 1044 5101 opus
1057 5030 1160 5084 mortui
1177 5034 1251 5094 sunt,
1266 5027 1387 5100 peccatis
1401 5032 1496 5082 autem
1510 5025 1614 5091 vivunt,
1626 5029 1711 5094 atque
1726 5039 1770 5077 eo-

140 5103 200 5159 tuit
214 5105 359 5178 Siquidem
374 5109 496 5164 multum
516 5128 608 5181 posse.
633 5113 685 5198 ipsi
706 5131 818 5186 semper
831 5120 932 5186 praesto
972 5134 1036 5172 rum
1052 5118 1098 5190 qui
1114 5117 1192 5172 humi
1205 5115 1342 5189 provoluti
1353 5121 1419 5171 sunt
1433 5114 1551 5186 principi
1566 5113 1768 5184 obsequuntur,

140 5199 195 5261 αἱς
211 5200 240 5250 et
256 5195 364 5252 brachii
377 5196 465 5269 ipsius
479 5200 572 5255 robori
588 5201 650 5273 quis
671 5203 802 5259 resistet?
822 5204 931 5260 Etenim
973 5207 1045 5260 etin
1066 5206 1255 5278 voluptatibus
1270 5222 1302 5259 ao
1317 5204 1455 5276 pestiferis
1470 5201 1670 5274 cupiditatibus
1683 5202 1769 5256 vitam

139 5286 272 5354 tanquam
281 5292 457 5342 momentum
471 5294 592 5355 statera,
605 5291 628 5345 si
641 5296 684 5346 est
698 5297 840 5347 antaeum
856 5292 932 5348 orbis
972 5294 1134 5361 absumunt,
1150 5295 1226 5350 nullo
1246 5295 1329 5349 modo
1340 5293 1430 5348 vivere
1449 5293 1708 5360 existimaveram
1722 5307 1770 5346 eos

138 5375 286 5440 temtum,
307 5380 337 5429 et
349 5381 485 5448 tanquam
505 5385 587 5449 gutta
611 5379 682 5435 roris
707 5382 849 5448 matutIni,
871 5400 932 5454 qua
974 5385 1123 5439 exstinctos
1138 5401 1199 5438 esse
1222 5383 1273 5438 tibi
1294 5384 1472 5456 persuadeas,
1493 5383 1611 5454 vitaeque
1634 5378 1769 5436 mactioni

136 5459 280 5519 descendit
291 5481 322 5520 m
335 5470 454 5522 tanam.
469 5467 524 5523 Sed
542 5468 692 5525 miseretur
714 5470 849 5539 omnium,
866 5472 933 5545 quia
973 5474 1188 5529 mortuosNavn
1206 5472 1528 5545 peccatumimmortalis
1540 5472 1640 5526 anime
1649 5473 1767 5524 mortem

136 5552 229 5610 omnia
243 5557 347 5627 potest,
364 5558 394 5612 et
407 5554 566 5615 dissimulat
579 5563 694 5632 peccata
710 5559 855 5618 hominum
866 5578 932 5636 pro·
974 5579 1035 5619 esse
1049 5562 1160 5636 saplens
1170 5562 1285 5636 quidam
1296 5578 1352 5620 nou
1362 5562 1503 5618 immerito
1514 5557 1770 5634 pronuntiavitllt·
