3818 6120
132 273 185 333 287
634 279 681 334 DE
700 280 794 336 Viris
813 280 961 338 Paruum
978 280 1085 336 LIBER
1103 279 1247 335 PRIMUS.
1716 271 1772 332 288

134 408 256 462 estalius
266 408 349 462 Deus.
360 404 464 458 Deinde
472 419 643 475 consurgens
651 405 685 460 ab
695 407 831 473 oratione,
843 408 1121 468 intra-Aadmndum
1136 405 1286 460 denuntias
1302 402 1382 457 nobis
1405 407 1434 457 et
1447 402 1540 465 doces,
1565 401 1606 455 ita
1629 399 1772 455 eredimus

134 497 211 550 vitin
224 497 330 559 ricum3
347 496 544 563 ingressusque
561 495 716 561 ecclesiam,
732 496 930 568 Dominopsal·
971 497 1148 551 etfaciemus.
1159 496 1193 549 Et
1201 490 1771 549 confestimsanctushbrahamassumena

135 601 195 638 mos
206 583 331 637 canebat.
344 583 451 636 Rursus
461 581 635 636 autemtacto
647 583 930 647 diluculo‚venientes
972 603 1083 640 sacrum
1097 583 1247 655 baptisma,
1264 581 1414 652 baptizarit
1428 597 1476 634 eos
1491 580 1520 633 in
1536 579 1650 632 nomine
1666 577 1769 653 Patris,

134 673 263 725 viderunt
272 687 345 724 cunr
356 671 389 723 Et
400 670 547 739 stupetacti
557 681 641 741 atque
652 673 679 725 in
694 673 831 726 insaniam
848 673 927 736 versi,
972 683 1000 729 ct
1014 675 1086 737 Filii,
1103 679 1132 727 et
1142 673 1262 744 Spiritus
1271 671 1395 735 sancti,a
1408 669 1525 723 minimo
1539 685 1628 738 usque
1639 668 1674 721 ad
1685 667 1772 720 maxi·

134 760 212 813 nulla
221 758 355 812 habentes
365 758 470 812 viscera
477 759 684 828 misericordiae,
697 762 840 816 acerrimis
849 763 929 817 illum
971 780 1059 818 mum.
1078 764 1268 817 Erantautem
1279 758 1418 830 usquead
1434 758 1510 812 mille
1525 757 1643 811 animas.
1663 756 1771 810 Deinde

132 848 281 902 tormentis
292 847 499 918 crudeliterque
509 848 675 916 conficiunt,
688 851 804 905 etsolito
819 850 931 906 funibus
972 870 1022 926 per
1035 853 1161 923 singulos
1175 851 1235 906 dies
1246 850 1354 904 diuinas
1366 847 1524 919 Scripturas
1539 847 1580 900 eis
1590 845 1712 915 legebat,
1719 845 1770 899 dn-

133 936 291 1007 alligatum,
304 941 383 990 extra
395 937 486 991 vicum
498 943 653 991 traxerunt.
971 943 1052 996 cebat
1063 958 1111 996 eos
1125 942 1159 994 de
1175 957 1262 1010 regno
1273 939 1333 1004 Dei,
1350 939 1386 992 de
1399 936 1521 1008 paradisi
1541 936 1657 1001 deliciis,
1672 936 1707 990 de
1721 950 1771 1005 ge·

170 1027 236 1080 Osa.
252 1026 300 1080 VI.
319 1058 350 1066 -
365 1027 430 1080 llaec
443 1032 537 1080 autem
548 1044 611 1081 cum
626 1044 676 1098 per
688 1028 840 1084 triennium
851 1036 931 1100 pate·
972 1033 1072 1085 henum
1084 1029 1239 1100 suppliciis,
1254 1028 1289 1082 de
1300 1026 1421 1098 justitia,
1438 1026 1473 1080 de
1493 1025 1547 1078 ude
1570 1030 1599 1079 et
1621 1024 1769 1079 charitate.

133 1121 221 1179 retur,
239 1115 318 1186 quasi
333 1132 414 1170 verus
427 1116 542 1169 adamas
550 1116 929 1188 tolerabiliterperdurabat3
973 1120 1016 1174 illi
1031 1135 1104 1185 vero,
1121 1119 1193 1172 sicut
1202 1117 1276 1172 bona
1288 1122 1364 1170 terra
1374 1115 1492 1186 percipit
1501 1130 1597 1167 semen
1613 1112 1731 1177 bonum,
1744 1120 1773 1168 et

132 1202 929 1276 neetottantisqueinsectationumtribulatiorrinuscessit3
972 1210 1053 1262 atlert
1066 1209 1198 1273 fructum,
1218 1207 1295 1260 aliud
1316 1205 1510 1271 centesimum,
1534 1203 1609 1257 aliud
1629 1202 1784 1272 sexagesi-·

134 1294 183 1348 sed
197 1310 261 1348 cum
276 1293 439 1360 caederetur,
456 1311 519 1348 cuin
534 1295 704 1353 traheretur,
725 1312 787 1349 cum
804 1313 931 1366 persecu·
973 1297 1143 1360 nrum,aliud
1155 1296 1331 1366 trigesimum
1347 1294 1455 1367 (llatth.
1473 1306 1537 1362 x111;
1554 1293 1593 1346 ita
1607 1291 1693 1345 rerba
1709 1292 1770 1360 ejus

133 1383 226 1437 tiones
240 1387 393 1453 pateretur,
410 1400 471 1437 cunr
482 1383 664 1454 lapidaretur,
680 1401 743 1439 cum
758 1385 831 1439 same
846 1398 875 1440 et
884 1386 930 1441 siti
972 1386 1156 1441 libentissime
1171 1386 1327 1447 audientes
1339 1383 1462 1454 atquein
1477 1383 1577 1436 timore
1588 1381 1702 1436 Domini
1710 1396 1772 1451 pro-

134 1471 286 1537 laboraret,
308 1472 335 1525 in
352 1472 480 1526 omnibus
495 1472 538 1525 his
553 1489 613 1543 quaa
628 1473 654 1527 ei
673 1474 841 1540 aesiderant,
858 1491 931 1529 nun·
973 1477 1107 1537 ficientes,
1115 1471 1562 1543 tructuslargissimosafferebant
1579 1470 1771 1540 Inconspeetu

135 1577 219 1631 quam
234 1561 268 1614 ad
283 1562 455 1615 iracundiam
475 1568 649 1632 provocatus,
665 1579 809 1633 nunquam
833 1565 868 1617 ad
886 1565 930 1618 in·
972 1571 1066 1619 autern
1081 1581 1178 1618 eorum
1196 1562 1275 1633 quasi
1288 1562 1404 1632 angelus
1416 1561 1466 1615 Dei
1478 1559 1635 1623 videbatur,
1652 1565 1681 1611 et
1692 1559 1770 1628 quasi

135 1648 693 1720 dignationemeommotusest3nunqunm
701 1652 932 1722 pusillanimitate
973 1655 1100 1725 quaedam
1117 1653 1226 1708 aedisreii
1241 1652 1371 1722 ligatura.
1384 1651 1429 1704 Sic
1449 1649 1522 1703 enim
1536 1648 1659 1701 charitas
1673 1663 1769 1701 eorum

134 1737 278 1803 distabuit,
295 1754 439 1810 nunquam
457 1739 540 1793 taedio
564 1740 697 1808 fatigatus
717 1748 778 1806 cst;
798 1742 847 1795 sed
866 1727 962 1796 cumss
974 1744 1047 1796 circa
1062 1743 1152 1813 ipsum
1164 1747 1225 1795 erat
1234 1759 1285 1812 per
1295 1740 1450 1794 doctrinam
1461 1736 1769 1803 sermonisdulcissimi,

133 1841 233 1896 aspera
248 1828 341 1881 omnia
352 1833 504 1898 pateretur,
518 1829 609 1897 magis
626 1846 658 1881 ac
671 1829 762 1898 inagis
775 1846 855 1883 amor
870 1831 931 1901 ejus
973 1838 1005 1885 ut
1019 1848 1052 1885 ex
1069 1832 1121 1885 hoc
1131 1832 1220 1884 Deum
1234 1830 1348 1884 eredere
1363 1829 1532 1882 riderentur.

134 1915 164 1968 in
174 1931 221 1969 eos
232 1921 260 1970 et
270 1916 654 1987 charitasaugebutur.lllodo
663 1918 840 1983 admonebat,
850 1919 932 1974 modo
1009 1924 1073 1976 Gau.
1097 1922 1144 1975 lx.
1171 1951 1202 1961 -
1228 1919 1373 1990 Corripieto
1396 1917 1482 1988 igitur
1508 1933 1591 1981 anno,
1621 1924 1769 1989 postquam

133 2002 338 2069 blandiebatur,
354 2006 436 2059 modo
449 2005 648 2060 blandimentis
658 2007 815 2061 suavissimi
828 2009 931 2079 eloquii
973 2010 1210 2071 credidcnrnt,rir
1219 2007 1466 2062 heatushbrahani
1475 2022 1530 2060 non
1541 2007 1771 2063 cessabatdicbus

132 2092 259 2146 liniebat.
270 2095 304 2148 Et
318 2095 430 2165 quidem
445 2096 579 2160 senioreS,
593 2096 677 2149 veluti
688 2102 782 2166 patres
796 2096 929 2166 rogabat;
973 2094 1090 2165 singulis
1103 2093 1264 2148 rerbumeis
1272 2092 1385 2147 Domini
1396 2092 1555 2163 predicare.
1569 2095 1606 2145 At
1616 2092 1663 2146 ubi
1674 2109 1770 2147 eorum

131 2182 248 2251 juvenes
258 2189 289 2237 ut
302 2183 413 2249 fratreS,
425 2185 654 2238 adolescentesut
667 2185 739 2239 silius
752 2205 758 2252 ;
771 2203 835 2240 cum
852 2203 932 2240 econ·
972 2183 1096 2237 studium
1112 2183 1183 2236 eirca
1194 2184 1284 2238 Deum
1297 2182 1437 2252 fidemque
1447 2181 1637 2235 firmissimam
1648 2182 1729 2248 vidit,
1743 2187 1771 2238 et

132 2271 222 2325 trario
234 2271 270 2325 ab
285 2273 325 2326 eis
336 2273 565 2339 subsannaretur,
579 2273 752 2340 irrideretur,
762 2274 930 2344 atquemille
972 2272 1045 2343 quod
1062 2289 1129 2342 erga
1145 2288 1209 2326 eum
1223 2272 1311 2326 nimia
1320 2276 1415 2325 essent
1437 2271 1575 2325 charitate
1591 2272 1720 2335 connexi,
1743 2277 1771 2326 et

134 2360 283 2432 opprobria
297 2368 450 2432 pateretur.
973 2363 1106 2416 honorem
1118 2361 1170 2415 sibi
1179 2360 1331 2414 marimum
1344 2358 1515 2423 exhiberent,
1529 2360 1771 2415 vercnsneobteu·

170 2449 235 2503 Car.
251 2451 312 2505 l'll.
330 2451 501 2515 -Quadam
519 2451 605 2519 igitur
619 2451 664 2504 dic
687 2452 859 2507 habitatores
879 2453 930 2507 vici
972 2455 1003 2505 tu
1013 2467 1109 2504 eorum
1120 2449 1295 2504 abstinentiae
1305 2449 1496 2519 sumregulam
1507 2449 1770 2519 destruereeogero-

133 2537 209 2592 illius
220 2539 392 2609 congregati,
403 2540 547 2610 nimioque
560 2545 674 2611 stupore
686 2540 820 2594 mirantes
831 2558 930 2612 acper-
971 2544 1026 2597 tur.
1042 2545 1071 2593 et
1085 2555 1251 2611 quocunque
1267 2538 1348 2591 modo
1364 2554 1443 2591 mens
1467 2538 1528 2607 ejus
1553 2537 1675 2591 terrenis
1698 2537 1772 2592 curis

133 2626 234 2690 territi,
251 2627 410 2681 adinvicem
420 2628 611 2699 colloquentes
622 2647 628 2680 :
641 2628 771 2696 Cernitis,
788 2630 928 2700 inquiunt,
973 2629 1186 2698 astringeretur,
1199 2644 1369 2697 consurgens
1379 2627 1408 2680 in
1419 2627 1510 2679 medio
1519 2626 1620 2690 noctis,
1632 2627 1772 2681 hancara-

133 2720 192 2767 tam
199 2731 330 2784 magnam
338 2716 502 2787 patientiam
511 2717 573 2782 viri,
585 2723 613 2771 et
623 2717 791 2772 inellabilem
799 2719 873 2773 cirea
880 2737 931 2774 nes
972 2718 1077 2772 tionem
1092 2717 1195 2771 fudisse
1209 2717 1299 2770 fertur
1318 2717 1353 2769 ad
1369 2715 1538 2770 Dominum:
1557 2716 1599 2770 'Pu
1618 2715 1696 2769 solus
1711 2716 1771 2770 siaa

133 2802 310 2869 charitatem,
327 2806 467 2875 quomodo
481 2806 510 2859 in
525 2806 612 2860 tantis
627 2805 853 2861 tribulationibus
862 2826 931 2881 quas
972 2813 1095 2879 peccato,
1112 2807 1195 2869 Deus,
1211 2806 1269 2876 qui,
1286 2822 1350 2859 cum
1363 2804 1402 2859 sis
1422 2810 1545 2871 sanctus
1568 2805 1723 2875 requiescis
1741 2805 1771 2859 in

133 2891 159 2944 ei
173 2891 320 2947 intulimus
335 2911 512 2965 nequaquam
520 2913 553 2949 ex
568 2896 620 2950 hoc
636 2896 871 2964 loconiscesserit,
883 2914 931 2953 ne·
972 2897 1085 2960 sanctis,
1103 2896 1348 2967 quisolusamator
1361 2911 1391 2949 cs
1405 2895 1595 2948 hominumue
1611 2894 1771 2949 misericors

132 2995 187 3050 que
197 2981 279 3036 alicui
289 2989 416 3038 nostrum
428 2985 533 3039 malum
543 2984 656 3039 verbum
666 2986 775 3040 locutus
786 2987 930 3058 sitneque
971 2985 1117 3048 Dominus,
1135 2985 1182 3056 qui
1197 2985 1300 3039 mentis
1310 2984 1404 3038 oculos
1414 2983 1498 3054 huius
1512 2982 1771 3038 multitudinisillu·

130 3085 246 3126 aversus
258 3073 424 3137 estanobis,
434 3074 481 3128 sed
493 3091 555 3128 eum
565 3075 668 3144 gaudio
680 3091 781 3146 magno
792 3077 931 3131 sustinue-
940 3087 961 3146 ρ
971 3074 1095 3142 minasti,
1105 3074 1153 3144 qui
1168 3091 1215 3128 cos
1225 3073 1260 3127 ab
1270 3073 1422 3128 adversarii
1431 3070 1709 3137 vinculisabsolvisti,
1722 3072 1770 3143 qui

132 3159 171 3213 rit
182 3160 321 3215 universa.
335 3163 413 3216 Unde
428 3163 481 3217 nisi
496 3170 570 3218 esset
580 3168 622 3227 lut
632 3164 741 3234 asserit)
759 3166 833 3218 Deus
848 3182 929 3220 serus
970 3163 1126 3233 implicatos
1136 3180 1184 3217 eos
1198 3163 1233 3217 ab
1244 3163 1458 3216 simulacrorum
1473 3161 1615 3215 erroribus
1629 3161 1770 3216 converti·

133 3265 215 3319 quern
231 3251 373 3321 praedicat,
390 3259 419 3307 et
430 3270 548 3323 regnum
568 3258 597 3307 et
608 3254 763 3325 paradisus
781 3255 850 3309 ultio
863 3271 930 3325 quo·
970 3254 1016 3318 sti,
1026 3258 1116 3307 ettuae
1127 3252 1294 3323 cognitionis
1304 3252 1343 3306 eis
1353 3251 1498 3305 scientiam
1509 3250 1648 3311 tribuisti;
1663 3266 1767 3321 quaeso,

131 3353 186 3408 que
195 3340 344 3401 malorum,
355 3358 411 3396 non
418 3343 490 3397 hane
498 3343 709 3397 tribulationem
717 3350 862 3414 pateretur
870 3344 929 3398 ina·
970 3343 1098 3403 Domine,
1110 3355 1239 3412 utusque
1253 3342 1282 3394 in
1297 3342 1380 3394 linem
1393 3356 1491 3410 regere
1502 3356 1549 3393 eos
1563 3345 1593 3393 et
1603 3356 1771 3394 conservare

131 3427 215 3481 niter.
231 3429 302 3484 Illud
325 3431 411 3485 etiam
437 3432 681 3495 considerandum,
707 3432 839 3503 quoniam
862 3433 929 3487 deos
970 3432 1102 3502 digneris,
1121 3431 1381 3485 etauxiliumtuum
1391 3430 1469 3499 gregi
1481 3428 1545 3482 huic
1560 3428 1769 3500 optimo.quem

131 3522 327 3583 nostros,cum
343 3521 510 3585 essetsoluS,
532 3521 641 3583 evertit,
665 3527 694 3574 ct
716 3521 744 3574 in
768 3522 845 3575 nullo
865 3539 928 3575 euru
971 3518 1771 3591 possiderevoluistiperpetuumcopiosumqueclementer

130 3605 232 3659 laedere
246 3608 404 3661 valuerunt.
416 3609 487 3661 l’ere
503 3626 599 3662 scrius
614 3609 665 3662 Dei
679 3616 721 3662 est
741 3610 824 3662 himo
835 3610 888 3672 hic,
901 3616 930 3664 et
970 3610 1132 3680 impertias3
1150 3615 1178 3663 et
1191 3609 1269 3679 quasi
1281 3625 1361 3661 mmo
1377 3605 1546 3660 validissimo
1561 3606 1771 3675 eosgratiabo-

131 3700 233 3748 cuneta
245 3711 311 3748 vera
325 3703 392 3749 sunt
405 3714 466 3767 quie
482 3697 516 3749 de
532 3713 564 3750 eo
576 3698 651 3750 tama
663 3697 804 3767 dispersit.
829 3697 929 3752 l'enite
970 3698 1067 3753 inuitis
1082 3705 1136 3752 triae
1155 3697 1318 3759 circumdes
1334 3704 1362 3750 et
1372 3712 1525 3750 cereorum
1540 3712 1654 3766 semper
1667 3696 1770 3750 illumi-

130 3780 235 3851 itaquo,
249 3782 395 3837 credamus
411 3784 441 3837 in
459 3784 548 3838 Deum
563 3801 646 3854 quern
661 3785 802 3855 praedicat.
816 3784 854 3838 Et
870 3786 929 3839 haec
970 3805 1028 3851 nes,
1041 3796 1074 3841 ut
1088 3804 1121 3841 ea
1136 3804 1196 3858 quae
1211 3792 1277 3841 sunt
1293 3785 1344 3838 tibi
1365 3790 1453 3849 ns
1466 3784 1568 3854 placita
1579 3784 1768 3855 perficientes,

130 3869 205 3923 inter
219 3888 248 3923 se
262 3872 462 3941 colloquentes,
487 3873 592 3944 pariter
607 3890 706 3928 omnes
732 3874 760 3927 in
783 3874 928 3928 eeclesiam
969 3882 1102 3931 aeternam
1114 3877 1199 3930 vitam
1215 3876 1357 3946 percipere
1372 3879 1551 3937 mereantur;
1571 3872 1642 3927 mihi
1657 3889 1769 3944 quoque

131 3966 261 4029 pergunt,
278 3960 431 4015 clamantes
446 3967 530 4032 atque
541 3962 678 4017 dicentes:
695 3963 791 4017 Gloria
803 3963 860 4018 Deo
871 3980 927 4017 cm·
969 3965 1161 4019 infirmissimo
1172 3965 1372 4018 adminiculum
1383 3962 1501 4023 tribuas,
1512 3978 1603 4032 neque
1615 3970 1730 4033 reputes
1739 3962 1768 4016 in

130 4048 205 4114 lesti,
220 4049 268 4119 qui
285 4049 362 4102 misit
375 4050 511 4105 tamulum
522 4068 614 4118 suurn,
626 4057 657 4106 ut
667 4069 718 4106 nos
728 4052 865 4107 aberrare
876 4054 928 4106 sal·
970 4060 1114 4125 peccatum
1129 4054 1203 4125 quod
1220 4053 1255 4106 ab
1268 4053 1308 4106 eis
1323 4052 1422 4106 festino
1446 4051 1598 4105 discedere.
1624 4052 1667 4105 'lu
1693 4051 1766 4105 eninr

130 4142 218 4199 voret,-
969 4144 1052 4207 nosti,
1070 4144 1263 4197 nniversorum
1278 4141 1414 4212 cognitor,
1432 4140 1504 4210 (quod
1530 4145 1558 4194 te
1580 4139 1672 4194 solum
1696 4139 1768 4193 desi·

166 4227 231 4280 Car.
249 4226 324 4281 Vlll.
343 4259 371 4268 ψ
384 4229 461 4283 Tunc
471 4229 571 4283 beatus
585 4231 669 4285 homo
680 4231 732 4285 l)ei
747 4231 803 4285 haec
813 4224 924 4297 ridens,
967 4233 1044 4297 dere,
1059 4238 1087 4286 ct
1097 4239 1125 4286 te
1139 4232 1208 4285 mihi
1224 4231 1373 4285 Dominum
1389 4246 1450 4283 esse
1465 4245 1610 4299 cognosco.
1628 4230 1765 4284 Consum·

129 4316 227 4372 laetitia
241 4316 348 4387 ingenti
363 4318 486 4388 repletus
501 4325 553 4385 est,
566 4326 594 4374 et
607 4319 691 4373 sudes
705 4321 766 4390 ejus
781 4320 861 4390 quasi
879 4336 925 4373 ros
971 4327 1102 4393 metaque
1110 4323 1234 4375 oratione
1245 4318 1673 4389 discedens,tertioconsignavit
1680 4318 1765 4372 sicum

129 4406 286 4461 matutinus
300 4412 409 4460 mutata
423 4415 474 4461 cst.
489 4407 681 4478 Aperiensque
691 4425 722 4462 os
734 4426 826 4475 suum,
844 4409 884 4463 ait
893 4409 928 4462 ad
939 4403 1073 4464 DChristi
1087 4409 1245 4479 signacul03
1257 4408 1381 4478 abiitque
1396 4407 1516 4460 latenter
1530 4407 1559 4459 in
1571 4406 1764 4469 aliumlocum,

130 4512 193 4550 eos:
211 4497 309 4550 Patres
320 4496 385 4561 mei,
401 4497 502 4550 fratres
517 4512 549 4550 ne
563 4497 622 4560 salii,
641 4498 742 4564 uenite,
754 4498 853 4551 demus
864 4497 925 4567 glo·
968 4506 996 4553 et
1010 4498 1110 4569 quibus
1129 4498 1220 4569 potuit
1229 4497 1343 4551 latebris
1357 4496 1514 4550 occultavit.

129 4585 201 4639 riam
213 4586 282 4651 Deo,
299 4585 347 4657 qui
362 4586 521 4640 illuminare
532 4585 663 4655 dignatus
673 4588 926 4640 estoculosmentis
1005 4588 1069 4641 Car.
1086 4588 1119 4640 X.
1138 4618 1170 4627 -
1185 4587 1267 4641 Mane
1281 4591 1376 4640 autem
1390 4584 1473 4638 solito
1487 4596 1565 4637 more
1578 4582 1766 4639 adecclesiam

128 4676 928 4747 restrae,uteumpossitisagnoscere2etpercipitesigna·
969 4676 1242 4731 turbaaconreniunt.
1252 4676 1448 4745 Cumqueeum
1457 4673 1573 4726 minime
1583 4673 1765 4743 reperissent,

130 4762 224 4816 culum
235 4764 299 4818 ritae
309 4765 533 4836 utpuritiecmini
546 4763 581 4817 ab
592 4764 924 4818 immunditiaidolorum:
969 4766 1090 4819 maximo
1104 4772 1218 4835 stupore
1240 4763 1375 4835 percussi,
1400 4768 1429 4817 et
1450 4763 1530 4833 quasi
1545 4768 1680 4816 errantes.
1695 4778 1766 4827 oves,

131 4855 160 4903 et
173 4851 278 4905 credite
292 4869 326 4906 ex
338 4854 495 4908 totocorde
520 4858 547 4906 et
569 4853 673 4918 animo,
696 4854 770 4923 quod
794 4869 866 4906 unus
890 4853 928 4906 sit
968 4855 1084 4908 diversis
1098 4854 1166 4907 locis
1178 4859 1318 4924 pastorem
1331 4852 1476 4923 proprium
1492 4850 1705 4922 perquirebant,
1723 4866 1768 4904 no·

130 4938 206 4993 Deus
219 4940 280 4993 coeli
295 4947 324 4994 et
337 4948 418 4996 terrm
432 4948 460 4996 et
474 4943 600 4996 omnium
612 4959 673 5012 quae
687 4942 715 4996 in
730 4943 771 4996 eis
784 4942 927 5005 sunt,sine
968 4960 1088 5013 menque
1100 4943 1242 4996 ululantes
1252 4959 1315 4995 curri
1322 4941 1454 5011 lacrymis
1463 4940 1627 4993 inclamant.
1641 4940 1715 4993 Cum
1722 4955 1769 4994 au-

131 5027 222 5093 initio,
238 5028 434 5084 inenarrabilis
447 5037 475 5085 et
488 5031 784 5103 incomprehensibilis,
796 5032 927 5086 datorlu·
968 5038 1026 5085 torn
1042 5031 1200 5085 diutissime
1213 5030 1401 5101 perquirendo
1416 5046 1481 5082 eum
1496 5027 1623 5082 invenire
1637 5044 1696 5082 nen
1710 5044 1771 5100 pos·

130 5116 225 5183 minis,
240 5123 269 5171 et
281 5124 434 5172 amaturae
453 5120 613 5192 redemptor
624 5121 779 5187 hominurn,
794 5120 927 5174 terribilis
969 5127 1040 5181 sent,
1054 5121 1140 5174 nimio
1160 5136 1279 5173 moerore
1293 5118 1404 5189 dejecti,
1421 5116 1578 5184 confestim,
1594 5117 1671 5188 quod
1682 5117 1772 5171 eisae-

130 5221 163 5259 ac
173 5207 282 5273 suavis;
298 5213 327 5262 ct
340 5208 368 5261 in
385 5208 487 5261 Filium
502 5211 562 5279 ejus
573 5210 760 5280 unigenitum,
770 5210 816 5280 qui
829 5214 873 5263 est
885 5225 927 5263 sa·
968 5210 1084 5269 uiderat,
1102 5217 1249 5280 pergentes
1263 5209 1391 5278 episcopo
1407 5206 1617 5260 nuntiaverunt.
1635 5205 1694 5270 Qui
1709 5222 1771 5261 cum

129 5295 237 5366 pientia
250 5296 324 5366 ejus;
342 5302 370 5349 ct
384 5297 412 5350 in
429 5297 563 5367 Spiritum
578 5308 719 5366 sanctum,
740 5298 787 5369 qui
807 5298 928 5352 vivificat
970 5295 1771 5369 hoeagnoi·isset,ipsequoqueadmodumtristisetieetus,

129 5385 235 5449 omnia,
252 5390 284 5439 ut
296 5386 422 5439 caelestes
437 5402 471 5439 ex
481 5388 601 5441 terrenis
617 5388 716 5454 allecti,
733 5389 819 5442 vitam
843 5387 927 5440 cute·
969 5388 1064 5441 statim
1075 5389 1211 5458 plurimos
1221 5387 1257 5440 ad
1269 5386 1469 5456 requirendum
1478 5384 1527 5438 llei
1538 5383 1774 5438 hominemdcsti-

130 5478 202 5530 stem
212 5474 324 5546 possitis
333 5473 458 5544 adipisci.
470 5474 681 5546 Respondentes
689 5483 783 5531 autem
793 5476 926 5542 universi,
970 5477 1055 5542 navit,
1071 5478 1190 5531 inanime
1201 5477 1235 5531 oh
1245 5474 1463 5529 consolationem
1473 5473 1567 5544 gregis
1578 5474 1651 5543 ejus,
1659 5473 1774 5544 eoquod

130 5563 273 5618 dixerunt:
287 5563 929 5638 ltupaternoster,itaduruitaenostrae,quem·
970 5573 1098 5619 cerneret
1109 5583 1157 5620 ens
1173 5566 1302 5621 llebiliter
1312 5563 1480 5618 contristari.
1498 5564 1627 5633 Cumque
1649 5562 1686 5627 ab
1711 5578 1775 5616 om.
