3818 6120
134 250 186 312 ⁹2¹
783 257 903 315 VERBA
921 256 1117 316 SENIORUM.
1727 260 1782 323 922

136 379 216 438 citui
230 394 334 438 senex:
350 380 460 436 Bonum
475 397 545 455 opus
569 381 646 439 sacis
662 384 697 439 Et
719 383 847 441 discessit
870 382 971 450 eumA
1014 386 1281 444 scutatiorum:
1299 389 1353 455 Qui
1367 387 1534 460 querulosus
1549 390 1601 455 est,
1626 386 1780 444 monachus

135 471 281 546 proposito
294 469 392 537 animi,
409 476 438 527 et
447 471 598 543 adjiciebat
611 474 648 529 ad
662 491 780 548 agapem
796 492 882 548 quam
896 478 939 532 sa·
979 493 1036 533 non
1051 482 1094 532 est
1105 496 1112 545 3
1122 477 1170 549 qui
1182 477 1287 532 malum
1303 478 1436 550 promulo
1446 475 1548 544 reddit,
1560 475 1714 533 monachus
1723 491 1781 533 non

135 560 237 618 ciebat.
253 561 313 617 Hoc
324 565 420 616 auum
432 561 550 617 audiens
561 561 646 619 abbas
655 563 747 630 Anub,
760 565 831 621 dixit
843 566 938 622 abbati
979 572 1041 635 est,
1058 567 1106 638 qui
1121 568 1272 622 iracundus
1288 571 1339 634 est,
1357 567 1576 622 monachusnon
1586 571 1638 621 θεῖ.

132 650 263 707 Pastori:
278 651 344 706 Nou
358 650 441 706 times
450 651 550 719 Deum,
567 652 635 724 quia
648 653 806 710 siclocutus
820 655 938 712 estratri
1014 655 1059 714 55.
1077 655 1176 711 Frater
1183 656 1261 710 venit
1270 655 1305 710 ad
1317 655 1446 710 abbatem
1455 657 1611 724 Pastorem,
1623 660 1652 711 et
1662 655 1730 712 dicit
1743 656 1778 712 ei:

131 737 197 795 illi?
213 740 249 795 Et
261 738 350 795 tacrrit
362 756 457 796 senex.
474 741 541 796 Post
555 742 626 797 duos
635 748 730 798 antem
739 743 799 799 dies
805 745 884 801 misit
892 745 939 800 ab·
979 745 1072 804 llultae
1081 744 1265 816 cogitationes
1277 745 1393 800 veniunt
1406 744 1542 800 inanima
1550 761 1624 813 mea,
1635 750 1664 800 et
1672 745 1779 818 pericli·

131 827 184 885 bas
197 829 298 885 Pastor
306 829 341 884 ad
352 829 469 886 tratrem
479 830 570 900 illum,
581 837 610 887 et
623 833 732 887 vocavit
744 849 810 888 eum
836 835 871 888 ad
896 851 936 901 se,
977 839 1024 889 tor
1037 835 1067 889 in
1077 834 1127 888 eis.
1141 835 1176 889 Et
1187 833 1271 904 eJ'ecit
1280 850 1344 889 eum
1358 849 1441 889 senex
1450 834 1502 889 sub
1515 850 1580 890 aere
1595 835 1681 902 nudo,
1697 840 1724 891 et
1740 834 1782 891 di·

130 923 161 974 et
175 919 248 975 dixit
262 919 298 986 ei,
309 919 443 975 audiente
456 919 557 975 abbate
567 921 661 976 dnub:
676 921 750 987 Quid
761 939 807 977 me
818 922 938 979 interro-
979 923 1073 978 citui:
1086 923 1217 996 Expende
1225 923 1318 978 sinum
1331 928 1413 978 tuum
1427 923 1777 996 etapprehenderentum.
1889 916 1895 925 '

129 1008 207 1081 gasti
220 1008 270 1063 illa
284 1007 351 1064 dial
361 1008 428 1080 quia
438 1025 590 1065 mensmeu
605 1010 671 1065 alibi
685 1017 756 1066 erat.
777 1012 812 1067 Et
827 1012 897 1068 dixit
911 1013 937 1068 ei
977 1011 1014 1068 at
1026 1012 1073 1067 ille
1086 1012 1248 1085 respondit:
1265 1012 1328 1087 Non
1343 1028 1456 1085 possum
1470 1013 1523 1068 hoc
1537 1013 1637 1068 lacere.
1656 1014 1692 1069 Et
1711 1013 1780 1076 dicit

129 1098 237 1154 linter:
254 1099 315 1153 Hoc
326 1096 392 1164 dixi,
407 1098 474 1170 quia
486 1099 595 1154 semino
616 1116 718 1171 agrum
739 1117 842 1169 meum,
859 1108 888 1157 et
902 1102 937 1158 de
977 1101 1004 1157 ei
1016 1118 1118 1157 senex:
1135 1101 1166 1156 Si
1180 1102 1234 1156 hoc
1247 1118 1304 1157 non
1319 1107 1399 1174 potes
1413 1102 1514 1169 tacere,
1530 1118 1582 1157 nec
1595 1101 1779 1173 cogitationes

129 1187 186 1243 hoc
201 1187 276 1261 quod
291 1187 400 1259 colligo,
419 1204 453 1242 ex
466 1188 528 1260 ipso
543 1189 614 1244 facio
629 1207 757 1262 agapem.
772 1192 807 1246 Et
820 1191 891 1246 dixit
911 1192 938 1247 ei
979 1190 1127 1263 prohibere
1141 1194 1222 1262 potes
1236 1206 1272 1246 ne
1281 1191 1434 1259 introeant,
1445 1189 1493 1246 sed
1506 1194 1587 1247 tuum
1599 1194 1643 1245 est
1658 1190 1699 1245 eis
1712 1191 1780 1246 resi·

127 1275 217 1332 abbas
225 1276 937 1352 Pastor:Putaviquiadelratretuoillo,quilaicus
978 1285 1062 1335 stere.

128 1369 183 1433 est,
198 1365 323 1433 dicerem
335 1364 360 1421 si
371 1371 467 1421 autem
476 1371 508 1422 tu
516 1367 584 1423 facis
594 1368 663 1435 haee,
676 1385 732 1424 non
744 1374 787 1424 est
799 1386 870 1442 opus
878 1387 937 1426 mo·
1014 1368 1057 1424 56.
1073 1370 1173 1425 Frater
1187 1369 1302 1441 quidam
1317 1367 1500 1440 interrogavit
1516 1383 1582 1423 eum
1595 1366 1691 1423 dicens
1705 1386 1711 1422 :
1728 1367 1778 1423 Di-

128 1454 222 1511 nachi.
238 1454 289 1511 Ille
302 1460 397 1510 autem
412 1456 596 1512 contristatus
609 1462 653 1512 est
662 1457 790 1526 audiam,
806 1464 835 1515 ct
843 1459 931 1515 dixit:
975 1458 1062 1514 missa
1069 1472 1112 1514 est
1120 1459 1190 1515 mihi
1200 1459 1293 1515 omnis
1306 1457 1464 1524 hareditas,
1478 1456 1651 1529 quidam
1664 1456 1735 1512 lucio
1746 1474 1779 1512 cx

128 1543 214 1600 Aliud
229 1560 301 1617 opus
313 1560 371 1600 non
380 1544 451 1600 facio
466 1561 517 1600 nec
531 1546 598 1614 scio,
615 1547 670 1602 nisi
684 1546 755 1617 ho:;
771 1554 801 1603 et
812 1565 937 1622 nonpos-
978 1547 1035 1603 eal
1048 1548 1086 1604 Et
1100 1549 1170 1603 dicit
1181 1548 1206 1603 ei
1217 1547 1303 1602 abbas
1317 1547 1417 1602 Pastor
1427 1565 1432 1601 :
1444 1546 1532 1613 Vade,
1544 1551 1573 1600 et
1586 1549 1650 1617 post
1656 1546 1779 1602 tresdies

129 1649 192 1690 sum
204 1633 345 1689 seminare
357 1650 458 1706 agrum
469 1651 564 1690 meum
575 1636 666 1691 lcum
681 1641 776 1692 autem
791 1639 933 1694 discessis·
975 1637 1048 1704 veni,
1064 1642 1093 1693 et
1106 1637 1167 1692 dico
1181 1636 1243 1692 tibi.
1259 1636 1344 1692 Venit
1357 1639 1451 1691 autem
1473 1636 1546 1691 sicut
1565 1635 1724 1706 pratinivit,
1750 1640 1779 1692 et

128 1727 183 1791 set,
200 1723 284 1795 coepit
297 1722 383 1779 abbas
397 1724 480 1780 Anub
494 1725 690 1797 poenitentiam
700 1743 784 1797 agere
797 1729 872 1798 apud
882 1711 964 1783 alr-B
974 1725 1043 1782 dicit
1056 1727 1084 1781 ci
1098 1742 1199 1782 senex:
1216 1725 1290 1790 Quid
1302 1724 1353 1780 tibi
1372 1724 1462 1780 habco
1488 1724 1589 1790 dicere,
1613 1723 1722 1780 frater‘l
1747 1724 1777 1781 Si

127 1810 224 1868 batem
240 1813 397 1879 Pastorem,
410 1813 523 1869 dicens:
542 1815 659 1884 Ignosce
667 1815 747 1869 mihi.
761 1816 837 1871 Dixit
846 1818 872 1872 ei
883 1818 933 1872 ab·
974 1816 1080 1883 dixero,
1098 1816 1140 1871 Da
1154 1832 1216 1871 eam
1229 1815 1258 1870 in
1270 1815 1428 1883 eeclesiam,
1441 1813 1535 1868 clerici
1544 1812 1778 1870 sibilacientcon·

127 1900 181 1957 bas
199 1902 317 1957 Pastor:
334 1903 403 1958 Ecce
418 1901 453 1957 ab
472 1902 553 1958 initio
566 1903 697 1971 sciebam,
725 1904 791 1976 quia
813 1923 869 1961 non
891 1912 934 1962 est
974 1905 1046 1960 viria
1061 1922 1094 1959 ex
1104 1923 1138 1960 ea
1149 1905 1292 1973 3siautem
1305 1905 1411 1973 dixero,
1422 1902 1775 1975 Daeamparentibustuis,

128 2007 201 2064 opus
215 1990 356 2055 monachi,
369 1991 416 2046 sed
431 1993 584 2048 secundum
600 1993 729 2048 animum
748 1996 809 2065 ejus
823 1995 933 2052 loeutus
974 1998 1088 2049 nonest
1103 1994 1154 2049 tibi
1170 2010 1295 2062 merces;
1311 1993 1335 2048 si
1349 2009 1414 2048 vero
1426 1992 1528 2060 dicam,
1544 1993 1587 2048 Da
1595 1980 1776 2065 pauperibus,

128 2097 194 2137 sum
210 2079 245 2148 ei,
260 2085 289 2136 et
301 2079 415 2136 excitavi
425 2081 551 2136 animum
562 2083 623 2155 ejus
636 2082 671 2137 ad
679 2083 834 2155 proiectum
844 2085 934 2141 chari·
973 2084 1160 2140 securuseris.
1172 2081 1314 2155 Quidquid
1322 2098 1389 2153 ergo
1398 2082 1447 2148 vis,
1459 2081 1539 2150 vade,
1550 2081 1604 2150 iac,
1617 2097 1668 2153 ego
1678 2097 1777 2138 musas

126 2169 197 2226 tatis
213 2189 220 2240 ;
235 2186 310 2227 nunc
324 2175 419 2226 autem
434 2160 503 2226 abiit
515 2171 615 2240 tristis,
628 2177 761 2228 ettamen
774 2173 850 2230 istud
863 2191 933 2246 opus
974 2190 1031 2229 non
1045 2173 1135 2228 habeo
1151 2172 1266 2244 (Paret,
1282 2188 1305 2226 c.
1321 2170 1365 2240 3‘5,
1380 2189 1409 2226 a.
1425 2170 1452 2240 l,
1469 2174 1582 2227 nomine
1596 2170 1702 2238 Sisois;
1719 2173 1776 2242 Ap·

127 2258 206 2315 lacit.
972 2264 1055 2333 prod.
1072 2265 1167 2331 Mart,
1181 2278 1212 2317 n.
1227 2261 1264 2332 i).

164 2347 210 2406 dl.
219 2348 766 2422 Fratarquidaminterrogavitabbatem
776 2352 932 2420 Pastorem,
1011 2353 1055 2425 57.
1072 2351 1148 2406 Dixit
1161 2351 1264 2406 iterum
1279 2349 1364 2406 abbas
1373 2350 1491 2406 Pastor:
1509 2350 1539 2406 Si
1553 2349 1662 2407 venerit
1669 2347 1722 2406 tibi
1734 2367 1778 2407 co·

127 2439 246 2495 dicens:
261 2439 335 2504 Quid
348 2445 392 2495 est
405 2439 474 2495 illud
489 2441 563 2512 quod
578 2441 714 2513 scriptum
735 2446 791 2496 est:
809 2442 862 2507 Qui
876 2442 934 2496 ira·
975 2441 1075 2513 &tatio
1089 2442 1124 2496 de
1139 2439 1222 2498 rebus
1233 2441 1343 2512 corpori
1357 2439 1532 2507 necessariis,
1554 2444 1583 2495 et
1606 2439 1778 2512 delegaveris

128 2529 219 2586 scitur
231 2528 311 2584 fratri
327 2546 378 2585 suo
388 2529 655 2601 sincrausaldlotlb.
676 2533 738 2585 vin
759 2530 882 2601 Gracoll
900 2531 935 2586 Et
976 2530 1076 2597 semel;
1093 2530 1239 2586 etiterum
1253 2529 1369 2596 venerit,
1388 2534 1417 2584 et
1427 2528 1608 2600 delegaveris,
1621 2529 1689 2601 quid
1703 2529 1778 2585 liat?

129 2617 179 2675 ille
193 2618 355 2692 respondit:
372 2619 411 2674 Ex
421 2619 499 2674 omni
512 2636 544 2675 rc
563 2637 619 2692 qua
635 2625 663 2675 te
681 2637 800 2692 gravare
814 2620 936 2676 volucrit
972 2621 1034 2692 jam
1049 2619 1134 2675 tertio
1149 2620 1173 2674 si
1189 2619 1303 2687 venerit,
1326 2635 1383 2674 non
1406 2618 1536 2674 intendas
1558 2618 1594 2687 ei,
1620 2618 1711 2675 otiosa
1735 2623 1778 2675 ast

127 2708 218 2764 linter
231 2713 307 2775 tuus,
319 2708 343 2764 si
352 2708 481 2764 irasceris
491 2710 624 2765 adversus
637 2726 711 2777 eum,
725 2709 815 2764 donec
821 2710 934 2764 oculum
975 2711 1061 2766 enirn.

129 2803 215 2854 tuum
229 2797 377 2853 dexterum
396 2798 502 2869 ejicias,
518 2805 546 2853 et
559 2816 576 2854 a
590 2804 618 2855 tc
632 2799 772 2871 projiciaS,
785 2799 935 2854 sinecausa
1012 2797 1055 2856 58.
1072 2800 1171 2855 Frater
1184 2798 1299 2871 quidam
1313 2798 1384 2852 dixit
1395 2796 1489 2853 abbati
1504 2797 1613 2853 Pastori
1629 2817 1636 2853 :
1654 2797 1684 2854 Si
1698 2796 1777 2854 video

128 2885 261 2942 irascaris
276 2886 320 2955 ei3
336 2887 360 2942 si
372 2893 468 2942 autern
481 2887 583 2959 aliquis
601 2888 722 2944 voluerit
734 2892 763 2943 te
776 2904 934 2961 separares
975 2905 1035 2944 rem
1052 2889 1242 2961 eliquamus
1260 2892 1293 2943 ut
1303 2887 1394 2942 dicam
1406 2886 1595 2943 illamlDicit
1614 2887 1641 2942 ei
1664 2903 1749 2943 senex
1769 2905 1775 2941 :

129 2975 201 3042 Deo,
217 2993 268 3048 pro
282 2976 335 3031 hoc
348 2976 479 3032 irascere.
974 2978 1116 3050 Scriptum
1125 2982 1182 3033 est:
1195 2977 1249 3043 Qui
1261 2976 1438 3049 responderit
1445 2974 1561 3031 verbum
1568 2979 1719 3048 antequam
1727 2991 1778 3031 au·

166 3063 215 3123 48.
228 3065 305 3121 Dixit
313 3064 399 3121 abbas
409 3067 523 3121 Pastor:
541 3066 570 3122 Si
578 3067 734 3139 peccaverit
743 3067 827 3122 homo
840 3073 868 3123 et
877 3068 962 3132 nunc
975 3067 1045 3135 diat,
1060 3065 1183 3122 stultitia
1195 3065 1221 3120 ei
1227 3070 1256 3121 et
1265 3064 1448 3138 opprobrium
1456 3069 1499 3120 est
1510 3064 1603 3135 (Docti.
1613 3067 1661 3135 xl).
1670 3065 1701 3120 Si
1709 3079 1777 3136 ergo

131 3154 289 3226 negaverit,
305 3155 409 3224 diceus,
424 3155 557 3224 Peccavi3
572 3173 629 3211 uon
644 3154 771 3228 increpes
785 3173 859 3223 eum,
868 3157 935 3228 quia
975 3157 1168 3226 interrogatus
1181 3155 1278 3223 lucris,
1295 3155 1358 3224 dic;
1375 3154 1420 3209 sin
1433 3153 1512 3222 alias,
1526 3158 1597 3208 tace.

129 3243 420 3317 fraugispropositum
430 3245 517 3300 animi
523 3245 593 3316 ejus.
605 3245 735 3301 Siautem
745 3245 857 3301 dixeris:
870 3247 934 3301 Non
1011 3245 1055 3302 aa.
1072 3245 1148 3300 Dixit
1162 3246 1265 3300 iterum
1277 3242 1364 3298 abbas
1372 3244 1481 3313 Pastor,
1493 3242 1674 3315 quiadixarat
1690 3241 1775 3299 abbas

131 3334 317 3403 contristeris,
333 3334 430 3399 frater,
446 3334 496 3389 sed
509 3333 626 3390 observa
638 3334 674 3390 de
696 3339 806 3402 catera,
829 3336 934 3391 excitas
975 3335 1113 3391 Ammon:
1130 3333 1184 3389 Est
1198 3334 1281 3389 homo
1297 3333 1345 3405 qui
1361 3337 1456 3405 portat
1478 3336 1538 3388 toto
1560 3337 1689 3404 tempore
1714 3332 1778 3388 vitae

129 3423 259 3479 animum
273 3424 334 3495 ejas
348 3424 383 3478 ad
399 3424 603 3496 poenitontiam.
976 3442 1034 3481 suae
1048 3425 1179 3492 securim,
1193 3427 1222 3479 et
1236 3440 1292 3480 uon
1307 3426 1401 3496 potest
1419 3420 1539 3494 dejicere
1562 3420 1711 3490 arborem;
1733 3427 1777 3477 est

165 3511 212 3570 ta.
229 3513 306 3568 Dixit
319 3514 421 3569 iterum
437 3513 485 3586 qui
498 3531 602 3586 supra:
631 3514 741 3570 Bonum
760 3519 804 3570 est
824 3515 934 3588 experi-
975 3515 1153 3571 autemolter
1171 3513 1280 3569 habens
1302 3528 1386 3568 usum
1404 3510 1555 3579 incidendi,
1579 3515 1609 3566 et
1628 3510 1658 3567 in
1681 3511 1778 3583 paucis

131 3608 271 3659 mentum.
293 3603 490 3676 Experimento
512 3604 588 3659 enim
608 3605 737 3660 homines
761 3603 935 3677 probatiores
975 3605 1066 3679 plagis
1078 3603 1176 3675 dejicit
1184 3602 1324 3658 arborem.
1342 3599 1459 3658 Dicebat
1473 3606 1569 3657 autem
1590 3599 1711 3657 securim
1734 3600 1777 3656 di·

131 3697 209 3748 sunt.
976 3693 1143 3750 serationem
1161 3709 1231 3748 esse.

167 3780 213 3840 50.
227 3784 300 3838 item
314 3781 385 3838 dixit
399 3783 448 3855 qui
456 3799 558 3856 supra:
571 3783 601 3839 Si
611 3783 674 3856 quis
685 3783 767 3840 docet
786 3785 892 3857 aliquid
907 3792 935 3842 et
1012 3782 1057 3839 60.
1075 3785 1182 3839 lterum
1202 3781 1289 3837 dixit:
1320 3780 1457 3837 Voluntas
1473 3779 1595 3837 hortinis
1616 3796 1714 3836 murus
1737 3784 1781 3836 est

132 3859 354 3944 non'lacitqnod
364 3872 454 3940 docet,
469 3872 569 3927 similis
584 3878 721 3945 estputeo
731 3872 778 3946 qui
793 3874 934 3930 omnesad
974 3889 1073 3941 aereus,
1088 3878 1117 3928 et
1131 3873 1203 3946 lapis
1216 3871 1376 3945 percutiens
1390 3870 1466 3926 inter
1479 3870 1574 3943 ipsum
1590 3875 1619 3926 et
1633 3870 1732 3928 Deum.
1748 3870 1778 3926 Si

131 3961 320 4016 covenientes
334 3961 420 4018 satiat
433 3962 545 4016 etdelet
560 3962 666 4030 sordes,
688 3963 813 4035 seipsum
838 3967 934 4018 autem
976 3979 1042 4034 ergo
1056 3962 1205 4034 reliquerit
1217 3961 1286 4027 baec,
1302 3960 1347 4016 dic
1360 3961 1387 4016 ei
1403 3966 1432 4016 et
1443 3960 1512 4033 ipse,
1526 3960 1601 4033 quod
1620 3960 1650 4016 in
1668 3960 1777 4033 psalmo

130 4066 254 4123 purgare
264 4066 319 4106 non
334 4054 445 4122 potest;
462 4051 511 4106 sed
522 4051 613 4106 omnis
622 4051 757 4123 spurcitia
772 4057 801 4107 et
813 4052 935 4109 immun·
976 4051 1112 4123 seriptum
1125 4055 1183 4106 est:
1199 4051 1232 4105 ln
1247 4050 1379 4105 Dao'meo
1391 4049 1583 4121 transgrediar
1596 4066 1720 4119 murum;
1732 4055 1776 4105 et:

130 4139 203 4196 ditia
216 4141 245 4195 in
261 4155 294 4195 eo
309 4146 352 4195 cst
366 4142 460 4210 (dull,
475 4144 495 4196 l.
512 4155 551 4207 111,
568 4157 597 4196 n.
616 4140 685 4211 183).
977 4140 1053 4196 Deus
1068 4157 1158 4207 meus,
1175 4139 1323 4212 impolluta
1336 4138 1382 4192 via
1395 4139 1456 4209 ejus
1470 4140 1553 4207 (Paul.
1568 4139 1642 4210 xviv).
1659 4138 1688 4194 Si
1703 4137 1779 4194 enim

166 4229 212 4285 51.
227 4229 303 4284 Dixit
316 4230 420 4285 iterum
435 4229 510 4303 ipse:
528 4231 576 4285 Est
589 4232 674 4286 homo
688 4231 736 4304 qui
750 4231 874 4303 seipsum
889 4250 937 4304 ag·
974 4224 1086 4301 justitia
1099 4228 1259 4283 subvenerit
1273 4226 1418 4292 voluntati,
1434 4224 1546 4281 laborat
1558 4225 1652 4281 homo.

130 4318 231 4376 uasat.
245 4319 321 4374 Dixit
333 4319 436 4375 iterum
449 4338 455 4372 :
480 4320 551 4385 Quia
562 4324 604 4375 est
619 4320 703 4375 homo
712 4321 760 4393 qui
767 4321 878 4376 videtur
888 4338 936 4378 ore
1012 4317 1057 4375 61.
1068 4318 1168 4373 Frater
1174 4316 1360 4387 interrogavit
1368 4314 1498 4370 abbatem
1509 4315 1664 4383 Pastorem,
1672 4315 1777 4371 dicens:

130 4411 234 4473 meere,
250 4423 298 4462 cor
312 4412 406 4464 autem
422 4409 484 4480 ejus
498 4408 667 4464 condemnat
691 4409 780 4477 alios;
803 4409 849 4464 hic
866 4427 933 4482 argo
944 4438 967 4496 D
977 4408 1118 4464 Damnum
1132 4407 1233 4462 animae
1243 4422 1312 4461 meae
1326 4405 1427 4478 patior,
1440 4405 1515 4477 quod
1530 4421 1593 4460 sum
1603 4421 1667 4460 cum
1677 4404 1779 4461 abbate

131 4497 193 4553 sine
207 4497 363 4552 cessatione
377 4498 512 4570 loquitur.
529 4499 579 4553 Est
591 4503 620 4553 et
633 4498 706 4553 alius
720 4515 738 4553 a
752 4515 835 4554 mane
844 4516 935 4572 usque
978 4513 1051 4552 mco.
1067 4497 1139 4562 Quid
1152 4512 1219 4568 ergo
1230 4494 1332 4567 jubes?
1343 4496 1443 4550 Moneo
1457 4494 1548 4550 adhuc
1563 4493 1638 4566 apud
1666 4493 1781 4567 ipsum?

131 4586 167 4641 ad
180 4602 328 4658 vesperam
343 4587 470 4659 loquens,
487 4592 517 4642 et
530 4587 753 4643 taciturnitatem
770 4593 866 4656 tenet3
884 4589 936 4645 hoe
976 4586 1013 4642 Et
1028 4586 1134 4642 sciebat
1150 4585 1235 4640 abbas
1250 4585 1358 4652 Pastor,
1375 4584 1440 4656 quia
1448 4584 1598 4640 lederetur
1611 4583 1707 4639 anima
1719 4583 1780 4654 ejus

131 4675 297 4732 autemideo
305 4676 384 4743 dixit,
397 4676 463 4750 quia
473 4693 617 4749 nunquam
629 4677 690 4733 sine
700 4677 937 4734 audientinmuti.
977 4692 1028 4749 per
1042 4675 1171 4732 abbatem
1184 4692 1277 4737 suum,
1288 4679 1318 4730 et
1329 4672 1522 4729 admirabatur
1532 4689 1619 4745 quare
1634 4673 1677 4728 vel
1691 4673 1780 4729 inter-

132 4765 214 4822 litate
232 4764 342 4821 locutus
355 4771 409 4821 est.
978 4765 1096 4837 rogabat
1110 4783 1185 4833 cum,
1198 4765 1221 4820 si
1234 4780 1349 4820 manere
1362 4763 1477 4820 deberet
1488 4779 1552 4819 cum
1567 4763 1624 4818 illo.
1653 4761 1693 4819 at
1711 4762 1782 4820 dixit

167 4852 213 4911 52.
231 4855 337 4910 lterum
350 4854 440 4910 dixit:
456 4854 529 4920 Quia
543 4855 567 4911 si
576 4861 643 4911 sunt
654 4860 712 4911 tres
727 4855 756 4911 in
777 4870 876 4924 unum,
903 4873 937 4912 ex
978 4855 1022 4910 ei:
1041 4855 1070 4910 Si
1084 4856 1135 4923 vis,
1148 4859 1219 4909 esto.
1242 4853 1279 4909 Et
1301 4853 1455 4919 discedens,
1477 4853 1583 4908 mansit
1603 4852 1679 4926 apud
1703 4868 1780 4909 eum.

131 4944 234 5017 quibus
250 4960 323 4999 unus
336 4943 407 4999 bene
421 4944 557 5016 quiescat,
573 4945 646 5000 alius
662 4945 823 5000 infirmetur
836 4950 938 5016 etgra·
978 4945 1063 5000 Venit
1081 4951 1176 5000 autem
1190 4944 1294 4998 iterum
1310 4943 1404 4998 dicens
1427 4941 1522 4998 abbati
1540 4942 1669 4998 Pastori:
1687 4942 1781 5000 Grato

131 5034 186 5088 tias
201 5038 277 5104 ngat,
290 5033 392 5089 tertius
401 5050 467 5089 vero
477 5034 619 5089 ministret
628 5035 669 5090 eis
675 5051 708 5089 ex
719 5034 828 5090 sincera
840 5035 936 5090 volun·
977 5035 1102 5091 animam
1116 5051 1218 5089 meam.
1233 5033 1271 5088 Et
1281 5048 1336 5088 non
1356 5031 1426 5086 dixit
1439 5031 1465 5106 ei
1480 5030 1567 5088 abbas
1586 5033 1704 5089 Pastor:
1731 5033 1783 5089 Di·

132 5127 201 5188 tate,
215 5122 245 5178 hi
256 5127 314 5178 tres
329 5122 435 5179 similes
449 5127 525 5192 sunt,
541 5123 618 5180 velut
629 5123 715 5180 etiam
730 5123 754 5180 si
774 5124 858 5179 unius
878 5123 937 5180 sint
978 5125 1059 5181 scede
1073 5123 1108 5178 ab
1122 5140 1164 5178 eo.
1184 5121 1269 5177 Venit
1280 5121 1375 5188 tertio,
1391 5125 1420 5175 et
1429 5120 1517 5176 dixit:
1531 5121 1620 5178 Crede
1634 5121 1713 5189 mihi,
1721 5122 1782 5194 jam

132 5213 248 5287 operia·
978 5231 1034 5271 non
1054 5229 1175 5269 erocum
1188 5227 1231 5267 eo.
1243 5209 1281 5266 Et
1294 5210 1397 5266 dicitei
1411 5225 1514 5266 senex:
1531 5211 1604 5266 Ecce
1618 5211 1702 5267 modo
1723 5212 1781 5268 sal-

165 5301 212 5360 sl.
227 5303 335 5360 lterum
348 5303 419 5358 dixit
432 5322 437 5358 :
451 5303 559 5359 Malitia
569 5320 747 5376 nequaquam
758 5303 936 5377 expellitma·
977 5310 1058 5360 vatus
1072 5320 1112 5370 es,
1128 5302 1208 5370 vade,
1224 5306 1252 5356 et
1266 5317 1323 5356 non
1336 5301 1376 5355 sis
1390 5300 1465 5356 ultra
1478 5317 1541 5357 cum
1552 5317 1595 5356 eo.
1616 5301 1692 5357 Dixit
1704 5301 1782 5358 enim

131 5392 242 5461 litiam;
256 5393 306 5448 sed
320 5393 413 5465 siquis
422 5392 473 5449 tibi
488 5394 649 5463 malefacit,
665 5401 696 5451 tu
712 5393 782 5450 bene
795 5395 840 5449 fac
853 5395 889 5462 ei,
905 5399 938 5450 ut
978 5393 1063 5450 abbas
1081 5395 1180 5449 Pastor
1199 5392 1290 5447 eidem
1304 5410 1309 5445 :
1327 5391 1418 5446 Homo
1429 5391 1478 5463 qui
1492 5390 1563 5447 vidit
1575 5390 1711 5446 damnum
1721 5390 1781 5461 pati

133 5481 295 5557 perbonam
301 5483 593 5555 opustuumdestruas
600 5484 736 5540 malitiam
744 5484 933 5557 ipsiusllluff„
977 5483 1102 5538 animam
1116 5497 1207 5547 suam,
1219 5496 1275 5535 non
1290 5495 1360 5552 opus
1374 5479 1460 5536 habet
1467 5480 1652 5553 interrogare.
1667 5475 1781 5533 Etenim

132 5575 152 5628 l.
172 5586 216 5642 111,
232 5588 262 5629 a.
279 5569 324 5632 79.
339 5572 447 5643 Paret,
460 5591 485 5630 c.
500 5571 526 5644 7,
542 5589 571 5630 u.
587 5571 626 5646 3).
977 5573 1012 5631 de
1022 5572 1137 5632 occultis
1146 5570 1362 5646 cogitationibus
1369 5570 1526 5646 interrogat
1536 5565 1781 5645 quis,utsaniores
