3818 6120
146 299 215 358 1105
774 299 948 358 HISTORIA
964 300 1152 359 haeslaos.
1711 303 1781 364 libb

140 425 223 498 hyter
234 426 338 481 montis
352 427 460 493 Nitriae,
474 443 520 481 me
537 426 654 497 inquam
683 431 712 482 et
736 426 851 481 beatum
876 425 1059 498 Eraerrgo,
1079 427 1174 495 irater,
1190 429 1277 484 sitam
1289 430 1490 501 aggrediamur
1501 429 1696 496 monasticam,
1710 435 1783 485 utet

138 515 235 586 grium
247 518 274 580 *8
285 523 301 579 Ι
312 521 338 581 1
348 516 416 571 dicit
425 516 523 572 nobis:
540 516 655 583 Adeste,
670 515 761 571 videte
774 533 877 572 novum
892 515 944 571 lob
985 516 1074 587 patris
1085 518 1173 571 nostri
1182 518 1320 572 lucremur
1332 517 1488 584 facultates
1506 523 1535 571 et
1550 521 1660 572 nostras
1673 518 1782 573 animas

140 604 229 675 quiin
245 608 325 658 tante
333 605 457 677 corporis
471 604 603 659 morbosi
616 609 696 660 tanto
702 610 813 659 tumore
828 605 945 659 immen-
984 620 1040 659 non
1055 607 1330 677 perdamus.Placuit
1343 624 1409 677 ergo
1418 607 1545 678 utrisque
1555 607 1725 678 scopusvitae
1735 625 1781 662 so-

139 692 291 747 samhabet
305 695 472 764 patientiam
482 710 546 749 cum
558 694 713 764 gratiarum
725 694 846 750 actione.
861 694 945 748 Acce·
985 694 1093 760 literis,
1111 696 1160 751 sed
1173 696 1279 751 inventi
1293 702 1360 751 sunt
1373 696 1445 751 alius
1466 696 1496 750 in
1510 696 1565 750 alio
1579 696 1781 768 discrepantes.

139 782 239 836 ιιιιιιιι
254 783 564 853 argovidimustantam
575 783 679 837 molem
691 785 753 852 eJus
766 782 901 854 eorporis,
913 788 946 836 ut
985 783 1056 838 Cum
1065 784 1159 855 itaque
1174 785 1305 856 pecunias
1321 784 1491 851 diuisissent,
1508 789 1537 840 et
1552 785 1662 855 reliqua
1676 786 1783 854 omnia,

140 887 259 943 parvum
273 873 335 942 ejus
347 873 467 943 digitum
477 889 533 927 non
543 889 688 943 possemus
696 872 843 943 complecti
850 871 944 941 digitis
985 873 1059 930 hunc
1071 873 1184 944 quidem
1196 874 1249 928 sibi
1259 889 1374 944 scopum
1386 879 1602 944 proposuerunt,
1611 879 1644 930 ιιι
1653 875 1711 930 Deo
1721 876 1783 946 pla·

139 960 263 1015 duarum
274 976 421 1015 manuum.
432 962 502 1016 Corn
512 966 607 1016 autem
616 959 705 1015 morbi
712 961 879 1031 gravitatem
888 976 944 1014 non
985 967 1090 1028 serent,
1107 962 1156 1016 sed
1171 962 1279 1017 diverso
1289 962 1352 1017 vita
1362 962 1674 1019 instituto.Unusenim
1689 963 1785 1018 omnia

142 1065 290 1121 possemus
306 1050 368 1104 tixis
389 1050 476 1104 oculis
494 1050 945 1116 intueri,nostrosoculosaverte-
985 1050 1157 1122 dispergens,
1167 1052 1246 1106 dedit
1257 1050 1444 1116 monasteriis,
1461 1056 1490 1104 et
1505 1052 1638 1116 ecclesiis,
1654 1056 1683 1108 et
1693 1057 1785 1108 eusto-

138 1137 251 1193 bamus.
272 1140 349 1193 Tunc
376 1139 445 1194 dicit
473 1139 552 1194 nobis
581 1139 679 1193 beatus
703 1137 750 1192 ille
774 1138 941 1208 Benjamin:
985 1138 1048 1199 diis,
1062 1145 1091 1194 et
1105 1146 1266 1195 cuinartem
1281 1139 1433 1204 didicisset,
1442 1155 1476 1193 ex
1491 1156 1547 1210 qua
1558 1140 1610 1195 sibi
1621 1158 1723 1211 panem
1737 1157 1786 1213 pa·

139 1227 235 1292 Orate,
252 1227 313 1294 lilii,
334 1244 464 1282 nameus
479 1229 606 1283 internus
616 1228 699 1282 homo
714 1227 750 1282 sit
763 1226 941 1298 hydropicus.
984 1234 1069 1294 niret,
1086 1228 1278 1283 exercitationi
1288 1244 1403 1299 operam
1415 1227 1500 1283 dabat
1514 1233 1543 1284 et
1561 1229 1693 1285 orationi.
1706 1231 1786 1286 Alter

137 1315 198 1370 Hoc
212 1316 288 1370 euim
301 1333 502 1388 corpusneque
518 1334 581 1371 cum
595 1317 664 1371 bene
674 1334 704 1370 se
727 1315 853 1380 haberet,
871 1316 942 1370 mihi
984 1323 1078 1373 autem
1085 1319 1146 1388 ejus
1157 1318 1227 1372 nihil
1237 1318 1377 1388 dispersit,
1391 1318 1440 1372 sed
1456 1318 1529 1371 lacto
1539 1317 1592 1372 sibi
1603 1319 1783 1386 monasterio,

138 1404 295 1477 quidquam
310 1406 424 1476 profuit,
443 1423 534 1476 neque
547 1423 612 1461 curn
625 1407 709 1471 male,
725 1422 769 1459 me
785 1406 865 1460 laesit.
881 1405 941 1461 Illis
983 1413 1012 1462 et
1024 1407 1120 1478 paucis
1131 1408 1283 1478 assumptis
1305 1407 1439 1461 tratribus
1461 1407 1613 1478 quemlibet
1630 1408 1786 1479 excipiebat

136 1508 205 1563 ergo
217 1499 280 1548 octo
287 1494 431 1549 mensibus
438 1495 511 1549 iacta
525 1500 569 1549 est
582 1495 623 1549 illi
637 1495 706 1549 sella
719 1495 857 1550 latissime
869 1494 939 1568 (35),
981 1497 1134 1568 hospitem,
1146 1497 1305 1597 quemlibet
1311 1495 1429 1551 curabat
1441 1502 1588 1567 aegrotum,
1602 1498 1729 1568 quemvis
1743 1513 1785 1552 se·

137 1581 169 1636 in
183 1600 240 1654 qua
254 1583 369 1638 sedebat
382 1584 503 1651 assidue,
516 1585 607 1655 utqui
621 1601 677 1640 non
700 1585 822 1656 posset'
816 1601 845 1639 in
869 1585 940 1639 lecto
981 1600 1046 1638 uem
1064 1585 1213 1651 retinebat,
1234 1585 1322 1640 cuivis
1346 1585 1464 1656 pauperi
1487 1585 1586 1652 dabat;
1608 1584 1731 1640 Sabbata
1757 1592 1785 1641 et

135 1671 312 1738 accumbere,
325 1678 440 1744 propter
451 1691 485 1727 ea
495 1673 760 1746 quaesuntcorporis
770 1673 937 1728 necessaria.
982 1671 1138 1741 Dominus,
1152 1681 1211 1729 tres
1221 1680 1272 1728 aut
1285 1679 1387 1745 quator
1400 1691 1513 1728 mensas
1523 1679 1659 1741 statuens,
1673 1691 1721 1729 eos
1737 1675 1786 1745 qui

135 1760 209 1816 Cum
221 1767 316 1816 autem
325 1761 465 1816 laboraret
475 1763 527 1817 hoc
546 1762 643 1817 morbo
655 1762 865 1828 immedicabili,
878 1779 939 1817 me·
950 1745 1064 1818 Berant
1077 1764 1159 1835 egeni
1174 1763 1340 1834 excipiebat.
1358 1764 1417 1817 Hoc
1431 1763 1607 1819 modovitam
1623 1779 1704 1819 suam
1714 1780 1783 1819 con·

135 1847 258 1903 debatur·
265 1849 938 1921 aliisquitenebanturquibusvisaegritudinibus.
981 1853 1110 1924 sumpsit
1126 1852 1269 1908 Ambobus
1280 1856 1376 1907 autem
1392 1852 1520 1919 mortuis,
1535 1852 1650 1907 diversae
1665 1851 1786 1908 beatitu-

135 1937 333 1993 Necessarium
343 1939 439 2009 itaque
447 1939 524 2004 duxi,
535 1939 664 1993 morbum
672 1939 757 2010 hujus
763 1940 853 1994 sancti
860 1956 943 2010 expo·
982 1941 1062 1996 dines
1076 1943 1204 2013 utrisque
1219 1941 1360 1996 dabantur
1374 1940 1544 2007 asratribus,
1554 1942 1734 2012 utpotequod
1744 1958 1787 1998 es·

134 2042 213 2092 nere,
230 2043 264 2080 ne
276 2027 357 2082 nobis
368 2028 491 2083 alienum
507 2029 644 2096 videatur,
661 2029 685 2083 si
702 2029 768 2082 riris
787 2029 872 2099 justis
893 2028 943 2082 ali·
983 2036 1047 2085 sent
1063 2031 1168 2086 inventi
1179 2031 1261 2086 ambo
1272 2031 1375 2085 virtute
1398 2030 1512 2102 perfecti
1529 2048 1535 2083 :
1551 2034 1580 2084 et
1592 2030 1655 2085 aliis
1670 2031 1784 2102 quidem

134 2115 200 2187 quis
213 2132 293 2171 casus
307 2116 425 2171 accidat.
443 2118 560 2189 Egregie
573 2135 640 2189 ergo
662 2118 711 2172 illo
734 2118 792 2172 viro
814 2123 937 2186 mortuo,
979 2119 1108 2192 placebat
1122 2120 1178 2174 vita
1194 2120 1265 2191 ejus,
1288 2119 1335 2190 qui
1350 2119 1560 2174 renuntiaverat
1575 2137 1582 2186 3
1595 2119 1658 2174 aliis
1670 2136 1735 2174 vero
1748 2136 1783 2176 ea

135 2203 280 2259 sublatum
292 2211 336 2260 est
344 2206 431 2261 limen
447 2207 511 2261 ostii
522 2213 550 2262 et
561 2213 664 2278 postes,
683 2213 715 2261 ut
728 2212 823 2278 posset
835 2224 938 2279 corpus
979 2225 1041 2279 quac
1055 2209 1281 2264 communicabat
1299 2208 1427 2263 omnibus
1444 2207 1602 2277 egentibus.
1617 2208 1688 2265 Cum
1714 2224 1783 2280 ergo
1833 2207 1836 2211 ’

133 2292 229 2346 efferri
243 2310 277 2347 ex
291 2294 372 2353 cella.
388 2296 480 2349 Tanta
494 2301 555 2350 erat
569 2295 658 2350 moles
672 2295 796 2367 corporis
814 2294 889 2350 beati
908 2301 938 2350 et
978 2296 1053 2352 inter
1071 2297 1172 2352 fratres
1189 2298 1334 2353 incidisset
1355 2296 1507 2364 contentio,
1537 2300 1653 2368 propter
1680 2297 1782 2353 hoium

133 2380 234 2453 inclyti
244 2383 332 2453 patris
345 2384 504 2455 Beniamin.
977 2384 1125 2441 beatorum
1147 2386 1289 2441 diversum
1308 2387 1371 2440 vitae
1404 2386 1576 2452 institutum,
1601 2391 1630 2440 et
1657 2386 1780 2442 mantne

431 2508 549 2563 OAPUT
562 2508 634 2563 XIV
975 2481 1092 2546 propter
1105 2476 1344 2542 laudesdiversas,
1358 2474 1466 2529 vadunt
1481 2475 1518 2528 ad
1528 2473 1641 2529 beatum
1660 2474 1776 2544 Pambo‚

976 2569 1006 2617 et
1033 2563 1069 2617 ad
1095 2580 1160 2618 eum
1189 2563 1325 2627 referunt,
1341 2566 1373 2617 ut
1399 2562 1434 2617 de
1457 2563 1510 2617 hac
1528 2579 1560 2617 re
1598 2563 1776 2634 respondeat,

140 2631 199 2685 Vm
209 2633 350 2702 Ᾰιθῖἶθηῑῑ
362 2632 414 2704 (36)
426 2638 476 2703 qui
490 2628 801 2703 ⁰⁰9710mlll⁰b⁰²¹¹r⁰t⁷f⁰
816 2653 934 2705 ²²?“il²“·
975 2651 1100 2707 solentes
1113 2653 1184 2706 seire
1194 2657 1325 2706 utranam
1340 2652 1378 2707 ιιι
1391 2651 1492 2706 melior
1502 2651 1566 2706 vitae
1579 2650 1707 2706 retiola
1726 2667 1776 2707 au·

297 2729 398 2788 ῖῑιῑῶν
415 2725 444 2777 id
458 2728 527 2778 2³²ss
544 2725 769 2792 ⁷229⁰²w²⁰r²⁶2l³
974 2746 1033 2796 tem
1047 2741 1087 2795 eis
1101 2741 1185 2796 dicit:
1198 2741 1315 2812 Utrique
1329 2746 1396 2796 sunt
1409 2739 1524 2812 perfecti
1532 2739 1607 2812 apud
1617 2740 1718 2795 Deum.
1732 2741 1776 2796 Al·

168 2825 288 2889 Quidam
315 2828 480 2900 Apollonius
508 2830 620 2883 nomine
648 2823 697 2882 ἀπὸ
724 2833 928 2898 πραγματευτῶν,
973 2834 1018 2884 ter
1027 2830 1142 2900 quidem
1150 2830 1264 2885 functus
1274 2836 1317 2884 est
1341 2846 1459 2884 munere
1472 2829 1601 2895 Abrahae,
1614 2829 1659 2900 qui
1678 2845 1775 2886 omnes

130 2912 227 2980 idest,
244 2932 262 2970 a
275 2918 506 2988 negotiatoribus,
528 2934 592 2972 cum
607 2917 711 2971 mundo
730 2916 929 2984 renuntiasset,
970 2917 1123 2989 excipiebat
1136 2918 1223 2984 ;alter
1237 2934 1301 2972 vero
1322 2918 1445 2989 suscepit
1459 2917 1655 2972 firmissimum
1670 2923 1699 2972 et
1712 2933 1777 2973 con-

130 3006 160 3056 et
174 3010 300 3060 montem
318 3007 416 3061 Nitriae
431 3007 595 3072 habitasset,
613 3010 642 3060 et
653 3023 705 3060 nec
717 3010 809 3059 artem
823 3005 930 3060 discere
970 3007 1178 3062 stantissimum
1188 3006 1279 3062 zelum
1289 3006 1356 3061 Eliae
1371 3005 1524 3077 prophetae,
1536 3005 1630 3060 utlieo
1640 3005 1774 3076 placeret.

129 3103 237 3171 posset,
253 3113 305 3151 nee
321 3097 438 3162 litteras,
457 3096 532 3167 quod
541 3101 623 3151 aetate
640 3101 714 3149 esset
727 3100 882 3166 provectus,
895 3094 962 3159 ιἰ-(ι
973 3096 1009 3151 Ει
1021 3113 1086 3151 eum
1100 3096 1150 3151 alii
1158 3096 1272 3166 quidem
1292 3095 1318 3149 ei
1332 3095 1475 3149 dicerent:
1489 3093 1634 3158 Quomodo
1645 3093 1708 3148 sieri
1724 3110 1774 3166 po·

128 3188 202 3258 ginti
220 3186 301 3241 annis
314 3185 416 3257 quibus
426 3186 492 3240 vivit
505 3185 534 3239 in
549 3189 653 3250 monte,
664 3185 737 3238 hane
746 3183 931 3238 habuitexer-
973 3188 1038 3250 test,
1052 3184 1105 3249 die,
1120 3200 1290 3255 quaesumus,
1302 3183 1383 3237 uobis
1397 3183 1482 3254 pedes
1492 3187 1556 3238 tuos
1568 3181 1773 3253 attingentibus

129 3277 302 3331 citationem.
328 3275 391 3329 Suis
412 3274 537 3346 pecuniis
552 3280 580 3328 et
603 3274 661 3328 suis
684 3273 827 3328 laboribus
836 3289 933 3328 emens
973 3271 1039 3340 ab),
1053 3280 1085 3327 ut
1101 3274 1129 3327 hi
1144 3274 1202 3327 sint
1215 3273 1346 3344 aequales.
1360 3274 1486 3343 Cumque
1499 3272 1547 3326 alii
1559 3271 1772 3326 exercitatorem

128 3364 303 3421 Alexandria
318 3380 385 3419 rasa
400 3364 509 3418 medica
523 3379 606 3417 omne
624 3361 784 3434 genesiii),
796 3362 932 3417 universa
973 3363 1136 3433 praeferrent
1143 3367 1172 3416 et
1181 3362 1321 3415 dicerent:
1333 3362 1507 3430 Praecptum
1516 3359 1642 3431 implerit
1655 3375 1772 3430 evange·

129 3454 303 3509 fraternitati
317 3469 351 3506 ea
369 3453 567 3524 suppeditabat
581 3453 617 3506 ad
630 3451 741 3507 morbos
757 3471 763 3505 ι
782 3458 811 3505 et
832 3451 934 3506 licebat
973 3450 1159 3522 licum,utqui
1169 3451 1264 3506 omnia
1271 3450 1427 3504 vendiderit
1434 3455 1462 3504 et
1470 3449 1580 3503 dederit
1590 3448 1769 3520 pauperibus,

129 3558 195 3597 eum
208 3541 302 3595 videre
312 3558 329 3595 a
338 3541 496 3612 primaluec
508 3556 596 3612 usque
609 3541 643 3594 ad
654 3541 753 3595 horam
763 3556 867 3593 nonam
879 3539 936 3594 dis·
975 3546 1056 3596 noctu
1073 3547 1101 3595 et
1110 3541 1157 3595 diu
1169 3555 1349 3611 perseverans
1363 3540 1392 3593 in
1407 3538 1590 3605 orationibus,
1604 3554 1716 3593 erucem
1727 3537 1770 3592 fe-

130 3636 290 3687 curreutem
306 3630 434 3684 obeundo
458 3630 638 3689 monasteria.
662 3635 690 3684 et
712 3630 817 3683 ostium
840 3629 932 3699 ingre·
972 3647 1047 3697 rens,
1063 3636 1093 3685 et
1104 3646 1225 3700 sequens
1240 3630 1435 3695 Servatorem3
1452 3633 1550 3683 contra
1562 3632 1658 3682 autem
1673 3627 1721 3682 alii
1734 3626 1768 3682 de

128 3721 264 3786 dientem,
273 3725 302 3775 et
310 3719 447 3774 visentem
458 3736 525 3774 num
536 3718 930 3789 quisdecumberet.P0rtabat
971 3719 1059 3775 altero
1069 3720 1279 3785 contenderent,
1295 3718 1440 3773 dicentes:
1456 3717 1517 3783 llic,
1534 3715 1713 3772 obsecramus
1728 3721 1766 3782 te,

128 3816 226 3865 autem
240 3826 322 3863 uvam
335 3825 455 3880 passam,
472 3809 546 3862 mala
561 3796 860 3879 punica,ora,'panem
871 3807 929 3862 sili·
968 3812 1011 3862 tot
1027 3815 1056 3862 et
1076 3807 1144 3862 talia
1159 3807 1264 3862 viscera
1287 3806 1410 3861 ostendit
1433 3806 1464 3860 in
1482 3821 1580 3860 omnes
1596 3809 1721 3876 egentes,
1736 3810 1770 3859 ut

127 3900 252 3971 gineurm
270 3905 299 3953 et
309 3916 342 3953 ea
352 3899 453 3969 quibus
468 3914 537 3969 opus
548 3897 652 3951 habent
663 3897 771 3967 aegroti.
783 3898 861 3950 llanc
874 3896 927 3951 sibi
969 3897 1059 3952 exiret
1073 3903 1102 3951 et
1111 3897 1221 3952 sederet
1234 3896 1264 3950 in
1279 3895 1329 3949 viis
1344 3895 1441 3966 regiis,
1457 3899 1486 3949 et
1499 3894 1548 3966 qui
1567 3898 1649 3948 erant
1670 3892 1767 3948 ulllieti

127 3989 317 4045 conferentem
334 3987 439 4042 invenit
447 3987 509 4041 ritae
522 3987 660 4041 rationem
671 4001 759 4056 usque
773 3986 809 4040 ad
818 3985 928 4041 senium
968 3984 1122 4054 colligeret,
1138 3990 1167 4038 et
1180 4001 1263 4055 opem
1276 3984 1363 4038 ferret
1378 4002 1385 4050 ;
1397 3985 1466 4039 218
1476 3998 1567 4052 neque
1581 3983 1671 4037 solum
1685 3997 1767 4036 suam

128 4079 234 4134 Christi
244 4095 353 4133 sersus.
368 4076 422 4140 Qui
437 4081 589 4130 comesset
605 4068 769 4138 moriturae,
784 4073 864 4128 alteri
875 4074 928 4128 sibi
969 4073 1105 4127 recrearit
1117 4073 1250 4137 animam,
1262 4073 1311 4126 sed
1331 4072 1416 4127 etiam
1436 4071 1566 4137 aliorum,
1582 4076 1701 4141 aegrotos
1717 4087 1767 4125 cu·

128 4167 215 4223 ιιιιιιιι
225 4185 274 4222 sna
284 4166 398 4238 reliquit
405 4166 512 4230 frivola,
522 4181 623 4235 rogans
637 4181 701 4218 cuni
710 4169 742 4218 ut
754 4164 827 4217 idem
838 4163 929 4217 obiret
969 4179 1045 4228 rans,
1061 4162 1141 4216 ateis
1154 4162 1225 4216 dans
1237 4160 1385 4216 analium.
1400 4159 1436 4213 Et
1452 4158 1521 4213 dicit
1533 4157 1631 4212 beatus
1640 4156 1764 4212 Pambo:

128 4256 328 4312 ministerium.
340 4257 364 4310 N
367 4272 412 4309 ain
427 4254 620 4325 cumquinque
630 4252 717 4307 millia
726 4253 929 4307 monachorum
968 4253 1077 4306 Rursus
1091 4250 1168 4304 robis
1183 4250 1273 4304 dicam
1290 4267 1295 4301 :
1314 4247 1396 4303 ambo
1405 4252 1472 4301 sunt
1485 4262 1567 4317 pares
1580 4245 1656 4317 apud
1670 4245 1765 4300 Domi·

128 4345 209 4400 illum
223 4350 346 4400 montem
360 4344 497 4408 habitent,
514 4344 564 4397 tali
577 4359 689 4413 quoque
705 4359 775 4413 opus
791 4347 835 4397 est
847 4358 929 4396 cura·
969 4356 1047 4405 num,
1058 4339 1208 4409 unicuique
1226 4343 1321 4392 eutem
1337 4341 1460 4391 restrum
1475 4335 1509 4390 de
1524 4335 1560 4389 iis
1583 4333 1764 4392 satisfaciam.

128 4435 216 4501 tione,
228 4434 302 4505 quod
313 4434 350 4489 sit
362 4434 440 4488 locus
454 4434 591 4487 desertus.
935 4422 1018 4484 DHic
1036 4429 1059 4482 si
1078 4444 1134 4483 non
1149 4444 1238 4498 usque
1255 4427 1325 4481 adeo
1344 4442 1374 4479 se
1391 4423 1570 4491 exercuisset,
1585 4439 1642 4478 non
1668 4421 1767 4478 suisset

360 4555 490 4611 ΟΛΡῙΤΛ
504 4556 552 4610 xv
563 4556 607 4610 ΕΤ
621 4556 694 4610 m
967 4517 1069 4588 dignus
1080 4521 1112 4572 ut
1121 4517 1200 4572 illum
1209 4515 1328 4571 bonitati
1338 4514 1414 4569 illius
1427 4528 1628 4584 compararem.
1643 4511 1693 4567 Ille
1706 4527 1768 4566 rur·

967 4627 1015 4664 sus
1025 4610 1073 4680 qui
1096 4610 1242 4665 recreabat
1255 4626 1287 4664 ac
1300 4607 1443 4663 reficiebat
1469 4607 1603 4678 hospites,
1620 4611 1649 4660 et
1671 4603 1767 4675 egenis

349 4684 408 4736 Vita
421 4684 516 4736 Pffsstt'l'
526 4686 549 4735 tl
560 4684 638 4736 1⁸05&
650 4678 715 4751 l3ssl·
968 4698 1159 4764 ministrabat,
1169 4704 1298 4754 ostensus
1312 4698 1479 4753 estDomino
1493 4713 1543 4767 pro
1557 4694 1663 4750 viribus
1676 4709 1769 4765 oequa·

163 4789 347 4844 AliiPeeesius
360 4789 483 4843 etlsaias
497 4787 734 4843 nomineluerunt
755 4788 864 4853 iratres,
882 4803 928 4859 pe·
969 4787 1014 4842 lis.
1032 4789 1094 4858 lpse
1119 4787 1194 4841 enirn
1211 4787 1298 4841 dixit:
1312 4786 1369 4856 Ego
1383 4801 1439 4839 non
1454 4783 1517 4838 veni
1539 4782 1702 4849 ministrari,
1718 4781 1769 4837 sed

128 4884 172 4936 tre
180 4885 335 4934 mercatore
350 4877 499 4950 llispanico
514 4876 635 4948 (39),qui
649 4877 763 4947 quidem
775 4893 838 4932 cum
849 4881 930 4948 pater
969 4872 1130 4928 ministrare
1140 4873 1247 4939 (ιιιιιιι.
1263 4872 1322 4942 xx).
1339 4871 1391 4924 Hic
1406 4886 1472 4940 ergo
1486 4868 1615 4923 minister
1627 4867 1680 4922 etsi
1694 4866 1769 4922 ride-

128 4984 227 5024 eorum
242 4973 316 5023 esset
327 4973 465 5033 mortuus,
478 4967 632 5020 diviserunt
647 4967 793 5021 facultates
804 4982 873 5036 quas
882 4966 930 5019 ha·
970 4961 1053 5016 batur
1062 4961 1166 5015 hahere
1180 4975 1250 5014 onus
1262 4976 1295 5014 ex
1321 4957 1426 5023 labore,
1440 4963 1565 5011 attamen
1581 4973 1613 5011 ex
1624 4956 1684 5027 ipso
1698 4971 1768 5026 que-

127 5053 252 5111 bebant
246 5070 275 5108 ιιι
289 5052 463 5108 mobilibus
477 5052 506 5105 in
521 5051 644 5106 nummis
672 5050 786 5121 quidem
806 5052 930 5121 quinque
971 5067 1025 5121 que
1039 5050 1139 5104 habuit
1151 5048 1363 5104 recreationem
1382 5047 1547 5117 Exspectate
1562 5051 1656 5100 autem
1671 5045 1770 5117 paulu-

128 5144 250 5210 miliia,
243 5161 272 5197 ιιι
288 5142 409 5197 restibus
423 5145 557 5197 autemet
573 5140 659 5194 ιιιιιι
675 5157 748 5226 quae.
751 5140 862 5215 inventa
874 5139 931 5194 lue·
971 5141 1040 5204 luni,
1057 5144 1088 5193 ut
1100 5155 1117 5192 a
1131 5139 1188 5192 Deo
1198 5153 1310 5209 quoque
1324 5136 1359 5189 de
1374 5135 1417 5189 his
1427 5134 1544 5188 habeam
1559 5134 1767 5200 revelationem,

128 5241 203 5288 rant.
233 5234 256 5287 li
271 5234 346 5287 mter
359 5249 389 5286 se
404 5230 604 5295 deliberarunt,
623 5234 652 5282 et
667 5228 720 5284 sibi
741 5201 928 5303 beneolentes,
971 5236 1000 5284 et
1014 5234 1111 5300 postea
1124 5226 1290 5281 seretiseum
1305 5223 1447 5278 veneritis.
1459 5223 1631 5279 Intermissis
1640 5239 1708 5294 ergo
1720 5221 1769 5276 ali

128 5319 274 5375 dicebant·
287 5320 434 5384 Quodnam
449 5318 509 5373 vitae
523 5317 572 5372 iter
585 5316 786 5387 ingrediemur
797 5316 848 5371 osi
849 5316 931 5371 aterl
972 5315 1296 5391 quotdiebusredierunt
1299 5311 1767 5384 ,dehisMagnumillumrogantes

130 5410 160 5466 si
175 5425 353 5464 exerceamus
363 5416 550 5462 mercaturam
566 5423 649 5478 quarn
660 5410 707 5477 pat
708 5421 739 5458 er
749 5410 845 5460 noster
853 5419 932 5459 exer
972 5408 1062 5461 Senex
1076 5410 1169 5460 autem
1181 5403 1327 5474 respondit
1335 5402 1400 5464 illis
1407 5401 1518 5456 dicens:
1530 5403 1604 5456 Ante
1617 5402 1702 5454 ileum
1716 5395 1771 5465 (ιι)

128 5500 198 5565 cuit,
213 5516 264 5554 nos
274 5499 465 5569 relinquemus
479 5496 541 5551 alus
552 5501 663 5551 nostros
678 5495 798 5561 labores,
814 5501 843 5549 et
857 5495 930 5550 sorte
972 5495 1049 5550 robis
1063 5495 1182 5565 loquor3
1197 5492 1254 5547 ridi
1277 5497 1411 5564 utrosque
1442 5491 1525 5546 simul
1548 5494 1654 5545 stantes
1681 5487 1710 5540 in
1725 5501 1771 5557 pa-

131 5588 215 5645 ncide
224 5605 288 5644 mus
303 5587 332 5644 in
347 5587 473 5660 pericula
488 5586 532 5641 vel
546 5585 690 5642 latronum
704 5585 747 5641 vel
761 5584 858 5644 maris.
872 5584 932 5656 rige
972 5584 1077 5641 radiso.
