3818 6120
130 259 182 318 587
644 249 690 304 DE
708 248 803 305 VITIS
822 249 970 308 PATRUM
988 251 1095 306 LIBER
1113 247 1257 305 PRIMUS.
1538 236 1556 243 '⁸
1713 247 1768 303 588

132 402 196 442 cum
208 382 260 457 ipsi
270 378 444 438 consideratu
458 373 752 446 quemrobispraecsse
768 389 800 427 ac
811 389 928 444 regnum
938 375 961 434 A
971 373 1000 427 in
1016 374 1116 428 coelum
1131 371 1305 438 tendentem,
1322 387 1354 425 ac
1371 375 1456 427 sexte
1479 371 1554 426 horre
1576 370 1769 443 precationem

132 475 259 532 obtinere
272 469 372 526 velitis.
384 468 446 521 luni
461 464 536 520 enim
552 463 581 519 in
591 463 702 519 Domini
711 463 855 517 voluntate
868 480 928 534 per·
969 462 1173 533 persolventem
1186 460 1362 517 invenerunt.

131 564 196 620 fecti
210 561 286 622 estis,
302 555 520 627 necquidquam
534 569 566 608 cx
580 551 669 624 ipsius
683 551 828 623 praeceptis
851 551 928 606 robis
1004 552 1160 623 Conspectu
1175 555 1270 605 autern
1281 568 1323 617 eo,
1342 551 1502 607 circumfusi
1519 542 1628 618 cufim,
1642 566 1707 607 cum
1727 553 1769 606 la·

132 652 270 709 occultum
282 652 337 705 est.
354 647 387 700 ln
400 645 445 698 his
457 642 608 707 ambulate,
624 658 675 695 nec
685 641 727 695 vel
738 640 774 694 ad
784 640 929 695 dexteram
971 640 1075 711 crymis
1090 656 1154 694 eum
1168 638 1362 706 obsecrabant,
1385 657 1417 695 ac
1436 639 1589 696 discessum
1612 640 1667 712 ipsi
1690 638 1770 710 obje.

131 740 174 796 vel
186 739 220 794 ad
231 736 374 792 sinistram
387 732 535 787 declinate.
551 731 591 785 Ac
604 730 679 784 Deus
698 730 773 801 pacis
788 730 871 783 velim
893 728 930 783 sit
971 728 1093 783 ciebant.
1126 731 1164 784 At
1188 728 1244 793 ille,
1273 730 1356 794 Quid,
1379 730 1481 802 inquit,
1509 731 1624 786 inanem
1649 729 1776 784 laborem

131 846 194 885 cum
209 825 339 882 omnibus
352 823 439 878 vobis.
971 818 1134 890 suscipitis?
1148 819 1207 873 Nec
1221 818 1296 873 enim
1311 820 1440 890 estquod
1453 836 1502 874 vos
1522 836 1567 874 me
1583 836 1680 891 regem
1700 819 1778 874 ultra

166 920 269 973 llaecut
280 914 358 986 plebs
368 909 483 976 audivit,
492 909 631 965 tumultus
642 909 778 963 statimac
785 909 927 979 strepitus,
972 907 1119 963 habituros
1133 924 1193 962 esse
1208 907 1336 979 speretis.
1347 909 1441 964 Nihilo
1453 911 1544 964 secius
1558 914 1655 964 tamen
1675 925 1776 963 eorum

131 1010 285 1080 ingensque
297 1005 440 1058 clamoret
451 1000 576 1055 confusio
587 1003 684 1053 exorta
695 1003 745 1062 est,
756 998 931 1069 plorantibus
972 996 1079 1067 ingenti
1094 996 1267 1052 contentioni
1280 998 1391 1060 cedens,
1407 998 1443 1052 ad
1461 998 1598 1070 palatium
1611 996 1774 1059 revertitur,

131 1096 272 1162 omnibus,
284 1099 368 1164 atque
378 1090 527 1144 orbitatem
537 1105 617 1143 suam
628 1087 849 1158 deplorantibus.
857 1087 931 1152 Quin
972 1086 1130 1157 coactisque
1145 1087 1174 1141 in
1185 1103 1272 1141 unum
1283 1087 1423 1155 omnibus,
1434 1088 1501 1159 quid
1511 1088 1540 1141 in
1551 1087 1645 1142 animo
1656 1085 1776 1141 haberet

131 1175 746 1256 etiampraeterluctusetejulatusilludetiam
749 1177 934 1247 jurejurando
976 1176 1137 1242 declararit,
1155 1192 1187 1231 ac
1201 1184 1299 1248 postea
1317 1177 1574 1250 interpositoetiam
1585 1176 1775 1247 jurejurando

132 1274 322 1338 alllrmabant,
339 1286 400 1325 sese
415 1269 494 1323 illurn
505 1268 622 1322 minime
638 1266 813 1332 dimissuros,
830 1267 931 1320 sedre·
975 1281 1133 1320 sermonem
1147 1266 1333 1332 confirmavit,
1343 1282 1444 1339 nempe
1458 1283 1488 1321 se
1500 1267 1616 1337 posthac
1631 1282 1667 1320 nc
1683 1281 1774 1319 unum

132 1371 270 1428 tenturos,
285 1376 336 1416 nec
353 1356 501 1414 secedendi
516 1361 684 1428 potestatem
708 1356 765 1433 ullo
781 1356 863 1409 modo
878 1355 931 1427 ipsi
974 1355 1086 1425 quidem
1097 1355 1243 1410 diemcum
1253 1355 1320 1427 ipsis
1335 1355 1411 1410 fore:
1426 1357 1482 1427 Ego
1497 1356 1579 1410 enim.
1597 1353 1702 1426 inquit,
1712 1371 1774 1408 meo

131 1455 263 1510 facturos.
274 1451 320 1506 Sic
331 1446 586 1517 clamantepopulo,
597 1444 929 1516 atqueomnibusmagis-
972 1460 1039 1514 erga
1052 1461 1103 1498 vos
1117 1445 1275 1499 ministerio
1288 1445 1451 1517 perfunctus
1465 1461 1537 1511 sum,
1551 1461 1603 1498 nec
1617 1443 1773 1516 quidquam

132 1541 261 1608 cratibus,
278 1538 417 1610 excipiens
429 1552 478 1591 rex
493 1534 641 1606 populares
662 1533 822 1604 compescit,
844 1533 930 1587 silen-
971 1533 1148 1603 pretermisi,
1169 1550 1220 1588 nec
1230 1533 1395 1605 subterfugi,
1408 1534 1557 1605 quominus
1572 1533 1774 1588 annuntiarem

130 1633 258 1702 tiumque
268 1629 337 1700 ipsis
346 1626 475 1698 imperat,
487 1640 573 1695 seque
582 1622 872 1677 illorumcontertioni
887 1638 930 1676 cc·
972 1621 1125 1690 vobisldct.
1143 1622 1202 1693 xx),
1225 1639 1257 1677 ac
1273 1623 1402 1677 docerem
1416 1622 1568 1678 testificans
1593 1621 1729 1676 omnibus
1747 1621 1777 1677 in

130 1721 197 1776 dere
212 1725 296 1790 atque
304 1716 498 1788 obtemperare
507 1729 644 1778 asserens,
658 1728 714 1777 cos,
727 1712 961 1796 quamvisalio-13
971 1710 1121 1765 Dominum
1135 1717 1264 1767 nostrum
1276 1713 1372 1767 Jesurn
1381 1712 1524 1767 Christum
1536 1712 1630 1774 fidem,
1641 1728 1676 1765 ac
1689 1711 1777 1782 poeni·

130 1811 179 1883 qui
191 1812 345 1865 moerentes
354 1810 439 1876 atque
451 1802 572 1874 ejulatus
580 1802 661 1871 signa
672 1801 701 1854 in
711 1800 928 1871 genisferentes,
971 1801 1067 1855 tentiae
1087 1801 1160 1855 viam
1182 1801 1341 1856 ostendens.
1365 1802 1404 1856 Ac
1427 1818 1501 1855 nunc
1526 1817 1576 1871 ego
1603 1799 1678 1855 viam
1706 1800 1778 1855 hanc

130 1900 246 1955 domurn
254 1894 383 1951 remittit.
393 1894 456 1964 lpse
471 1897 566 1946 autem
587 1904 675 1944 unum
695 1906 727 1943 ex
746 1890 928 1961 principibus,
972 1891 1044 1954 ineo,
1061 1906 1146 1961 quam
1156 1890 1215 1959 jam
1230 1890 1338 1962 pridem
1359 1890 1532 1963 expetebam,
1558 1907 1611 1944 nec
1634 1890 1714 1944 ultra
1736 1889 1776 1944 ia·

131 1986 351 2059 quenipsetum
361 1980 483 2053 pietatis,
499 1985 560 2035 tum
574 1979 636 2034 vitae
651 1979 807 2033 sanctitatis
818 1979 930 2033 nomine
972 1980 1044 2032 ciem
1056 1996 1148 2034 meam
1160 1980 1311 2051 quisquam
1320 1985 1444 2035 restrum
1459 1979 1573 2034 ridebit.
1587 1980 1775 2050 Quapropter,

130 2067 931 2148 plurisomnibusiaciebat,admirationequeprosequeba-
972 2074 1004 2122 ut
1018 2069 1104 2122 divini
1124 2070 1251 2140 Apostoli
1275 2069 1367 2123 verbis
1386 2074 1461 2134 utar,
1487 2074 1702 2124 contestarios
1728 2067 1775 2122 ho·

130 2170 187 2231 tur,
202 2164 254 2218 huc
269 2168 313 2218 est
326 2159 502 2224 Barachiam,
517 2158 597 2229 cujus
612 2157 697 2212 etiam
716 2157 854 2229 superius,
867 2174 930 2212 cum
972 2157 1070 2212 dierno
1085 2158 1140 2224 die,
1157 2159 1232 2230 quod
1242 2160 1364 2214 mundus
1379 2175 1430 2229 ego
1449 2174 1512 2212 sum
1526 2176 1543 2212 a
1557 2157 1699 2228 sanguine
1714 2174 1772 2211 om-

132 2254 245 2308 Nachor
260 2250 440 2306 Barlaamum
456 2265 486 2303 se
501 2263 562 2301 esse
574 2246 710 2301 simulans
725 2263 789 2301 cum
810 2246 932 2318 philoso-
972 2247 1051 2301 nium
1066 2253 1199 2303 vestrum.
1213 2248 1276 2303 Non
1286 2248 1362 2303 enim
1372 2247 1537 2318 subterfugi,
1555 2247 1711 2318 quominus
1725 2262 1772 2301 an-

130 2341 194 2415 phis
208 2339 371 2412 disputavit,
389 2336 472 2392 verba
486 2335 612 2401 fecimus,
624 2352 764 2406 quemque
776 2336 930 2390 solumzelo
972 2337 1132 2392 nuntiarem
1144 2337 1221 2392 robis
1236 2337 1383 2392 consilium
1398 2337 1459 2391 Dei.

130 2430 224 2486 divino
233 2429 346 2502 penitus
355 2428 523 2497 flagrantem
532 2423 660 2495 abipsius
671 2423 795 2495 partibus
806 2425 928 2490 stetisse,
1008 2427 1072 2481 llaec
1082 2426 1121 2480 illi
1134 2427 1291 2487 audientes,
1305 2444 1340 2482 ac
1353 2427 1498 2482 sententiae
1509 2425 1600 2498 ipsius
1609 2425 1769 2480 firmitatem

130 2526 216 2593 atque
227 2519 262 2572 ad
276 2515 496 2588 disputationem
506 2513 638 2567 adversus
649 2513 710 2566 illos
720 2513 872 2567 ineundam
885 2530 931 2584 pa·
972 2516 1145 2586 exploratam
1160 2515 1305 2583 habentes,
1321 2532 1422 2588 nempe
1437 2515 1511 2587 quod
1525 2531 1593 2570 cum
1613 2530 1631 2568 a
1645 2520 1769 2585 suscepto

129 2614 226 2665 retum
240 2606 326 2661 luisse
338 2604 468 2669 diximus,
485 2602 568 2667 hunc,
585 2601 709 2673 inquam,
723 2602 840 2656 remotis
856 2601 930 2656 arbi·
972 2605 1088 2658 consilio
1100 2622 1229 2660 revocare
1239 2605 1355 2661 minime
1365 2603 1645 2677 possent,orbitatem
1661 2602 1769 2677 quidem

130 2697 191 2764 tris,
206 2699 393 2766 assumptum,
420 2691 523 2746 blande
542 2707 574 2744 ac
593 2690 696 2745 leniter
718 2691 855 2746 allocutus
877 2697 929 2757 est,
973 2711 1053 2748 suam
1068 2694 1262 2766 deplorabant,
1282 2712 1333 2750 nec
1347 2701 1443 2750 tanuen
1464 2695 1521 2749 ullo
1544 2692 1630 2748 modo
1654 2709 1720 2747 eum
1739 2692 1769 2746 de

131 2784 295 2856 obnixisque
310 2781 448 2855 precibus,
464 2785 497 2834 ut
511 2796 628 2850 regnum
638 2780 786 2852 acciperet,
802 2786 886 2851 atque
900 2781 931 2837 in
972 2784 1111 2839 sententia
1125 2784 1309 2840 deducebant.
1321 2785 1392 2839 Tum
1405 2790 1500 2838 autern
1514 2779 1770 2837 rexBarachiamil·

130 2874 232 2931 timore
243 2873 293 2929 Dei
308 2871 416 2944 plebem
427 2886 508 2925 suam
518 2875 628 2940 regeret
635 2869 799 2923 obsecrabat
809 2870 929 2941 quoipse
971 2873 1039 2936 lum,
1056 2874 1091 2928 de
1106 2891 1161 2945 quo
1187 2891 1274 2946 supra
1296 2874 1383 2929 locuti
1410 2891 1516 2935 sumus,
1541 2887 1629 2927 manu
1650 2877 1766 2927 tenens:

129 2964 333 3036 adexpetitum
348 2962 403 3016 iter
416 2977 446 3014 se
461 2959 627 3029 accingeret.
970 2963 1060 3028 Hunc,
1078 2963 1208 3035 inquito
1231 2962 1340 3028 fratres,
1368 2963 1442 3018 hunc
1461 2962 1538 3017 robis
1566 2978 1665 3033 regem
1694 2976 1764 3016 creo.

163 3054 200 3109 Ut
211 3058 380 3108 autemeam
390 3053 567 3114 renuentem,
578 3053 662 3119 etque
673 3048 747 3101 istud
756 3049 871 3102 omnino
883 3064 928 3101 rc·
942 3058 963 3118 C
974 3053 1101 3123 Cumque
1115 3053 1161 3107 ille
1175 3053 1312 3123 ejusmodi
1327 3053 1367 3106 rei
1376 3053 1557 3106 uehementer
1571 3051 1768 3114 obluctaretur,

129 3139 377 3215 pudiantemridit,
387 3136 586 3209 hisqueverbis
594 3141 718 3191 utentem
728 3155 734 3190 :
744 3137 831 3203 Orer,
843 3154 928 3209 quam
969 3141 1087 3195 inritum
1101 3158 1165 3196 eum
1180 3158 1213 3195 ac
1227 3147 1431 3213 repugnantem
1447 3142 1475 3195 in
1487 3140 1564 3211 regio
1580 3139 1770 3195 thronocollo-

129 3232 295 3289 istudtuum
306 3228 446 3300 iudicium
457 3227 583 3297 iniquum
593 3232 644 3292 est,
660 3242 745 3297 quam
760 3232 825 3281 tuus
836 3243 928 3281 sermo
969 3236 1023 3294 cat,
1039 3231 1183 3302 ipsiusque
1196 3231 1281 3303 capiti
1297 3230 1427 3285 diadema
1444 3230 1572 3301 imponit,
1588 3236 1676 3300 atque
1689 3243 1770 3283 annu-

129 3321 221 3376 dirino
237 3316 370 3374 mandato
381 3333 480 3389 parum
490 3319 694 3370 consentaneus
704 3335 710 3383 3
720 3332 785 3370 nam
797 3333 929 3388 cumpro
970 3320 1029 3374 lum
1045 3321 1155 3390 regium
1171 3321 1224 3392 ipsi
1233 3321 1261 3374 in
1271 3337 1386 3374 manum
1398 3319 1515 3391 praebet.
1530 3320 1624 3389 Atque
1636 3317 1769 3373 adOrien·

129 3411 236 3467 almum
251 3425 308 3463 non
323 3423 404 3463 secus
419 3423 451 3460 ac
464 3405 588 3476 teipsum
603 3422 698 3459 amare
720 3406 856 3468 docearis,
874 3422 929 3476 qua
969 3414 1027 3462 tem
1043 3416 1130 3473 stans,
1146 3426 1196 3481 pro
1219 3426 1285 3480 rege
1304 3426 1400 3481 preces
1420 3408 1502 3474 fudit,
1530 3408 1583 3462 hoc
1605 3406 1735 3462 videlicet
1755 3421 1770 3459 a

129 3500 243 3555 tandem
253 3497 362 3552 ratione
373 3495 512 3549 sarcinam
524 3511 693 3565 eam,quam
704 3502 733 3549 tu
746 3494 930 3565 abjicerestu·
969 3498 1028 3551 Deo
1043 3499 1198 3569 postulans,
1223 3505 1256 3553 ut
1279 3499 1330 3554 Dei
1355 3499 1438 3553 fidem
1465 3501 1630 3552 constanter
1655 3500 1768 3559 teneret

130 3589 189 3655 des,
205 3586 274 3642 mihi
285 3585 430 3656 imponere
444 3582 584 3637 festinas?
603 3599 668 3637 nam
684 3583 707 3636 si
721 3584 799 3654 regio
812 3600 928 3639 munera
970 3602 1003 3640 ac
1017 3587 1121 3642 Christi
1135 3590 1333 3643 mandatorum
1349 3588 1404 3641 iter
1418 3587 1453 3641 ab
1465 3587 1542 3641 omni
1557 3587 1633 3640 tlexu
1651 3573 1769 3640 alienum

128 3670 930 3747 fungibonumest,ipsequodbonumeatretine;sinautem
972 3675 1119 3731 inveniret.
1136 3677 1239 3732 Adhac
1264 3679 1403 3749 preclaro
1426 3676 1511 3732 etiam
1534 3680 1621 3746 atque
1645 3674 1770 3729 universo

131 3761 410 3819 offendiculumistud
421 3776 453 3814 ac
461 3759 624 3815 scandalum
632 3759 717 3814 animi
727 3765 778 3827 est,
789 3761 856 3831 quid
863 3762 931 3817 mihi
971 3781 1057 3835 grege
1070 3772 1200 3837 precatus
1215 3772 1267 3831 est,
1282 3784 1364 3838 opem
1389 3765 1518 3820 videlicet
1538 3771 1567 3818 et
1585 3763 1724 3818 auxilium
1741 3777 1770 3816 ac

131 3853 199 3908 illud
211 3851 318 3921 objicis,
331 3866 364 3903 ac
375 3865 420 3904 mo
430 3849 459 3903 in
471 3848 598 3903 fraudem
607 3849 931 3920 inducerecupisibtin·
973 3856 1093 3908 salutern
1108 3855 1175 3926 ipsis
1190 3872 1207 3910 a
1221 3857 1279 3910 Deo
1294 3861 1400 3927 petens,
1418 3860 1503 3926 atque
1517 3858 1549 3907 ut
1568 3851 1707 3924 quidquid
1721 3850 1769 3923 ipsi

132 3957 227 4013 quam,
240 3955 305 3994 eum
316 3939 360 3993 his
369 3937 461 3992 verbis
469 3943 595 3991 utentem
602 3943 842 3994 etasseverantem
852 3941 929 4006 vidit,
973 3944 1148 4015 postularent
1158 3944 1193 3998 ad
1208 3945 1357 3999 utilitatem
1374 3944 1578 3999 modemretur.

131 4025 934 4101 cumeoquidemcolloquidestitit:ipseaoeoautemin·
1010 4033 1206 4088 Hacoratione
1230 4033 1335 4098 habita,
1360 4049 1509 4088 conuersus
1533 4032 1569 4086 ad
1592 4030 1767 4096 Barachiam,

129 4114 933 4192 tempestanocteepistolamingentisapienuaplenamat-
974 4121 1030 4176 eit:
1048 4123 1089 4176 En
1104 4122 1164 4185 tibi,
1178 4123 1274 4184 irater.
1290 4121 1511 4194 hocpraecipiam
1526 4119 1602 4191 quod
1623 4118 1769 4191 Apostolus

131 4207 432 4284 queadomncpictatis
440 4221 529 4278 genus
536 4205 775 4277 impellentem,ad
782 4208 931 4279 populares
971 4216 1091 4266 testatus
1105 4219 1163 4267 cst:
1179 4212 1300 4267 Attende
1315 4212 1365 4267 tibi
1381 4212 1444 4283 ipsi,
1461 4217 1489 4265 ct
1500 4210 1635 4265 universo
1649 4209 1729 4280 gregi
1742 4208 1769 4262 ia

130 4302 196 4358 suos
205 4304 312 4364 exarat,
328 4312 429 4368 nempe
436 4311 520 4366 quam
531 4295 566 4349 de
577 4295 634 4348 Deo
647 4296 928 4360 sententiamtcnere,
972 4317 1027 4370 quo
1041 4305 1069 4354 tc
1082 4301 1202 4372 Spiritus
1210 4308 1325 4356 sanctus
1337 4318 1431 4372 regem
1442 4300 1545 4372 posuit,
1553 4305 1586 4353 ut
1602 4298 1708 4354 Christi
1722 4312 1769 4369 po

130 4380 1079 4462 quamipsivitamquasleudes,quasdeniqucgratiarumDpulum,
1105 4406 1189 4461 quem
1211 4391 1322 4462 proprio
1343 4390 1481 4461 sanguine
1508 4387 1668 4459 acquisivit,
1693 4400 1769 4456 regas

130 4480 254 4535 senones
265 4477 365 4532 offerre
374 4473 518 4535 deberent,
529 4472 720 4543 prescribens.
730 4475 883 4545 Acpostea,
895 4491 930 4528 ne
973 4480 1041 4549 (Act.
1056 4482 1112 4546 xx).
1129 4479 1163 4532 ut
1178 4477 1416 4549 quemadmodum
1431 4479 1519 4533 Deum
1532 4481 1599 4530 ante
1613 4491 1660 4530 me
1673 4488 1769 4545 cogno

131 4562 931 4640 quemquamaliumpreterssaruchiamadregiamdigni·
973 4567 1045 4631 visti,
1063 4584 1182 4638 cumque
1200 4584 1270 4639 puro
1286 4568 1379 4623 animo
1404 4573 1432 4622 et
1454 4564 1629 4621 conscicntia
1651 4562 1766 4629 columb,

130 4663 217 4713 tatem
228 4649 595 4724 admitterentprohibebat.
609 4651 792 4722 Hacepistola
805 4652 832 4706 in
851 4653 929 4707 cubi·
971 4655 1012 4709 ita
1024 4672 1099 4711 nunc
1113 4673 1224 4728 quoque
1234 4657 1335 4727 majori
1349 4656 1442 4711 studio
1456 4655 1484 4709 in
1503 4655 1556 4709 hoc
1578 4651 1721 4720 incumbe,
1739 4654 1768 4706 ut

131 4747 193 4800 culo
207 4762 258 4801 suo
270 4745 377 4809 relicta,
390 4739 864 4809 inscientibusomnibusegreditur.
873 4743 930 4796 Nec
970 4742 1024 4816 ipsi
1040 4746 1171 4800 vitaetuae
1187 4746 1309 4800 rationes
1327 4744 1438 4817 probes.
1464 4745 1527 4808 Quo*
1543 4743 1621 4797 enim
1646 4742 1769 4812 majusa
1814 4774 1823 4789 .

54 4821 67 4836 ’
130 4827 928 4904 tumenesllcerepotuitutipsiusdiscessusadextremum
969 4834 1027 4887 Deo
1041 4834 1365 4906 imperiumconsecutus
1377 4851 1417 4900 es,
1432 4850 1465 4889 eo
1477 4848 1589 4905 quoque
1598 4832 1710 4902 majora
1719 4826 1768 4901 ipsi
1802 4848 1823 4878 a

132 4937 220 4992 usque
234 4921 483 4992 incognitusesset.
495 4919 567 4973 Nam
578 4917 662 4972 simul
678 4924 762 4989 atque
780 4919 879 4986 illuxit,
896 4937 929 4976 en
969 4924 1107 4994 rependas
1121 4929 1240 4995 oportet.
1254 4925 1294 4978 Ac
1307 4923 1427 4995 proinde
1439 4920 1631 4994 gratitudinis·
1645 4918 1767 4974 debitum
1794 4934 1823 4969 s

133 5025 178 5063 res
194 5008 292 5063 audita
305 5008 543 5079 perturbationem
559 5023 591 5060 ac
604 5007 709 5060 luctum
724 5006 795 5077 plebi
819 5008 925 5075 attulit,
971 5011 996 5064 ei
1009 5012 1090 5080 cujus
1103 5010 1245 5067 beneflciis
1259 5018 1359 5068 auctus
1373 5029 1403 5066 es
1416 5011 1552 5084 persolve,
1570 5013 1672 5064 sancta
1683 5006 1767 5079 ipsius
1788 5017 1823 5054 ε

132 5112 285 5167 omnesque
299 5112 410 5151 summa
422 5095 564 5151 celeritate
574 5095 609 5149 ad
624 5112 688 5150 eum
702 5095 928 5166 investigandum
969 5108 1106 5172 praecepta
1120 5101 1289 5166 custodiens,
1306 5108 1392 5174 atque
1407 5100 1441 5156 ab
1456 5099 1532 5155 omni
1544 5099 1591 5152 ria
1605 5098 1637 5152 in
1651 5095 1823 5151 exitium:

132 5194 324 5259 perrexerunt,
338 5184 426 5255 ipsius
442 5184 536 5254 lugam
559 5185 636 5238 omni
662 5185 769 5239 ratione
792 5203 927 5257 occupare
968 5189 1088 5245 ducente
1103 5191 1263 5247 dellectens.
1279 5191 1398 5247 Utenim
1412 5189 1482 5244 iniis
1494 5188 1542 5260 qui
1553 5186 1823 5258 narigaatcum...

131 5276 296 5346 cogitantes.
312 5273 374 5337 Quo
388 5273 584 5327 etiamfaetum
599 5279 642 5328 est
655 5281 687 5328 ut
700 5275 825 5329 studium
840 5276 927 5346 ipsius
968 5284 1055 5332 nauta
1066 5279 1204 5351 quispiam
1221 5279 1472 5351 peccaa'exiguum
1486 5279 1520 5332 iis
1533 5276 1582 5348 qui
1595 5274 1682 5330 simul
1697 5271 1820 5329 nari-⁶

132 5368 237 5420 lmstra
248 5361 364 5415 minime
373 5361 497 5415 cesserit.
513 5362 586 5416 Nam
600 5378 664 5416 cum
674 5363 776 5417 itinera
784 5365 928 5419 omniaoc-
968 5374 1037 5437 gant
1055 5368 1256 5423 detrimentum
1272 5369 1372 5435 alieri,
1389 5385 1453 5422 cum
1470 5372 1565 5421 autem
1584 5364 1778 5435 gubernator,

130 5457 290 5527 capessent,
305 5465 338 5504 ac
352 5457 462 5503 montes
474 5465 570 5504 omnes
585 5448 768 5519 obsedissent,
784 5452 928 5525 inviasque
969 5456 1105 5512 universae
1117 5459 1179 5512 navi
1194 5458 1310 5513 exitium
1325 5457 1451 5525 accersit,
1468 5456 1508 5511 ita
1522 5454 1611 5509 etiam
1632 5453 1661 5509 in
1685 5466 1786 5524 reguo

129 5537 929 5615 vellesperagrassent‚interranthuoduminsnmmanus
970 5561 1022 5599 usu
1038 5547 1123 5602 venir.
1145 5553 1175 5602 ut
1199 5564 1262 5603 cum
1285 5547 1422 5620 quispiam
1447 5561 1554 5601 eorum.
1580 5543 1630 5616 qui
1652 5542 1783 5598 subsunt
