3818 6120
135 237 205 298 1065
647 239 688 298 IN
704 239 874 299 enimn
891 239 1032 298 manu
1050 234 1256 296 affluam.
1696 237 1768 301 lfflb

130 365 225 421 Vestis
239 380 351 437 quoque
365 364 541 421 aitmonsehi
553 381 615 438 quaa
629 365 787 423 nuditatem
802 371 831 423 et
845 366 961 439 stigen
970 364 1154 432 Sedrectum,
1170 365 1267 431 inditi,
1285 363 1316 419 id
1330 367 1374 420 est
1386 363 1510 421 ascititii.

129 452 192 493 rem
217 436 345 509 repellat,
361 452 418 492 non
443 436 524 493 inditi
542 436 652 504 coloris,
667 454 724 511 qua
744 439 774 494 in
791 439 930 511 jactantia
1004 436 1126 493 Advorte
1137 436 1233 503 etiam,
1244 435 1445 520 pleraquequae
1455 453 1518 493 cum
1528 434 1767 494 RuffinoPascba-

131 508 272 574 elationis,
290 507 384 563 autin
398 508 521 564 vanitate
531 508 625 564 anima
639 511 801 566 fluctuetur.
819 529 832 564 a
970 508 1029 565 sius
1042 507 1128 563 habet
1140 506 1310 573 communia,
1324 507 1424 562 iisdem
1437 509 1496 563 tere
1509 508 1602 564 verbis
1615 508 1690 582 apud
1701 508 1768 566 Rui-

168 579 336 635 Correxerat
348 578 394 634 hic
406 579 507 635 sciolus
520 580 634 651 quidam
655 583 745 636 indici
762 598 813 654 pro
832 582 928 638 incliti.
970 581 1060 635 tinum
1074 584 1104 634 et
1116 578 1297 635 Paschasium
1311 579 1420 634 haberi.

316 1185 769 1431 LIBER
844 1186 1589 1592 OfflgTAVUS,

385 1636 929 1850 nrsrornn
987 1706 1530 1882 nnosrncn,

353 1937 573 2035 AUCTORE
610 1935 874 2056 PALLADIO,
905 1938 1285 2036 HELENOPOLEOS
1329 1939 1568 2038 EPISCOPO.

479 2092 824 2167 nvrnarnnrn
859 2089 1135 2165 aanrrnno
1168 2092 1436 2170 annuero.

321 2421 397 2518 ΙΝ
448 2418 798 2517 Pnnnnnll
845 2418 1131 2519 clanim
1185 2417 1595 2543 PRAELUDIA,

660 2604 712 2667 E'l'
736 2603 789 2666 DE
808 2601 945 2668 EODEM
964 2602 1079 2667 LlliRO
1105 2603 1261 2668 amun.

835 2827 1095 2973 iecisti.

175 3060 273 3124 088
288 3056 369 3122 Quod
382 3055 453 3112 libro
467 3056 559 3128 primo
573 3060 602 3111 et
621 3056 743 3111 meando
767 3056 959 3129 praestitimus,
983 3060 1188 3125 assuetorum,
1206 3074 1326 3130 quorum
1349 3063 1474 3134 potiores
1490 3065 1522 3121 in
1540 3066 1576 3123 iis
1595 3066 1674 3126 libris
1688 3075 1783 3142 partes

139 3150 233 3215 erant,
244 3146 483 3219 peregrinationes
503 3144 555 3200 snb
573 3160 661 3201 unum
682 3150 826 3217 aspectum
844 3162 879 3201 ex
901 3142 1057 3201 Annalibus
1076 3145 1259 3203 illustrissimi
1274 3149 1424 3208 cardinalis
1443 3152 1557 3211 Baroaii
1576 3154 1781 3230 exhiberemus,

139 3235 217 3292 idem
232 3236 278 3292 hic
296 3241 429 3309 praestare
443 3234 616 3291 conabimur.
635 3234 736 3307 Accipe
749 3234 839 3306 igitur
856 3234 976 3290 Palladii
997 3235 1265 3306 peregrinationem,
1282 3255 1332 3310 per
1351 3256 1440 3299 annos
1458 3247 1488 3299 et
1507 3244 1568 3301 loca
1589 3246 1783 3320 aliquomodo

138 3326 298 3398 generatim
315 3326 464 3398 digestam.
480 3326 552 3381 Nam
567 3324 676 3395 reliqua
695 3323 806 3379 minuta
825 3329 854 3378 et
878 3323 1062 3396 particulares
1086 3330 1238 3382 conventus
1252 3326 1282 3382 in
1295 3328 1385 3400 ipsius
1400 3336 1481 3388 textu
1500 3333 1587 3406 leges.
1603 3336 1741 3410 subjunxi
1753 3346 1784 3396 et

141 3415 271 3473 Melania
282 3415 402 3487 junioris
414 3415 505 3470 varias
518 3412 713 3485 profectiones,
728 3411 765 3466 ad
779 3412 872 3468 lucem
885 3412 1014 3479 Palladii,
1029 3413 1078 3484 qui
1097 3413 1189 3469 obiter
1213 3421 1325 3471 tantum
1345 3419 1472 3490 quadam
1488 3422 1524 3478 de
1545 3425 1607 3496 ejus
1620 3426 1723 3483 itinere
1736 3430 1782 3486 in·

141 3505 246 3561 sinuat.
260 3506 301 3561 De
314 3505 436 3560 Melania
449 3504 568 3570 seniore,
580 3503 661 3573 eujus
674 3501 759 3556 etiam
775 3500 919 3556 Palladius
936 3501 1076 3568 meminit,
1090 3501 1177 3558 habes
1192 3502 1254 3559 fuse
1265 3521 1351 3578 supra
1364 3508 1393 3564 in
1407 3510 1551 3581 praeludiis
1566 3514 1603 3569 ad
1618 3514 1722 3573 librum
1735 3534 1781 3574 se·

139 3594 275 3660 cundum,
291 3610 356 3649 eam
375 3594 410 3648 (le
430 3592 544 3658 Rultlni,
565 3591 613 3664 qui
633 3592 695 3662 ejus
718 3589 784 3646 libri
807 3590 848 3645 vel
870 3595 977 3659 auctor,
992 3591 1037 3644 vel
1059 3591 1200 3663 interpres
1220 3599 1273 3661 est,
1301 3598 1529 3668 peregrinatione
1551 3604 1672 3674 egimus,
1695 3622 1781 3679 quem

138 3682 268 3740 Melaniae
281 3682 364 3738 lateri
375 3682 508 3738 comitem
522 3680 645 3747 haesisse,
662 3685 691 3736 et
709 3679 943 3752 pcegrinationis
955 3680 1017 3751 ejus
1031 3679 1118 3736 fuisse
1134 3681 1252 3749 socium,
1272 3686 1372 3740 statuit
1384 3686 1528 3747 Baronius.

136 3835 1775 3877 ...-........--..-.-.-..........-.—..-..-„„„,„

401 3938 674 3998 PEREGBINATIO
949 3942 974 4003 B
1017 3941 1112 3997 Mirati
1121 3959 1220 3999 sumus
1229 3945 1260 4015 (cl
1274 3945 1397 4018 aliquem
1411 3947 1540 4006 dubitare
1550 3968 1618 4009 num
1631 3954 1781 4014 lricPalla.

980 4028 1043 4084 dius
1056 4029 1131 4085 idem
1143 4031 1180 4087 sit
1189 4049 1254 4088 cum
1266 4032 1314 4088 illo
1330 4051 1413 4106 quem
1422 4035 1508 4092 fuisse
1522 4042 1638 4098 naneae
1650 4043 1779 4104 Galatam

980 4123 1009 4173 et
1016 4119 1189 4189 professione
1201 4121 1394 4193 Origenistam
1403 4132 1518 4183 mactus
1525 4128 1714 4204 Hieronymus
1723 4141 1781 4192 tra·

380 4195 514 4263 Profectio
527 4194 697 4263 Egyptioco.
980 4206 1038 4273 dit3
1059 4223 1122 4263 cum
1136 4208 1212 4264 idem
1226 4209 1287 4280 ipse
1309 4211 1452 4268 Palladius
1467 4231 1500 4270 eo
1525 4223 1727 4279 commentario
1750 4225 1779 4280 id

177 4301 259 4355 Arene
280 4301 385 4355 Christi
404 4299 469 4358 388.
488 4303 601 4364 Boron,
624 4305 645 4353 t.
660 4299 747 4366 lilasi
760 4314 823 4353 eum
841 4314 889 4353 on.
907 4327 939 4338 -
980 4295 1147 4365 profiteatur
1160 4296 1304 4354 hisverbis
1316 4299 1445 4371 (Pallon,
1461 4303 1571 4375 conii)
1585 4323 1591 4359 :
1607 4327 1619 4361 r
1637 4310 1779 4384 Respondi

140 4392 240 4454 689
252 4389 311 4443 Hoc
321 4389 420 4443 eodem
429 4405 503 4444 anno
516 4387 631 4459 [Christi
647 4385 709 4454 388,
722 4386 813 4442 Siricii
823 4402 902 4458 papa
912 4385 938 4451 l,
981 4399 1027 4438 me
1040 4400 1101 4440 esse
1114 4386 1305 4457 peregrinum,
1319 4388 1391 4444 etde
1406 4390 1522 4449 Galatiae
1531 4395 1659 4465 partibus
1670 4401 1776 4471 venire,

140 4475 334 4534 Valentiniani
343 4479 388 4545 13,
401 4469 551 4533 Theodosii
562 4474 715 4548 lOimpp.],
731 4474 783 4531 sub
792 4474 940 4530 consulatu
982 4477 1010 4525 el
1021 4488 1110 4528 unum
1120 4490 1153 4528 ex
1167 4475 1279 4546 Evagrii
1292 4476 1425 4533 fratribus
1441 4496 1501 4537 esse
1520 4484 1662 4542 consessus
1676 4505 1749 4546 sum.
1764 4510 1776 4544 s

141 4566 429 4622 videlicet'llreodosii
439 4565 721 4632 seeundo,Palladius
730 4563 940 4636 Galats,utipse
980 4559 1046 4614 lime
1056 4559 1126 4631 ipse.
1147 4560 1234 4616 Porro
1248 4561 1356 4631 8me
1371 4565 1528 4624 Palladium
1543 4560 1650 4629 scilieet
1664 4581 1693 4631 st
1707 4577 1778 4634 Eva·

140 4660 266 4711 testatur
273 4655 404 4724 (Pollam,
417 4657 450 4710 in
466 4656 601 4719 lausiac,
618 4669 675 4722 cop.
694 4652 730 4719 l),
741 4652 940 4708 Alexandriam
979 4648 1083 4720 grium,
1097 4649 1228 4720 Origenia
1242 4652 1386 4709 erroribus
1399 4654 1486 4712 luisse
1499 4667 1655 4734 corruptos,
1665 4681 1722 4721 non
1731 4667 1779 4723 ob-

140 4743 226 4817 petiit
238 4760 244 4797 :
256 4742 376 4814 quitum
386 4759 420 4797 ex
433 4741 468 4797 iis
479 4758 541 4815 quae
554 4740 593 4796 ibi
603 4755 731 4797 eremum
741 4740 942 4813 Egyptipera-
981 4753 1062 4792 saure
1075 4744 1136 4792 turn
1151 4738 1339 4813 llieronymus
1351 4746 1413 4799 tum
1426 4745 1511 4803 etiam
1519 4748 1693 4822 Epiphanius
1700 4756 1778 4813 astir-

140 4838 241 4904 gratus
261 4831 340 4898 vidit,
355 4838 418 4888 tum
443 4830 479 4887 ab
502 4830 564 4886 aliis
582 4829 698 4896 audivit,
714 4829 827 4900 scripsit
844 4833 943 4900 postea
981 4832 1104 4882 manunt.

142 4921 379 4977 commentarium
394 4921 429 4977 ad
452 4921 576 4976 Lausum
594 4918 776 4992 praelectum
799 4933 885 4991 quarn
906 4917 942 4972 ob
1016 4916 1779 5008 PalladiusigiturEngrioinhumanaejasdsmquoque

141 5009 504 5067 causameumdemlibrum
513 5008 656 5065 interdum
664 5006 942 5079 Lauaiaca(a)appel·
983 5004 1074 5061 morbi
1087 5006 1254 5077 contagione
1274 5008 1438 5078 contabuit;
1459 5013 1494 5069 de
1514 5032 1570 5088 quo
1588 5019 1779 5097 Hieronymus

141 5098 249 5167 larunt,
267 5100 312 5155 cui
328 5105 358 5155 et
371 5098 524 5155 titulusille
533 5099 665 5171 praellxus
678 5096 779 5153 alicubi
790 5095 940 5167 reperitur,
983 5094 1116 5150 adversus
1129 5094 1296 5164 Pelagianos
1302 5112 1398 5167 agens,
1413 5100 1472 5156 hac
1487 5103 1588 5162 habet:
1600 5110 1779 5187 «Palladius,

141 5192 176 5244 ut
188 5189 340 5245 Paradisns
352 5180 555 5259 Heraclidiscb)
564 5187 734 5243 nominetur.
743 5185 847 5241 Mansit
860 5184 905 5239 hie
914 5184 942 5238 in
983 5183 1091 5238 servilis
1099 5183 1374 5254 nequitia,eamdem
1388 5189 1516 5248 heresim
1527 5195 1686 5257 instaurare
1697 5219 1780 5260 cona·

142 5293 239 5332 ereum
249 5294 313 5332 cum
323 5277 442 5349 Evagrio
456 5276 570 5333 Pontico
582 5276 691 5347 aliquot
703 5274 785 5329 annia
795 5274 843 5344 (de
856 5255 972 5327 trien-G
983 5266 1089 5338 tuaest,
1097 5277 1233 5326 etnovam
1242 5275 1435 5334 translationis
1445 5279 1590 5341 liebraica
1599 5289 1668 5344 milri
1676 5292 1781 5348 calum·

141 5367 191 5424 nio
214 5365 254 5422 ibi
276 5367 400 5423 conlecto
423 5367 484 5438 ipse
508 5364 639 5422 meminit
656 5365 788 5430 (Pollam,
811 5378 871 5432 cop.
886 5359 941 5429 12).
984 5359 1062 5415 niam
1076 5365 1207 5415 struere:
1229 5377 1297 5418 num
1317 5370 1346 5419 et
1359 5365 1435 5423 illius
1449 5369 1563 5442 ingenio
1586 5377 1781 5453 nobilitatique

142 5456 233 5513 Porro
247 5454 362 5527 Evagrii
377 5455 483 5512 Pontici
493 5453 704 5520 consuetudine,
720 5451 849 5523 Origenis
865 5466 942 5506 erro·
984 5448 1238 5506 invidimuslnunc
1248 5467 1360 5524 quoque
1370 5460 1534 5530 mysterium
1544 5464 1702 5537 iniquitatis
1712 5485 1781 5542 ope-

143 5545 224 5603 ribus
237 5544 363 5602 imbutus
385 5549 436 5602 est.
985 5543 1065 5595 ratur
1076 5538 1212 5610 (Hieron,
1226 5555 1341 5609 praem.
1365 5547 1471 5604 advers.
1497 5552 1644 5624 Palania
1668 5563 1722 5614 eta.
1737 5554 1781 5617 ob

269 5645 404 5708 Peraea.
426 5643 565 5707 Lxxlll.
1622 5650 1663 5717 34

287 4080 424 4135 elcanan,
446 4079 655 4123 HELENOPOLEOS
665 4078 796 4123 arlacum.
