3818 6120
131 249 185 308 228
648 256 694 312 DE
711 256 806 313 virts
825 255 973 314 paranti
991 252 1098 309 LIBER
1115 248 1261 307 PRIMUS.
1716 244 1772 303 Μ

131 377 180 433 DE
193 379 366 435 DIONYSIO
382 377 516 434 axlauo
550 380 662 435 HUJUS
690 381 784 437 VITAE
804 381 963 441 INTER-A
1100 376 1383 441 l'.llo‹la‚dcralione
1400 374 1502 441 Trina,
1517 388 1576 441 cap.
1592 371 1637 429 45.

467 466 591 520 PRETE.
1007 466 1095 522 Primi
1108 463 1369 520 decemnovennalis
1388 462 1484 517 circuli
1504 479 1587 517 versu
1608 467 1773 533 temporum

971 558 1039 611 ordo
1052 555 1217 628 praefigitur,
1234 570 1319 624 quem
1334 552 1422 606 Graeci
1437 552 1620 606 calculatores
1630 568 1648 605 a
1659 550 1772 606 Diocle·

970 646 1040 700 tiam
1050 644 1185 716 principis
1197 642 1278 696 annis
1287 641 1468 695 observavere
1478 659 1484 708 ;
1496 640 1544 694 sed
1552 640 1715 711 Dionysius,
1728 654 1774 692 ve-

168 730 317 801 Dionysins
331 730 493 798 monachus,
506 732 610 803 Scytha
619 733 732 787 natione
747 735 797 789 scd
805 733 929 791 moribus
970 734 1103 790 acrabilis
1112 732 1198 787 abbas
1212 733 1346 787 llomann
1355 729 1444 797 urbis,
1455 736 1484 784 et
1497 730 1645 800 utriusque
1654 728 1770 799 linguoe,

133 819 246 873 omnino
257 819 409 883 Romanus,
423 819 582 892 inutraque
595 821 692 892 lingua
706 823 786 877 valde
799 824 928 878 doctissi-
970 825 1072 879 Graecae
1093 822 1222 877 videlicet
1240 827 1269 875 et
1291 818 1408 887 Latinae,
1424 836 1481 873 non
1501 817 1617 888 ignobili
1636 816 1773 888 preditus

132 923 205 971 mus,
218 906 338 960 reddens
349 907 580 975 actionibussuis,
592 927 676 980 quom
686 911 716 964 in
729 911 806 966 libris
816 912 927 967 Domini
970 913 1095 977 scientia,
1107 912 1245 967 Parabolos
1257 912 1376 964 scribam
1390 911 1517 973 circulos,
1531 907 1623 961 noluit
1634 906 1677 960 eis
1688 904 1773 972 (sicut

132 997 239 1065 legerat
248 996 424 1066 aequitaten13
443 997 491 1068 qui
506 999 664 1069 Scripturas
679 999 929 1055 divinastantacu-
970 1002 1029 1073 ipse
1043 1005 1171 1065 testatur)
1179 998 1343 1053 memoriam
1358 997 1437 1067 impii
1447 995 1634 1067 persecutoris
1649 995 1774 1048 innecte·

131 1083 257 1138 riositate
268 1084 439 1138 discusserat
452 1091 537 1156 atque
547 1086 731 1153 intellexerat,
742 1094 774 1142 ut
788 1089 930 1143 undecun-
970 1108 1010 1156 re,
1026 1091 1075 1144 sed
1090 1089 1179 1159 nangis
1194 1087 1272 1156 eligit
1290 1086 1325 1140 ab
1339 1086 1533 1139 incarnatione
1552 1084 1666 1138 Domini
1682 1083 1773 1137 nostri

132 1173 929 1249 qneinterrogatussuisset,paratumhaberetcompetens
971 1181 1037 1235 lesu
1045 1178 1148 1234 Christi
1158 1183 1288 1249 temporo
1297 1179 1463 1246 praenotare,
1476 1180 1616 1244 quatenus
1625 1172 1774 1227 exordium

131 1260 192 1315 sine
207 1262 302 1332 aliqua
320 1261 453 1316 dilatione
463 1280 642 1334 responsum,
656 1265 703 1335 qui
718 1267 929 1321 mecumdiale-
971 1268 1030 1340 spei
1046 1275 1148 1322 nostae
1158 1267 1253 1320 notius
1263 1263 1344 1319 nobis
1359 1264 1500 1326 existeret,
1515 1269 1544 1316 et
1557 1279 1642 1316 eausa
1656 1277 1775 1332 repara·

132 1349 232 1404 eticam
246 1350 322 1420 legit,
339 1356 367 1404 et
377 1351 405 1405 in
416 1352 542 1422 exemplo
551 1352 666 1422 gloriosi
677 1354 831 1424 magisterii
845 1355 932 1426 pluri-
971 1357 1056 1413 tionis
1075 1358 1214 1419 humanae,
1230 1354 1257 1407 id
1278 1358 1330 1419 est,
1353 1352 1445 1423 passio
1463 1351 1663 1422 Redemptoris
1683 1348 1775 1404 nostri

132 1453 193 1496 mos
208 1438 392 1493 annosvitam
407 1456 497 1505 suam,
511 1446 660 1510 praestante
671 1442 799 1508 Domino,
808 1443 930 1513 gloriose
972 1446 1128 1501 evidentius
1142 1445 1274 1499 eluceret.

131 1525 282 1594 transegit.
297 1524 388 1581 Pudet
397 1544 441 1581 me
456 1528 491 1581 de
505 1535 633 1584 consorte
648 1529 740 1584 dicere
754 1532 830 1601 quod
841 1532 870 1586 in
885 1548 930 1586 me
972 1535 1136 1603 Siqebcrtns,
1156 1537 1278 1601 catalogo
1288 1535 1394 1586 illustr.
1411 1531 1508 1585 Eccles.
1521 1530 1636 1598 Script,
1652 1545 1712 1596 rap.
1727 1525 1772 1583 27.

132 1628 241 1682 ne(lup-0
253 1613 386 1685 ΝΡθΓῙΓθ·
1006 1623 1155 1694 Dionysius
1170 1621 1256 1676 abbas
1270 1622 1424 1686 Romanus,
1433 1624 1620 1689 cognomento
1637 1617 1771 1687 Exiguus,

168 1702 233 1755 Fuit
246 1702 361 1757 enimin
380 1704 426 1757 illo
442 1721 506 1757 cum
520 1707 660 1777 sapientia
679 1724 782 1777 magna
795 1709 930 1779 simplici·
942 1711 1084 1794 Bgemina
1097 1711 1214 1765 scientia
1229 1710 1325 1763 Graece
1345 1715 1374 1762 et
1387 1707 1486 1762 Latine
1505 1708 1607 1773 clarus,
1626 1707 1774 1761 transtulit

131 1794 185 1852 tas,
199 1807 264 1844 cum
275 1791 404 1845 doctrina
412 1793 568 1861 humilitas,
579 1811 641 1848 cuin
657 1796 787 1850 t'acnndia
800 1797 930 1868 loquendi
972 1802 1006 1855 de
1021 1802 1117 1855 Graeco
1133 1801 1161 1853 in
1174 1799 1305 1853 Latinum
1331 1801 1452 1852 Prolerii
1466 1796 1502 1865 (s)
1517 1797 1706 1851 :ilcaanrlrini
1718 1798 1774 1865 epi·

62 1872 65 1881 '
131 1879 268 1948 parcitas3
285 1887 315 1933 ut
331 1880 360 1934 in
375 1881 451 1935 nullo
466 1898 495 1935 se
512 1883 554 1935 vel
575 1884 706 1938 extremis
720 1884 833 1939 tantulis
854 1891 931 1940 ante·
970 1894 1044 1959 scopi
1052 1892 1155 1958 scripta
1166 1889 1200 1942 ad
1211 1890 1333 1943 Leonem
1343 1902 1445 1958 papam
1456 1887 1488 1939 do
1498 1886 1658 1939 celebrando
1668 1885 1774 1938 Paralia

131 1966 227 2034 terret,
247 1986 311 2023 eum
334 1970 436 2039 dignus
457 1978 531 2026 essct
554 1990 651 2043 regum
675 1974 736 2028 sinc
756 1974 931 2029 dubitatione
971 1979 1001 2033 in
1016 1994 1090 2032 anno
1105 1977 1217 2032 Domini
1231 1975 1292 2031 455.
1308 1975 1465 2029 Transtulit
1482 1973 1568 2028 etiam
1583 1972 1617 2026 de
1631 1973 1729 2026 Graeoo
1743 1971 1773 2026 in

132 2057 286 2127 colloquiis.
303 2059 474 2113 Interveniat
487 2078 538 2131 pro
552 2062 642 2127 nobis,
655 2064 702 2133 qui
712 2062 857 2118 nobiscum
871 2080 933 2118 ora·
973 2066 1104 2121 Latinum
1119 2068 1224 2120 libram
1240 2066 1366 2131 Gregorii
1380 2065 1407 2118 Ν
1407 2066 1498 2129 pereni
1513 2064 1545 2115 de
1559 2063 1716 2115 conditione
1728 2062 1775 2115 lio·

132 2162 163 2198 re
182 2157 377 2216 consueverat;
401 2156 432 2202 ut
446 2151 526 2220 cujus
542 2151 587 2205 hic
604 2168 702 2206 sumus
725 2153 851 2207 oratione
872 2152 931 2208 suf·
972 2159 1059 2209 arinis
1070 2156 1115 2223 (a),
1130 2160 1159 2208 et
1177 2156 1263 2207 litam
1281 2154 1422 2207 Parlromii
1434 2153 1540 2205 abbatis
1555 2151 1579 2213 lli
1580 2150 1602 2222 ).
1616 2149 1735 2220 Scripsit
1744 2153 1774 2204 et

131 2233 205 2299 fulti,
220 2236 281 2305 ejus
291 2237 431 2306 possimus
441 2254 515 2292 nunc
529 2240 638 2294 rneritis
652 2241 788 2312 adjuvari.
972 2246 1042 2316 ipse,
1056 2250 1120 2315 post
1135 2243 1279 2314 Cyrillum,
1298 2243 1412 2309 Galatam
1427 2243 1549 2308 pariaque
1564 2242 1718 2307 cyclorum,
1729 2237 1775 2293 in-

167 2322 221 2387 Qui
236 2324 340 2394 petitus
360 2342 378 2378 a
397 2326 538 2397 Stephano
558 2329 687 2400 episcopo
708 2330 880 2397 Salonitano,
897 2348 931 2384 ex
972 2335 1077 2405 cipiens
1092 2332 1127 2386 ab
1144 2349 1217 2387 anno
1232 2331 1291 2385 nati
1306 2332 1373 2385 lesu
1390 2329 1493 2383 Christi
1509 2326 1561 2384 532
1577 2327 1624 2398 qui
1643 2333 1688 2381 est
1707 2326 1775 2381 ulti-

133 2410 237 2465 Graecis
248 2414 453 2485 exemplaribus
461 2418 583 2471 Gennaes
593 2419 837 2490 Ecclesiaslirosid)
848 2419 933 2473 mori·
973 2440 1035 2477 mus
1048 2438 1139 2476 annus
1154 2421 1248 2491 magni
1262 2420 1342 2491 cycli,
1354 2419 1402 2489 qui
1414 2423 1457 2472 est
1470 2433 1608 2472 annorum
1623 2429 1721 2470 nxxxn
1732 2431 1776 2469 se·

133 2499 185 2553 bus
199 2500 266 2565 suis,
285 2506 317 2554 ut
327 2504 497 2575 eratplanus
507 2511 591 2576 atque
606 2507 737 2569 disertus,
754 2524 862 2578 niagnae
877 2508 932 2563 elo
972 2513 1028 2566 mel
1044 2511 1132 2565 exacti
1148 2510 1321 2565 anativitate
1332 2508 1445 2573 Christi,
1458 2512 1512 2561 effic.

133 2589 254 2658 quentiae
269 2591 329 2645 luce
337 2594 504 2663 composuit,
514 2610 584 2664 quos
592 2595 673 2649 hodie
686 2612 738 2650 usu
748 2596 931 2652 celeberrimo
1106 2601 1282 2663 Prudentiae,
1301 2600 1371 2651 libro
1388 2599 1419 2651 de
1433 2598 1534 2665 Script.
1551 2596 1650 2650 Erotes.

133 2677 256 2733 Ecclesia
271 2680 397 2735 Romana
417 2683 621 2754 complectitur.
644 2686 701 2739 Hos
724 2686 808 2739 etiam
822 2692 932 2757 oportet
1008 2690 1167 2761 Dionysius,
1176 2687 1420 2752 abbasllomanus,
1431 2689 1617 2754 cognomento
1626 2683 1774 2750 (utserturl

132 2783 180 2820 ros
194 2768 306 2823 assidue
322 2770 424 2840 legere,
441 2788 475 2826 ae
488 2772 637 2827 videamini
655 2780 712 2829 tam
728 2775 865 2830 salutares
879 2776 931 2830 Ec·
972 2780 1105 2849 Exiguus,
1117 2779 1160 2831 vir
1173 2783 1248 2832 certe
1258 2775 1371 2847 ingenio
1381 2774 1536 2829 etseientia
1551 2789 1672 2842 magnus
1687 2779 1773 2843 atquc

132 2856 302 2911 clesiastiaas
316 2860 429 2929 regulas
445 2861 622 2932 culpabiliter
635 2864 775 2933 ignorare.
971 2866 1185 2932 clarissimus,in
1195 2864 1347 2934 Scripturis
1354 2863 1457 2917 sanctis
1468 2862 1607 2927 eruditus,
1618 2867 1647 2915 et
1654 2861 1684 2915 in
1693 2860 1772 2915 disci·

128 2956 134 2965 ·
167 2944 347 3016 Alioquoque
359 2952 449 3002 ranila
459 2966 490 3003 ea
503 2951 592 3005 Draco
604 2955 752 3006 transtulit
761 2954 930 3007 inlatinam
971 2958 1048 3028 plina
1060 2955 1236 3011 saecularium
1245 2954 1404 3007 litterarum
1414 2950 1546 3006 nobiliter
1555 2951 1663 3014 doctus,
1674 2950 1771 3004 Graeco

134 3033 178 3103 (a),
195 3050 256 3103 quae
275 3036 391 3090 utilitati
411 3044 530 3108 possunt
550 3039 679 3094 Ecclesiae
701 3041 860 3107 convenire.
875 3042 999 3114 Quicet
1013 3045 1112 3101 Latino
1135 3044 1245 3114 cloquio
1260 3043 1362 3107 clarus,
1377 3040 1546 3111 computista
1570 3044 1598 3093 et
1616 3039 1771 3093 calculator

131 3126 212 3176 tanta
226 3123 385 3180 Latinitatis
393 3132 422 3180 et
429 3127 585 3183 Graecitatis
599 3130 699 3199 peritia
708 3130 887 3199 frangebatur,
898 3138 931 3186 nt
970 3140 1129 3205 temporum
1145 3133 1284 3203 egregius.
1302 3130 1420 3202 Scripsit
1438 3129 1538 3184 Latino
1552 3144 1684 3183 sermone
1699 3143 1770 3182 non·

133 3226 314 3283 quoscunque
322 3213 407 3269 libros
420 3216 530 3271 Graecos
539 3217 569 3272 in
579 3218 708 3273 manibus
721 3221 869 3290 acciperet,
879 3222 930 3275 La·
971 3220 1233 3293 nullaopuscula,do
1241 3219 1342 3292 quibus
1350 3236 1401 3289 ego
1410 3224 1521 3272 tantum
1531 3216 1623 3288 reperi
1631 3215 1769 3287 subjecta:

132 3300 635 3369 tinesineollensionetranscurreret,
646 3308 805 3380 iterumque
815 3310 930 3364 Latinos
1007 3312 1120 3378 (larciana
1147 3311 1301 3364 Pasclialem
1326 3324 1462 3376 maantam
1486 3322 1628 3361 anitonna
1665 3318 1770 3370 aaran,

132 3389 224 3444 Attico
236 3408 366 3448 sermone
380 3396 526 3466 relegeret,
540 3403 573 3450 ut
584 3398 712 3451 crederes
727 3399 778 3451 boc
792 3415 854 3452 esse
866 3414 931 3453 con·
971 3400 1018 3454 lib.
1033 3415 1060 3467 1;

132 3480 279 3550 scriptum,
291 3484 364 3553 qiiod
376 3488 472 3555 osejus
486 3485 621 3539 inoffensa
631 3487 776 3540 velocitate
784 3487 929 3541 fundebat.
1007 3492 1042 3543 lle
1058 3492 1166 3543 ratione
1178 3489 1242 3556 (arti
1255 3485 1489 3551 Poscbatis,lib.1;
1502 3486 1640 3539 Pasrlralis
1654 3486 1720 3552 sinti
1728 3498 1773 3538 ra·

167 3569 295 3639 Longum
308 3579 351 3626 est
362 3573 397 3625 de
411 3573 459 3626 illo
474 3573 532 3627 viro
542 3582 642 3628 cuneta
655 3581 789 3641 retexere,
799 3576 845 3646 qui
857 3577 931 3629 inter
972 3581 1084 3632 tionem.

132 3657 256 3728 reliquas
268 3659 385 3714 virtutes
397 3662 449 3714 lioc
459 3660 589 3715 habuisse
599 3662 886 3732 probatureximium,
898 3669 931 3719 ut
1006 3669 1045 3720 De
1064 3666 1170 3721 caeteris
1182 3668 1215 3737 (i)
1229 3664 1297 3718 nibil
1313 3664 1414 3735 reperi.
1435 3663 1592 3717 Transtulit
1612 3669 1709 3717 autem
1735 3661 1770 3715 dc

133 3760 196 3796 oum
211 3761 241 3798 se
250 3750 340 3800 totum
354 3748 411 3802 Deo
425 3749 596 3816 tradidisset,
605 3767 661 3804 non
674 3758 929 3823 aspernaretursie-
971 3756 1066 3811 Graeoo
1078 3756 1107 3809 in
1121 3756 1269 3810 Latinum:
1291 3755 1378 3807 l'itam
1392 3755 1482 3807 soracti
1496 3753 1638 3806 Paclroinii
1646 3752 1770 3819 abbatis,

133 3832 683 3895 culariumconversationibusinteresse.
693 3840 927 3909 Castusnimium,
972 3846 1075 3898 libram
1087 3862 1192 3914 praepar·
1208 3845 1334 3910 Gregorii
1346 3843 1492 3907 anienem,
1507 3843 1538 3894 dc
1553 3842 1710 3894 corrdilioac
1727 3840 1773 3894 lto-

132 3935 195 3974 eum
211 3921 316 3977 alienas
330 3926 455 3995 qnotidie
469 3926 696 3991 videretuxores;
713 3930 790 3984 mitis
799 3947 863 3984 eum
872 3931 929 3984 fere
971 3936 1067 3995 minis·
1084 3939 1107 3987 cl
1126 3936 1229 4002 scripta
1244 3934 1371 3997 l’roterii,
1388 3930 1578 3985 Alexandrini
1593 3931 1719 3998 episcopi.
1735 3930 1773 3983 ad

131 4009 258 4078 gentium
266 4028 367 4066 vesano
382 4014 493 4069 turbine.
503 4018 672 4093 pulsaretur.
685 4018 830 4072 Fundebat
841 4020 929 4090 lacry-
972 4022 1081 4075 Lcarrrra
1093 4037 1194 4089 trapam
1210 4023 1217 4081 l
1216 4020 1252 4087 j).
1267 4019 1433 4087 litqaadam
1453 4021 1512 4071 alia
1523 4019 1571 4083 (ll.

132 4113 193 4152 mas
203 4103 524 4173 irrotuscompunctione,
535 4122 599 4160 cum
610 4106 928 4177 audiretgarrulaverba
1005 4109 1148 4163 Inchoavit
1161 4113 1256 4163 autem
1270 4109 1386 4178 Cyclum
1400 4123 1481 4160 suum
1492 4123 1566 4160 anno
1574 4108 1686 4161 Domini
1702 4105 1737 4164 53
1747 4110 1765 4172 ‘,

131 4187 246 4242 laetitiae.
257 4190 409 4259 lejunabat
417 4192 478 4246 sine
492 4194 706 4266 exprobratione
716 4197 926 4267 prandentium,
969 4197 1017 4268 qui
1027 4198 1080 4252 suit
1093 4198 1208 4252 ultimus
1219 4213 1308 4251 annus
1319 4196 1413 4265 magni
1424 4196 1493 4267 cycli
1506 4195 1654 4267 paschalis,
1666 4194 1714 4267 qui
1725 4213 1768 4251 se·

131 4281 160 4328 et
174 4275 236 4331 ideo
250 4279 381 4333 conviviis
389 4286 537 4350 gratanter
549 4283 694 4350 intererat,
708 4289 740 4338 ut
749 4285 823 4338 inter
832 4301 929 4356 corpo-
969 4287 1025 4340 mel
1035 4292 1148 4341 exactus
1162 4287 1190 4340 in
1205 4286 1335 4340 eumdem
1349 4302 1460 4355 semper
1473 4285 1634 4339 revertitur.

131 4365 204 4419 rnles
219 4366 315 4437 epulas
331 4367 490 4439 inquisitus,
505 4372 645 4442 spiritales
655 4374 749 4444 copias
759 4390 871 4445 semper
884 4375 963 4432 ex-D
1005 4375 1113 4429 Claruit
1131 4391 1198 4445 ergo
1213 4373 1265 4428 sub
1286 4374 1444 4428 lastiniano
1468 4372 1535 4444 imp.
1563 4389 1675 4444 magno,
1691 4389 1768 4428 anno

131 4452 249 4509 hiberet.
266 4456 345 4519 Quod
358 4457 381 4511 si
393 4464 488 4513 tamem
497 4459 648 4529 aliquando
662 4463 831 4529 comederet,
844 4479 928 4533 parvo
969 4463 1080 4518 Domini
1098 4462 1159 4520 540.

132 4544 244 4612 quidem
257 4544 328 4611 cibo,
337 4547 489 4600 sedtamen
501 4548 770 4605 asciscommunibus
784 4551 926 4605 utebatur.
969 4554 1080 4607 lilevade
1093 4555 1164 4606 Viris
1171 4553 1322 4607 illastord.
1333 4555 1424 4605 sancii
1432 4553 1577 4618 llrraedicti,
1586 4553 1633 4605 lib.
1643 4551 1767 4620 n,cap.l.

136 4636 227 4698 108
236 4634 467 4690 Undesummum
474 4652 563 4707 genus
574 4638 841 4709 aestimopatientiae,
854 4641 928 4694 inter
1005 4642 1163 4713 Dionysius,
1179 4640 1264 4695 abbas
1278 4642 1429 4706 Ronmaus,
1451 4645 1636 4711 cognomento
1655 4640 1768 4711 Exigui,

131 4716 269 4775 humanas
279 4739 339 4777 esso
348 4724 470 4791 delicias,
482 4732 511 4780 et
521 4726 842 4782 abstinentiaecustodire
854 4744 930 4782 men·
969 4731 1011 4784 vir
1024 4731 1159 4784 indivinis
1169 4730 1320 4800 Scripturis
1329 4730 1409 4783 valde
1424 4730 1561 4797 eruditus,
1577 4735 1605 4783 et
1614 4729 1769 4784 insaecula·

132 4821 238 4860 suram.
255 4811 318 4878 Sed,
335 4820 367 4867 ut
381 4813 453 4868 bona
467 4815 568 4869 mentis
581 4816 641 4885 ejus
655 4815 780 4870 infucata
793 4818 875 4870 laude
887 4833 930 4871 re·
970 4819 1047 4873 ribus
1070 4819 1171 4874 litteris
1192 4817 1387 4889 peritissimus,
1402 4818 1553 4872 calculator
1573 4823 1602 4872 et
1623 4823 1772 4887 geometer

132 4893 265 4958 seramus,
275 4904 336 4952 erat
349 4905 425 4955 totus
439 4904 608 4972 catholicus,
625 4909 701 4959 totus
714 4905 839 4977 paternis
849 4922 930 4977 regu·
969 4908 1097 4977 insignis,
1115 4907 1210 4960 Gracc
1231 4911 1260 4959 et
1278 4906 1378 4960 Latino
1397 4906 1552 4959 instructus
1566 4905 1677 4976 eloquio
1697 4924 1703 4959 :
1720 4906 1770 4977 qui

132 4984 167 5039 lis
194 4994 406 5056 perseveranter
428 4992 565 5060 addictus,
594 5000 623 5048 et
652 4994 787 5064 quidquid
813 5001 930 5067 possunt
970 4997 1103 5051 doctrina
1118 5013 1176 5049 sure
1194 5011 1324 5063 mageaam
1344 4995 1419 5065 apud
1441 5000 1549 5048 veteres
1570 4994 1771 5049 auctoritatem

135 5073 259 5142 legentes
269 5092 319 5145 per
328 5077 451 5133 diversos
464 5097 597 5150 quaerere,
605 5083 634 5136 in
646 5083 722 5137 illius
734 5083 852 5138 scientia
865 5100 930 5155 cog·
970 5090 1145 5151 consecutus,
1161 5084 1249 5137 edidit
1257 5100 1312 5137 non
1327 5084 1485 5154 spernenda
1498 5083 1641 5154 opuscula,
1658 5083 1695 5138 de
1710 5083 1773 5154 qui-

129 5163 298 5217 noscebatur
323 5182 406 5237 posse
430 5167 546 5238 fulgere.
576 5172 663 5242 Cujus
694 5173 801 5226 nomini
835 5172 930 5244 aliqua
970 5175 1021 5228 bus
1035 5190 1124 5245 pauca
1138 5173 1173 5226 ad
1189 5189 1282 5226 meam
1299 5172 1429 5226 notitiam
1445 5178 1659 5243 pervenerunt:

131 5252 209 5321 pravi
224 5252 353 5307 homines
370 5255 541 5312 calumniose
555 5259 686 5315 nituntur
698 5261 837 5331 ingerere,
853 5261 928 5315 uude
1004 5265 1040 5316 lle
1051 5265 1158 5316 ratione
1171 5264 1279 5315 Pascite·
1294 5262 1409 5315 librani.
1423 5265 1516 5326 109
1527 5262 1640 5327 tractam
1661 5276 1772 5331 petoque

130 5356 184 5395 sua
195 5341 342 5396 videantur
355 5348 450 5398 errata
464 5345 641 5416 aliquatenus
656 5365 796 5405 excusare.
812 5351 866 5405 Sed
880 5351 928 5404 ille
968 5368 1104 5420 irenaeum
1120 5352 1337 5419 octingentorum
1352 5353 1470 5417 tripinta
1481 5351 1603 5403 dirorum
1612 5364 1770 5405 orreorum.

127 5430 188 5500 jam
199 5431 292 5484 saculi
300 5432 627 5502 perversitatoderelicta,
635 5443 786 5507 praestante
797 5439 926 5507 Domino,
968 5442 1102 5509 Eiristolas
1115 5443 1199 5494 aliam
1214 5442 1365 5493 norinallas
1380 5441 1538 5507 coraposait.

131 5519 161 5573 in
184 5519 312 5575 Ecclesia
326 5538 394 5593 paco
413 5523 548 5593 sepultus,
570 5525 645 5580 inter
658 5526 707 5580 Dei
732 5527 851 5584 famulos
866 5545 927 5583 cre·
1003 5530 1043 5584 De
1058 5529 1154 5584 Graeco
1165 5529 1195 5584 in
1204 5529 1336 5583 Latinum
1345 5528 1491 5582 transtulit
1505 5545 1510 5580 :
1525 5526 1634 5596 Scripta
1649 5528 1775 5583 Prolerit'

131 5609 240 5665 dendus
249 5616 294 5665 est
306 5610 410 5667 hebere
423 5614 605 5669 consortium.
967 5620 1154 5675 Alexandrini
1162 5619 1200 5672 ad
1210 5620 1321 5672 Lanam
1327 5619 1468 5686 paparnde
1478 5617 1581 5671 Paralia
1590 5616 1771 5684 celebrando,-

266 607 451 664 aasnoaoras.
469 607 558 660 instit.
573 609 660 661 clivia.
673 625 733 677 cap.
750 608 794 665 93.
