3818 6120
127 256 180 317 217
623 262 708 318 vlTn
727 262 857 318 sartori
878 260 1065 328 ONUPHRll,
1088 262 1266 317 EREMITAE.
1713 261 1766 320 218

127 394 176 442 tur
187 386 302 458 gaudio.
316 383 351 440 Hi
365 401 430 439 vero
440 386 530 440 sancti
544 386 678 454 eremita,
689 387 737 458 qui
751 387 822 442 hanc
833 387 959 447 solitu-A
968 403 1055 457 regno
1074 389 1207 441 caelorum
1224 392 1334 442 aeternae
1355 386 1526 443 haereditatis
1544 404 1630 459 capax
1652 389 1710 442 het.
1736 389 1765 443 Si

126 476 226 531 fflnem
240 475 379 540 habitant,
393 475 416 528 si
437 474 555 529 sortasse
568 476 718 546 aliquando
730 476 822 531 videre
837 475 930 530 homi·
971 475 1032 546 quis
1046 493 1111 530 vero
1126 475 1297 529 oblationem
1308 492 1363 530 uon
1374 478 1447 531 valet
1456 477 1565 542 ollerre,
1579 477 1620 532 rel
1635 495 1692 549 prae
1708 479 1768 532 ino·

128 582 196 620 nem
218 565 389 631 desiderant,
406 564 481 618 illico
494 565 524 619 in
542 566 643 619 coelum
658 565 694 619 ab
713 567 813 636 angelo
827 566 930 637 depor·
970 564 1018 635 pia
1028 565 1176 631 redimere,
1194 564 1219 618 is
1233 565 1263 618 in
1280 565 1393 619 nomine
1407 566 1519 621 Domini
1538 567 1616 620 etad
1633 567 1767 621 honorem

126 660 248 710 tantur:
263 655 398 708 visionem
417 654 472 709 illic
486 655 586 709 animae
600 656 752 725 justorum,
762 655 930 725 fulgentium
971 653 1046 707 illius
1056 652 1447 725 eleemosynaxn(·2·2)pauperi
1456 654 1571 721 tribuat,
1581 661 1609 709 et
1616 670 1667 726 ego
1681 656 1767 710 orabo

127 744 202 799 sicut
218 744 260 797 sol
277 744 307 796 in
328 760 415 814 regno
431 743 524 797 Patris
538 759 645 810 eorum,
662 743 701 797 ibi
720 744 930 799 multitudinem
971 759 1022 814 pro
1034 759 1067 797 eo
1077 743 1106 797 in
1120 748 1269 813 conspectu
1279 742 1339 804 Dei,
1353 743 1532 813 utdignusin
1548 745 1769 799 coeleshbusvita

128 832 357 903 contemplantur
367 832 542 903 angelorum,
555 849 677 904 suasque
692 833 802 888 animas
812 834 929 889 coetibus
973 848 1095 902 superna
1115 831 1220 904 perfrui
1235 832 1333 885 valeat.
1352 831 1380 886 Si
1396 832 1458 901 quis
1473 849 1563 902 neque
1578 833 1766 898 oblationem,

128 921 234 976 mixtas
248 920 404 975 beatorum.
429 921 523 985 Quare
541 921 699 992 omnesqui
714 923 743 976 in
764 939 853 992 agone
867 939 932 977 con·
972 937 1023 974 nec
1038 921 1245 992 eleemosynam
1256 925 1348 991 potest
1363 920 1472 980 ollerre.
1487 935 1537 992 pro
1553 922 1689 976 charitate
1705 939 1769 976 mea

128 1010 262 1074 tendunt,
281 1014 342 1063 tota
359 1014 463 1075 mente,
487 1014 546 1063 toto
569 1010 663 1073 corde,
684 1010 750 1064 totis
772 1010 878 1065 viribus
902 1011 931 1066 in
972 1009 1118 1063 incensum
1132 1009 1251 1065 Domino
1265 1010 1323 1063 Deo
1338 1014 1434 1062 nostro
1448 1009 1478 1062 in
1493 1010 1607 1063 odorem
1624 1011 1769 1065 suavitatis

128 1097 205 1152 bono
219 1115 303 1169 opere
323 1098 440 1163 servent,
456 1104 595 1170 quatenus
615 1099 734 1169 gloriam
750 1100 868 1154 cmlestis
882 1117 930 1171 pa·
972 1098 1114 1163 accendat,
1131 1104 1160 1152 ct
1173 1115 1224 1168 ego
1239 1114 1306 1168 rogo
1321 1114 1371 1170 pro
1389 1114 1431 1164 eo,
1447 1102 1480 1151 ut
1497 1099 1632 1168 gaudium
1647 1116 1769 1171 perenne

128 1188 193 1242 tn'ae
207 1204 272 1241 cum
290 1188 401 1241 Christo
418 1192 521 1241 etcum
542 1189 646 1242 sanctis
664 1195 828 1243 mereantur
845 1190 932 1260 possi·
972 1187 1123 1258 possideat.
1140 1187 1192 1242 Cui
1210 1187 1325 1258 inquam
1336 1206 1341 1239 :
1351 1188 1436 1240 Pater
1444 1187 1493 1250 mi,
1510 1204 1545 1240 ne
1560 1187 1690 1241 irascaris
1701 1189 1769 1242 silo-

130 1276 209 1331 dere.
221 1277 279 1331 Ista
293 1276 527 1348 deniqueomnia,
539 1277 697 1331 venerando
712 1278 932 1348 Onuphrionar-
973 1291 1063 1347 quar:
1080 1275 1110 1330 Si
1125 1276 1271 1330 incensum
1291 1292 1341 1330 nec
1361 1275 1423 1346 quis
1447 1275 1541 1340 habet,
1560 1293 1611 1329 nec
1630 1276 1770 1332 facultatis

130 1369 223 1428 rante,
240 1364 445 1434 cognovijuxta
459 1364 650 1419 summitatem
670 1364 759 1435 ipsius
780 1366 932 1420 monticelli
973 1364 1091 1435 aliquid,
1102 1365 1176 1418 unde
1194 1366 1283 1419 Deum
1307 1365 1417 1436 placare
1432 1371 1525 1436 potest
1544 1363 1609 1434 (23),
1633 1369 1665 1418 ut
1676 1370 1771 1419 tamen

131 1453 200 1524 (lu),
216 1452 266 1505 ubi
281 1451 400 1506 obviavit
416 1452 545 1506 mihilta
558 1453 825 1524 videlicetgaudium
838 1471 931 1509 meum
973 1458 1023 1507 tua
1034 1452 1227 1508 benedictione
1237 1470 1295 1507 non
1308 1459 1411 1518 careat,
1424 1454 1453 1507 in
1469 1470 1636 1524 quacunque
1650 1452 1771 1508 tribula-

128 1542 280 1613 impletum
295 1547 347 1607 est,
360 1547 391 1595 ut
405 1558 516 1596 omnem
531 1542 738 1609 adversitatem,
750 1559 835 1613 quam
845 1543 873 1597 in
885 1544 933 1598 itr-
973 1542 1050 1596 tione
1064 1547 1091 1595 te
1100 1542 1222 1596 invocat?
1235 1543 1313 1597 Tunc
1327 1541 1374 1596 ille
1384 1543 1541 1612 respondit:
1556 1543 1656 1613 Siquis
1666 1559 1774 1614 pauper

128 1646 196 1684 uere
207 1630 340 1698 tuleram,
352 1630 493 1685 traderem
508 1630 649 1686 oblivioni.
973 1631 1003 1686 in
1018 1631 1139 1698 deserte,
1163 1631 1248 1684 rolin
1271 1631 1365 1700 aliquo
1386 1630 1439 1684 alio
1455 1632 1515 1684 loco
1537 1630 1706 1685 oblationem
1723 1636 1773 1686 aut

163 1720 231 1775 Cen.
244 1720 306 1773 ΧΠ.
322 1748 354 1758 -
370 1719 470 1786 Credo,
488 1720 614 1790 inquam,
631 1721 724 1785 Pater,
745 1720 820 1776 inter
839 1720 1190 1801 selicesBeleemosynam,
1206 1736 1256 1773 seu
1268 1720 1414 1773 incensum
1433 1736 1489 1773 non
1505 1719 1609 1773 habeat
1623 1721 1657 1774 ad
1673 1721 1775 1773 immo·

129 1824 174 1862 me
189 1807 332 1878 deputari,
357 1808 423 1878 quia
437 1808 532 1861 videre
553 1814 582 1862 te
597 1816 626 1863 et
648 1825 734 1880 opera
750 1815 800 1863 tua
822 1809 935 1880 egregia
976 1809 1101 1873 landum,
1114 1813 1221 1878 surgat,
1234 1813 1263 1861 et
1276 1824 1376 1861 manus
1387 1824 1453 1862 suas
1464 1809 1499 1861 ad
1511 1809 1661 1863 Dominum
1676 1814 1773 1862 exten-

132 1897 289 1968 promerui.
302 1896 393 1950 Verba
407 1902 458 1950 tua
472 1897 557 1951 nimis
565 1897 692 1969 pulchra,
704 1898 780 1952 omni
788 1898 934 1952 dulcedine
975 1896 1033 1962 dat,
1045 1903 1089 1950 ter
1105 1896 1276 1950 [lominicam
1286 1896 1452 1963 orationem,
1464 1896 1493 1951 id
1505 1904 1556 1962 est,
1569 1898 1653 1951 Pater
1665 1903 1770 1964 noster,

131 1986 250 2052 mellita,
268 1985 309 2039 ita
322 1985 375 2039 mei
396 1991 546 2055 penetrant
558 1986 649 2041 cordis
660 1987 770 2053 intima,
788 1993 820 2042 ut
829 1987 935 2058 possim
975 2002 1026 2056 pro
1046 2001 1090 2038 me
1106 1985 1300 2039 cumintenta
1320 1991 1425 2051 niente,
1446 1991 1475 2040 et
1489 1986 1518 2039 in
1536 1986 1649 2040 nomine
1671 1992 1774 2040 sanctae

131 2075 225 2129 dicere
239 2091 305 2128 cum
320 2074 489 2130 Psalmista:
507 2075 598 2139 Quam
613 2076 706 2130 dulcia
724 2075 850 2130 saucibus
865 2077 935 2129 meis
975 2074 1123 2129 Trinitatis
1141 2074 1252 2144 psallat.
1269 2075 1327 2143 Ego
1343 2091 1406 2128 vero
1426 2091 1476 2145 pro
1495 2075 1555 2144 ipso
1570 2075 1605 2128 ad
1624 2075 1775 2129 Dominum

132 2164 246 2234 eloquia
265 2169 324 2227 tua,
343 2180 429 2234 super
448 2164 504 2217 mel
526 2169 555 2218 et
582 2163 676 2218 savum
698 2165 739 2218 ori
761 2181 823 2219 meo
851 2167 934 2233 (Psal.
976 2163 1129 2229 intercedo,
1146 2169 1178 2217 ut
1193 2163 1254 2217 vitm
1264 2164 1384 2217 coelestis
1398 2170 1542 2218 mereatur
1553 2164 1692 2234 particeps
1711 2165 1774 2218 fieri

132 2253 251 2324 cxx111)l
273 2252 327 2316 Qui
347 2253 408 2306 ait:
432 2253 493 2318 Fili,
518 2252 840 2319 mecumrade310cum
866 2269 937 2306 meae
978 2251 1362 2306 cumomnibussanctisDei.

133 2341 319 2397 habitationis
343 2341 482 2412 conspice,
504 2357 653 2412 parcamus
675 2342 821 2413 paululum
834 2341 937 2394 verbis.
1015 2342 1081 2396 Cer.
1097 2342 1170 2395 XIV.
1182 2372 1214 2381 -
1225 2342 1330 2396 lterum
1340 2341 1397 2395 dixi
1408 2341 1443 2395 ad
1465 2357 1528 2395 eum
1539 2359 1544 2395 :
1557 2342 1684 2407 Domine,
1701 2342 1725 2395 si
1736 2342 1777 2396 di-

134 2431 277 2487 Continuo
290 2430 422 2496 surrexit,
438 2430 555 2501 praeivit,
572 2434 684 2484 secutus
699 2447 772 2484 sum.
794 2430 878 2485 Duxit
892 2446 937 2483 me
978 2446 1051 2500 gnus
1065 2446 1166 2496 essem,
1183 2435 1235 2483 aut
1246 2429 1269 2483 si
1286 2430 1367 2483 donis
1382 2430 1480 2499 gratiae
1499 2435 1555 2485 tuae
1579 2430 1648 2484 mihi
1667 2430 1773 2496 liceret,

134 2536 230 2575 secum
246 2519 327 2591 quasi
342 2519 429 2573 trium
438 2518 634 2573 milliariorum
643 2519 711 2573 iter:
724 2519 853 2573 venimus
867 2518 939 2572 Gali·
979 2525 1043 2589 post
1057 2517 1255 2573 obitumtuum
1269 2519 1361 2573 locum
1377 2518 1463 2571 istum
1472 2518 1656 2573 libentissime
1670 2518 1777 2573 obtine·

135 2609 278 2663 diomeam
293 2608 323 2661 in
338 2608 494 2679 spiritalem
504 2608 607 2674 locum,
622 2607 769 2661 arboribus
780 2607 938 2678 palmarum
980 2624 1051 2661 rem.
1065 2609 1102 2661 At
1115 2608 1162 2661 illc
1174 2608 1232 2661 ait:
1248 2608 1434 2678 Nequaquam
1454 2606 1514 2672 tibi,
1537 2608 1587 2671 sili,
1604 2608 1775 2674 conceditur,

135 2700 285 2767 gratanter
303 2701 445 2750 ornatum.
473 2695 515 2750 Ibi
538 2712 633 2768 preces
655 2695 775 2750 Domino
795 2695 937 2763 ludimus3
976 2695 1141 2755 ,necidcirco
1156 2695 1234 2749 misit
1248 2701 1275 2749 tc
1289 2697 1363 2750 Deus
1377 2696 1405 2749 in
1421 2695 1673 2766 peregrinationem
1696 2696 1778 2750 istius

137 2784 235 2855 eisque
246 2785 394 2854 completis
404 2785 545 2839 interram
559 2784 692 2850 sedimus,
708 2784 737 2838 in
746 2784 847 2838 divinis
858 2784 941 2839 alter·
981 2784 1150 2851 solitudinis,
1163 2791 1195 2839 ut
1209 2784 1254 2838 hic
1264 2783 1405 2839 obtineres
1413 2785 1504 2838 locum
1515 2783 1712 2852 habitationis;
1729 2785 1778 2839 sed

136 2880 236 2927 cantes
252 2873 380 2942 eloquiis.
397 2873 461 2926 Sole
472 2875 647 2944 jamjamque
665 2873 695 2928 in
707 2889 836 2928 occasum
849 2890 938 2940 verso,
982 2880 1084 2929 utcum
1093 2874 1179 2945 justis
1189 2875 1236 2945 qui
1253 2876 1281 2928 in
1292 2875 1403 2928 deserto
1418 2879 1484 2927 sunt
1490 2874 1642 2944 gratuleris
1655 2893 1660 2926 :
1672 2880 1701 2928 et
1711 2875 1779 2928 inti-

137 2963 195 3016 vidi
210 2977 315 3033 panem
329 2962 453 3031 positum
475 2978 538 3016 cum
560 2978 634 3032 aqua
647 2963 757 3032 exigua.
773 2963 823 3016 Vir
836 2962 942 3017 etenim
983 2980 1062 3018 mare
1077 2980 1111 3017 ea
1125 2965 1238 3018 studeas
1253 2964 1367 3029 mundo,
1383 2979 1444 3033 quae
1460 2961 1613 3032 cognovisti
1629 2963 1658 3016 in
1674 2979 1778 3017 eremo.

138 3051 188 3106 Dei
209 3051 338 3105 sentiens
352 3067 397 3104 me
412 3050 533 3121 fatigari,
550 3050 620 3104 dixit
634 3051 703 3105 mihi
721 3051 875 3119 :profecta
890 3052 939 3118 lili,
950 3058 971 3118 G
981 3054 1013 3109 ln
1038 3054 1189 3124 AEgyptum
1214 3069 1315 3122 perge:
1333 3051 1372 3105 ibi
1387 3057 1445 3105 esto
1463 3067 1551 3121 usque
1566 3050 1700 3104 adfinem
1717 3051 1780 3105 vitae

138 3156 222 3195 cerno
241 3147 271 3194 te
283 3139 446 3211 periclitari,
462 3139 516 3193 nisi
541 3139 634 3193 cibum
645 3139 749 3210 capias.
770 3141 859 3211 Surge
873 3158 940 3211 ergo
981 3149 1054 3209 tuae3
1071 3158 1141 3212 opus
1155 3141 1258 3195 bonum
1274 3141 1386 3211 perfice,
1398 3145 1425 3194 et
1440 3140 1560 3211 accipies
1572 3155 1704 3193 coronam
1719 3156 1781 3210 per-

140 3237 169 3283 et
181 3229 310 3284 comede.
331 3229 383 3283 Cui
405 3229 539 3299 inquam:
563 3228 639 3283 Vivit
658 3229 793 3282 Dominus
805 3230 861 3293 (III
876 3232 938 3297 licq.
981 3238 1072 3303 petuae
1085 3232 1191 3301 gloriae.
1594 3272 1597 3278 .

141 3324 217 3387 xvir),
238 3322 268 3371 et
282 3317 445 3371 benedictus
464 3316 600 3370 Dominus
613 3317 688 3371 Deus
704 3331 793 3381 meus,
813 3317 843 3369 in
861 3318 942 3387 cujus
1018 3321 1083 3375 er.
1099 3320 1158 3373 XV.
1176 3350 1209 3360 -
1226 3320 1291 3373 Haec
1304 3335 1367 3372 curn
1383 3319 1466 3373 homo
1480 3319 1531 3374 Dei
1546 3320 1717 3389 loqueretur,
1734 3319 1782 3372 ad-

143 3412 292 3478 eonspectu
307 3405 422 3472 erimus3
439 3421 495 3458 non
505 3405 652 3467 manduco,
666 3420 757 3475 neque
767 3403 841 3469 bibo,
854 3404 943 3459 donec
982 3409 1093 3463 volutus
1103 3425 1165 3463 sum
1177 3406 1294 3479 pedibus
1307 3409 1377 3478 ejus,
1393 3408 1505 3462 dicens:
1520 3408 1606 3462 Pater
1614 3408 1707 3472 chare,
1724 3408 1781 3461 scio

144 3497 280 3550 charitate
296 3511 368 3566 pura
386 3494 492 3565 pariter
509 3492 603 3548 cibum
630 3493 777 3547 sumimus.
795 3493 884 3563 Igitur
898 3493 942 3546 vix
983 3498 1060 3551 enim
1073 3498 1139 3569 quia
1154 3497 1290 3569 quidquid
1304 3496 1448 3566 petierisa
1463 3497 1530 3561 Deo,
1542 3496 1619 3550 dabit
1629 3495 1678 3549 tibi
1688 3496 1781 3549 Domi-

145 3601 205 3638 enm
225 3584 307 3654 coegi
329 3588 362 3637 ut
377 3583 481 3636 laceret
500 3583 573 3652 quod
594 3582 677 3637 volui.
694 3583 896 3635 Verumtamen
911 3587 943 3635 ut
983 3602 1036 3640 nus
1048 3591 1163 3658 propter
1176 3587 1345 3640 immensum
1366 3585 1489 3638 laborem
1504 3584 1666 3638 certaminis
1677 3581 1782 3652 longis·

144 3690 237 3728 meum
260 3673 375 3743 agnovit
402 3671 582 3736 desiderium,
609 3687 712 3741 panem
728 3670 822 3740 fregit.
843 3670 944 3725 tribuit
983 3675 1236 3745 simi,quocorpus
1252 3679 1334 3727 tuum
1353 3672 1478 3727 afflixisti
1500 3671 1680 3743 septuaginta
1701 3670 1783 3724 annis

145 3763 220 3829 mihi;
232 3761 465 3816 manducavimus
478 3766 506 3814 et
517 3759 637 3814 saturati
645 3776 743 3813 sumus
753 3764 843 3825 103
853 3759 945 3813 nobis·
984 3763 1160 3835 pronomine
1175 3763 1302 3816 Domini:
1316 3761 1408 3834 praebe
1424 3777 1490 3829 ergo
1506 3760 1576 3814 mihi
1591 3776 1710 3814 munera
1727 3765 1783 3813 tum

145 3868 196 3921 que
204 3849 570 3921 fragmentasupertuerunt
578 3848 945 3903 edentibus.Noctemillam
985 3856 1089 3906 sanctae
1100 3851 1310 3917 benedictionis
1324 3856 1463 3921 quatenus
1472 3849 1522 3904 tibi
1533 3849 1562 3902 in
1572 3847 1785 3902 virtuteefficiar

146 3940 303 3994 insomnem
313 3939 533 4011 peneduximus,
542 3937 698 4008 divinisque
707 3937 943 3991 laudibusimmo·
985 3940 1094 4005 similis,
1111 3945 1139 3993 et
1149 3939 1411 3993 tuainterventione
1426 3939 1542 4009 spiritus
1552 3954 1631 3991 mous
1647 3937 1786 4007 dirigatur

145 4031 195 4085 rati
209 4045 319 4084 sumus.
985 4029 1051 4083 etin
1065 4029 1160 4083 futuro
1183 4035 1276 4082 tecum
1301 4028 1464 4099 participari
1488 4043 1607 4080 merear.
1641 4026 1695 4089 Qui
1721 4042 1785 4079 inox

181 4120 248 4174 Cir.
265 4118 342 4173 XJIl.
361 4148 393 4158 -
406 4116 488 4170 Mane
508 4115 590 4182 sacta,
607 4115 780 4185 posthoram
799 4113 943 4180 orationis,
986 4117 1287 4189 econtrarespondens,
1300 4117 1417 4187 protulit
1427 4117 1498 4170 ista:
1512 4115 1663 4187 Paphnuti,
1682 4131 1785 4169 necon-

149 4207 276 4262 ridebam
292 4207 400 4261 vultum
416 4207 477 4276 ejus
491 4205 598 4275 pallore
612 4203 653 4256 ita
667 4207 817 4270 mutatum,
836 4208 864 4256 et
878 4202 945 4273 quid
985 4207 1120 4260 tristeris:
1133 4207 1231 4277 petitio
1246 4212 1305 4270 tua,
1313 4204 1455 4258 tribuente
1463 4204 1591 4269 Domino,
1604 4203 1658 4257 erit
1666 4203 1783 4256 stabilis.

148 4297 279 4351 acciderit
302 4295 415 4366 quaesivi
429 4294 464 4347 ab
479 4310 521 4347 eo.
542 4292 595 4356 Qui
607 4292 665 4344 ait:
690 4292 754 4345 Non
769 4307 942 4362 expavescas,
987 4294 1035 4349 Sta
1050 4295 1079 4349 in
1090 4296 1154 4360 side,
1170 4294 1288 4347 viriliter
1302 4309 1363 4361 age,
1379 4292 1544 4345 oculoseum
1551 4291 1685 4344 mentead
1695 4292 1785 4343 Deum

147 4384 231 4440 irater
253 4384 404 4456 Paphnuti,
429 4382 562 4454 quoniam
576 4381 753 4451 omnipotens
779 4381 854 4434 Deus
868 4372 1787 4453 rectoDerige,inmandatiscorroborarebonumsaceroimpiger

148 4474 246 4528 itinere
260 4475 290 4527 in
303 4472 376 4527 hanc
390 4471 571 4527 solitudinem
586 4469 687 4524 direxit
703 4474 740 4532 te,
751 4474 783 4522 ut
793 4469 945 4523 honorilice
987 4471 1133 4539 contende,
1146 4471 1266 4526 etvibrm
1277 4477 1411 4525 aeternam
1418 4469 1597 4541 apprehende
1606 4470 1632 4535 (I
1645 4469 1706 4523 Gor.
1716 4470 1784 4534 xvi).

150 4563 266 4635 sepelias
275 4578 331 4629 me,
347 4566 433 4632 atque
447 4575 651 4631 corpusmeum
666 4558 844 4611 commendes
852 4562 944 4612 terra.
987 4562 1141 4631 Protegant
1153 4566 1181 4614 te
1200 4561 1292 4631 angeli
1307 4559 1367 4627 Dei,
1393 4565 1422 4613 et
1436 4564 1600 4612 conservent
1612 4562 1641 4610 tc
1660 4556 1694 4610 ab
1710 4557 1787 4610 omni

151 4651 203 4707 llac
215 4651 323 4706 etenim
335 4651 405 4704 hora
423 4651 519 4703 anima
531 4648 623 4702 carnis
637 4646 755 4700 vinculis
768 4645 922 4700 absolvitur
939 4666 945 4713 3
988 4649 1102 4703 consilio
1112 4649 1266 4721 pravitatis
1282 4654 1315 4703 ut
1329 4665 1416 4719 purus
1431 4653 1496 4701 ante
1510 4648 1599 4701 Deum
1612 4646 1787 4699 etimmacu-

150 4746 230 4813 atque
246 4740 282 4794 ad
292 4742 448 4793 creatorem
462 4737 581 4792 suumin
596 4737 706 4789 coeleste
717 4750 836 4803 regnum
850 4735 948 4805 depor·
988 4739 1063 4792 latus
1077 4739 1107 4791 in
1122 4738 1168 4792 dic
1182 4738 1224 4791 sui
1240 4736 1377 4791 examinis
1392 4734 1553 4789 inveniaris.
1571 4734 1710 4787 Posthac
1725 4749 1786 4787 sur-

150 4836 232 4884 tatur,
247 4826 555 4892 Frateramantissime,
568 4825 637 4889 (scio
648 4823 948 4893 namquedesiderium
990 4827 1072 4894 rexit,
1081 4831 1109 4881 et
1119 4826 1154 4880 ad
1165 4826 1316 4881 Dominum
1324 4823 1586 4895 lacrymansoravit,
1600 4823 1786 4891 goruallexit,

150 4919 235 4985 tuuntl
253 4916 367 4988 quando
379 4915 497 4970 redieris
511 4915 540 4967 in
556 4913 700 4984 AEgytum,
721 4927 879 4967 memorare
894 4912 949 4966 mei
991 4922 1075 4986 atque
1084 4916 1176 4970 subito
1186 4915 1265 4968 dixit:
1278 4916 1310 4969 ln
1322 4930 1422 4967 manus
1436 4920 1509 4972 tuas.
1521 4914 1605 4976 Deus,
1621 4912 1788 4966 commendo

151 5005 338 5078 inpraesentia
345 5005 463 5058 fratrum
471 5001 949 5071 tuorum,etinconspectuomnium
990 5005 1120 5075 spiritum
1132 5020 1234 5057 meum.
1244 5003 1371 5072 Cumque
1379 5001 1438 5055 haec
1453 5002 1578 5067 dixisset,
1591 5001 1686 5057 lumen
1695 5001 1789 5073 splen-

152 5095 292 5150 Christum
307 5093 468 5148 colentium.
487 5093 553 5146 llaec
568 5097 611 5145 est
631 5089 781 5161 postulatio
799 5105 859 5143 mea
875 5089 945 5158 (mh
990 5094 1195 5163 didumcorpus
1206 5092 1267 5161 ejus
1283 5088 1468 5151 obumbravit,
1481 5091 1548 5145 etin
1558 5090 1645 5160 ipsius
1661 5089 1789 5145 claritate

152 5199 232 5254 quam
248 5181 398 5254 impetravi
411 5199 428 5236 a
439 5181 559 5236 Domino
574 5181 641 5233 Deo.
659 5178 761 5248 Siquis
773 5177 945 5232 oblationem
991 5184 1106 5238 luminis
1116 5182 1212 5236 anima
1226 5185 1323 5234 sancta
1337 5196 1421 5233 carne
1435 5180 1526 5234 soluta
1539 5186 1590 5234 ost.

152 5271 182 5325 ob
196 5288 327 5327 amorem
350 5269 472 5324 nominis
496 5268 550 5322 mei
566 5273 632 5321 ante
646 5271 825 5337 conspectum
840 5266 951 5321 Domini
1028 5274 1093 5326 Car.
1109 5270 1343 5340 llll-Repente
1359 5286 1424 5322 vero
1438 5270 1705 5339 vocemangelorum
1714 5268 1789 5321 mul-

153 5360 237 5415 nastri
252 5361 321 5414 lesu
336 5359 451 5426 Christi,
464 5357 536 5411 etad
546 5356 658 5410 laudem
667 5356 729 5424 ejus
742 5353 798 5422 (21)
809 5354 946 5423 immolat,
990 5367 1083 5416 torum
1092 5359 1195 5425 audivi,
1205 5357 1380 5411 laudantium
1392 5359 1491 5423 Deum,
1504 5363 1532 5411 et
1546 5357 1574 5410 in
1590 5357 1715 5410 discessu
1725 5373 1789 5410 sart·

153 5448 182 5503 ab
197 5448 276 5503 omni
295 5447 451 5502 tentatione
466 5445 579 5510 diaboli,
598 5449 627 5498 et
645 5443 787 5498 avincula
803 5445 949 5514 pravitatis
990 5446 1119 5500 ctissimae
1138 5445 1240 5498 animae
1267 5443 1357 5497 sancti
1378 5442 1527 5513 Onuphrii,
1559 5442 1665 5495 athera
1683 5440 1790 5493 scilicet

153 5536 280 5593 hnmanae
293 5536 366 5591 liber
379 5536 482 5601 existit,
498 5541 583 5605 atque
598 5549 662 5588 cum
681 5532 906 5603 sanctisangelis
920 5534 950 5589 in
991 5527 1788 5604 angeliciscanticisresonantia(llpgaudiuminellabile
1823 5524 1826 5531 '
