3818 6120
141 254 193 312 775
707 249 754 304 DE
767 248 861 306 virts
880 244 1030 302 Paravit
1048 246 1154 303 LIBER
1173 248 1223 304 lll.
1388 296 1391 303 .
1732 255 1779 314 776

141 382 258 452 (Pascit,
270 398 292 437 c.
303 378 330 446 8,
344 395 373 433 n.
388 375 427 447 2).
443 377 514 432 Cum
533 379 627 431 autem
639 374 687 430 ille
708 391 802 430 vocem
818 373 971 440 fecisset,A
981 374 1107 444 quamvis
1119 374 1222 430 habeat
1235 376 1394 447 ingressum
1404 383 1608 452 ornatum‚per
1618 380 1780 452 poeticine

142 472 177 526 de
186 471 281 525 vicinis
290 468 357 524 locis
367 467 468 520 fratres
477 464 525 520 alii
535 466 709 520 confluentes
719 463 939 536 comprehende·
980 479 1046 516 men
1069 480 1087 518 a
1104 464 1260 520 latronibus
1290 470 1598 540 expugnaturchlcp,
1616 472 1702 525 libell.
1722 485 1778 539 vlu,

140 565 207 615 runt
226 575 282 613 eos.
294 558 369 621 Quos
378 555 559 610 transmissos
569 555 599 608 in
608 555 749 609 civitatem
762 553 849 624 judex
864 551 940 606 misit
980 570 1012 608 n.
1032 553 1068 620 9).

141 649 169 703 in
185 663 334 702 carcerem.
346 647 459 700 Fratres
469 660 536 714 ergo
550 644 591 698 illi
602 643 694 697 moesti
704 643 768 698 iacti
784 648 860 709 sunt,
873 641 940 713 quia
1016 643 1059 698 89.
1078 644 1196 709 Quidam
1220 646 1307 702 frater
1321 649 1467 720 requisivit
1487 648 1619 703 abbatem
1635 650 1722 709 isaac,
1738 650 1779 704 di-

139 743 254 809 propter
272 736 348 807 ipsos
368 735 493 788 latrones
506 733 602 787 traditi
618 737 712 787 essent
728 732 833 802 judici;
850 737 879 785 et
894 747 939 784 ve·
980 748 1065 786 cens:
1083 733 1171 801 Abba,
1188 752 1276 806 quare
1299 745 1327 791 te
1346 738 1387 792 ita
1400 738 1656 793 daemonestiment
1671 742 1776 807 (Peleo,

139 826 249 880 nientes
259 824 294 878 ad
306 823 436 880 abbatem
446 823 617 888 Poemenem,
626 821 889 877 renuntiaveruntei
900 819 939 874 t'a-
980 818 1077 884 libert,
1095 836 1173 873 nunt.
1184 820 1230 889 2⁸2,
1245 825 1356 876 nornine
1370 823 1497 894 ladonai?
1511 822 1669 894 Respondit
1680 839 1776 878 senex:

138 914 281 977 ctquui
289 912 441 984 scripsitad
449 910 604 975 eremitam,
617 911 727 965 dicens:
738 910 936 976 Reminiscere,
980 905 1019 959 Ex
1039 923 1093 977 quo
1109 908 1197 962 factus
1221 927 1284 964 sum
1307 912 1470 979 monachus,
1487 912 1576 965 statui
1594 912 1671 982 apud
1689 929 1733 966 me
1748 922 1777 967 ut

138 1003 231 1075 prima
236 1003 359 1074 proditio
368 1001 443 1056 unde
453 1000 527 1055 sacta
540 1001 636 1055 estlet
648 1006 715 1055 tunc
721 999 826 1055 videbis
841 1015 938 1053 secun·
979 994 1124 1050 iracundia
1139 1013 1202 1051 mea
1216 998 1283 1053 foris
1305 1006 1404 1070 guttur
1419 1017 1513 1054 meum
1528 1017 1584 1055 non
1597 1002 1775 1072 procedere&

137 1092 213 1147 dam.
225 1092 286 1148 Nisi
293 1091 368 1146 enim
378 1090 505 1163 proditus
515 1089 614 1144 fuisses
628 1088 664 1144 ab
675 1088 857 1144 interioribus
869 1087 935 1156 tuis,
978 1090 1086 1152 5143
1103 1091 1131 1140 et
1144 1086 1207 1141 ideo
1222 1088 1325 1142 timent
1340 1106 1385 1144 me
1400 1090 1554 1144 demones.

137 1181 289 1237 secundam
304 1180 492 1252 proditionem
505 1194 649 1250 nunquam
658 1184 858 1250 perpetrasses.
876 1177 937 1242 Quo
1014 1172 1059 1230 90.
1076 1175 1147 1230 Cum
1159 1177 1281 1231 venisset
1292 1179 1405 1249 quidam
1416 1179 1451 1233 de
1466 1177 1594 1250 patribus
1605 1179 1643 1233 ad
1654 1179 1778 1235 abbatem

136 1271 184 1326 ille
200 1287 329 1327 sermone
338 1286 401 1324 cum
411 1275 594 1340 compunctus
607 1274 690 1334 esset,
700 1269 729 1323 in
739 1268 816 1322 omni
828 1267 877 1321 illa
891 1283 937 1320 re·
978 1263 1238 1335 Achillamtl’clop„
1256 1269 1341 1323 libell.
1356 1283 1391 1334 xv,
1410 1285 1429 1321 n
1455 1267 1491 1335 9),
1504 1267 1575 1321 vidit
1590 1284 1657 1321 eum
1673 1271 1778 1339 sangari·

137 1362 221 1433 gioxm
234 1360 404 1424 nominatus,
413 1363 442 1413 et
449 1375 499 1431 per
513 1360 633 1415 multum
645 1363 821 1430 tempasnon
831 1357 935 1423 exiens,
978 1369 1042 1407 nem
1057 1360 1248 1425 exspuentem,
1258 1362 1286 1410 et
1296 1357 1442 1428 requisivit
1453 1356 1519 1428 quid
1531 1357 1584 1410 hoc
1592 1363 1669 1411 esset
1686 1359 1723 1412 At
1735 1359 1777 1413 illa

138 1450 260 1505 surrexit
269 1449 365 1504 statim
375 1453 404 1502 et
410 1446 522 1502 venitin
533 1448 688 1513 civitatem,
699 1452 728 1501 et
742 1446 885 1501 excutiens
899 1445 938 1499 la·
977 1443 1122 1514 respondit
1133 1463 1138 1496 :
1149 1444 1247 1499 Sermo
1257 1452 1319 1500 erat
1331 1445 1426 1501 fratris
1436 1446 1483 1518 qui
1493 1463 1539 1500 me
1554 1446 1774 1511 contristaverat

138 1543 234 1595 trones
248 1538 357 1612 publice
371 1538 407 1593 dc
417 1555 538 1605 carcere,
551 1536 680 1592 liberavit
693 1553 741 1593 eos
753 1536 936 1592 atormentis.
978 1538 1006 1588 et
1016 1535 1169 1605 repugnavi
1180 1540 1213 1590 at
1225 1551 1281 1590 non
1295 1536 1376 1591 illum
1385 1536 1517 1601 dicerem,
1526 1537 1574 1590 sed
1584 1537 1672 1607 petivi
1685 1538 1775 1592 Domi·

173 1629 218 1683 84.
254 1627 409 1697 Cujusdam
436 1626 594 1698 philosophi
626 1626 779 1697 discipulus
814 1626 938 1697 peccarit
977 1639 1055 1688 aum,
1071 1624 1253 1679 attollereta
1266 1642 1321 1685 me,
1338 1631 1367 1680 et
1381 1626 1470 1681 sactus
1485 1631 1528 1680 est
1541 1626 1589 1682 ille
1605 1643 1700 1680 sermo
1715 1643 1774 1681 san-

137 1721 275 1789 (Joonnes,
296 1719 380 1771 libell.
402 1716 427 1783 l,
444 1733 476 1774 n.
502 1715 563 1782 1213
584 1721 613 1770 et
630 1733 694 1770 cum
717 1714 770 1770 sibi
796 1713 1040 1787 indulgerissguis
1053 1713 1083 1767 in
1096 1729 1144 1767 ore
1158 1730 1229 1780 meo,
1243 1719 1272 1768 et
1285 1721 1434 1785 postquam
1450 1715 1556 1786 exspui,
1573 1716 1716 1786 requievi;
1731 1718 1774 1771 sed

137 1808 230 1874 vellet,
247 1806 315 1860 dicit
328 1806 353 1859 ei
369 1805 554 1876 philosophus
570 1823 576 1858 ε
591 1806 653 1859 Non
668 1804 719 1859 tibi
733 1804 874 1875 indulgeo,
882 1803 936 1859 nisi
978 1809 1006 1858 et
1019 1804 1108 1873 ipsam
1122 1804 1266 1859 tristitiam
1277 1810 1305 1858 et
1319 1822 1478 1860 sermonem
1491 1812 1578 1859 istum
1589 1805 1696 1860 oblitus
1707 1823 1771 1860 sum.

137 1897 168 1951 in
182 1896 227 1950 his
239 1893 329 1949 tribus
340 1894 421 1948 annis
431 1894 585 1966 portaveris
599 1910 685 1949 onera
695 1893 937 1948 aliorumcure-
1013 1892 1057 1948 91.
1074 1893 1194 1956 Quidam
1213 1893 1314 1948 fratres
1340 1895 1526 1948 veneruntad
1547 1894 1704 1965 quemdam
1720 1911 1775 1949 sau·

137 2002 217 2040 verso
229 1989 293 2055 post
307 1989 365 2038 tres
380 2000 477 2049 annos,
494 2000 557 2038 cum
575 1985 634 2054 jam
649 1990 763 2054 peccato
787 1981 937 2038 satisfecis-
978 1987 1053 2036 ctum
1062 1983 1320 2049 senem,sedentem
1328 1984 1356 2037 in
1366 1984 1517 2039 solitudine
1533 1987 1648 2054 (Peleu,
1658 1987 1773 2051 libetxv,

137 2079 189 2141 set,
210 2073 278 2128 dicit
291 2072 317 2127 ei
335 2073 518 2144 philosophus
535 2090 540 2125 :
557 2073 614 2128 Nec
629 2088 704 2128 nunc
718 2071 769 2126 tibi
786 2072 878 2126 adhuc
892 2071 936 2126 in·
978 2088 1007 2125 n.
1024 2070 1080 2143 ti);
1099 2079 1127 2125 et
1140 2072 1308 2127 invenerunt
1324 2073 1444 2127 infantes
1458 2089 1559 2144 pecora
1578 2080 1736 2145 pascentes,
1753 2080 1774 2128 et

135 2164 247 2234 dulgco,
262 2161 316 2215 nisi
330 2162 392 2216 aliis
402 2162 492 2217 tribus
507 2162 588 2216 annis
603 2162 713 2216 dederis
723 2161 766 2215 his
778 2160 936 2216 mercedem
977 2162 1126 2232 aliquoties
1134 2161 1209 2216 inter
1219 2180 1248 2217 se
1256 2163 1403 2233 loquentes
1417 2163 1500 2217 verba
1510 2164 1618 2234 turpia.
1628 2164 1775 2235 Postquam

136 2252 184 2326 qui
198 2258 227 2307 te
240 2251 351 2325 iniuriis
364 2256 393 2306 et
399 2251 530 2306 conviciis
539 2251 679 2321 allligunt.
689 2251 768 2315 Quod
780 2250 864 2305 etiam
872 2266 936 2304 cum
978 2256 1073 2304 autem
1084 2251 1118 2305 de
1130 2252 1249 2322 singulis
1257 2252 1473 2322 cogitationibus
1484 2253 1673 2324 requirentes,
1685 2271 1703 2307 a
1717 2271 1774 2309 sene

134 2342 183 2397 ille
193 2343 370 2415 complesset,
379 2341 497 2395 remisso
509 2345 621 2406 peccato
638 2341 709 2410 ejus,
726 2339 794 2393 dicit
809 2339 834 2393 ei
850 2338 936 2410 magi·
976 2349 1145 2412 acceperunt
1159 2358 1334 2413 responsum,
1354 2343 1452 2397 dicunt
1463 2343 1489 2396 ei
1507 2361 1512 2395 ε
1534 2343 1774 2406 Quemadmodum

136 2436 194 2487 ster
206 2449 273 2487 suus
289 2450 294 2484 ι
312 2431 383 2485 Veni
406 2430 489 2484 modo
507 2434 536 2483 et
554 2429 701 2499 ingredere
720 2427 934 2483 Atheniensium
977 2436 1057 2501 potes
1072 2431 1222 2496 sustinere,
1238 2430 1319 2498 abba,
1335 2449 1415 2487 voces
1439 2431 1590 2486 infantium
1606 2432 1738 2498 istorum,
1753 2438 1776 2486 et

136 2521 287 2588 civitatem,
298 2526 330 2574 ut
339 2517 567 2590 illicsapientiam
577 2517 667 2588 possis
677 2516 794 2571 discere.
802 2517 870 2571 Erat
883 2533 934 2572 au·
977 2535 1029 2573 nec
1041 2519 1169 2591 precipis
1180 2519 1220 2573 eis
1231 2525 1329 2574 utnon
1342 2521 1384 2574 ita
1394 2520 1604 2576 vociferentur?
1620 2522 1656 2576 Et
1666 2520 1735 2576 dicit
1743 2519 1776 2575 eis

135 2613 193 2665 tem
207 2610 246 2664 ibi
257 2609 372 2680 quidam
380 2624 464 2662 senex
472 2606 610 2678 sapientia
620 2606 771 2673 studiosus,
782 2611 810 2661 et
820 2605 935 2661 sedebat
977 2625 1083 2663 senex:
1101 2610 1133 2664 In
1151 2609 1279 2672 veritate,
1305 2609 1413 2675 iratres,
1440 2610 1579 2681 plurimos
1598 2610 1661 2666 dies
1686 2610 1776 2665 habuit

134 2700 169 2754 ad
184 2705 304 2771 portam,
319 2713 472 2769 omnesque
482 2696 672 2767 ingredientes
679 2695 839 2766 experiendi
850 2712 935 2750 causa
976 2697 1108 2768 cogitatio
1137 2715 1201 2752 mea
1228 2698 1322 2753 volens
1345 2698 1401 2753 illis
1423 2698 1530 2769 aliquid
1549 2699 1657 2764 dicere,
1675 2700 1724 2754 sed
1738 2716 1776 2754 re·

134 2787 265 2845 conviciis
279 2786 422 2857 affligebat
438 2786 490 2857 (14)
505 2803 511 2853 ;
528 2784 576 2856 qui
596 2801 660 2840 cum
682 2784 756 2840 idem
768 2785 864 2855 juveni
879 2785 936 2839 illic
977 2787 1077 2857 dargui
1086 2787 1294 2858 memetipsum,
1307 2793 1441 2858 reputans
1455 2787 1525 2841 mihi
1540 2806 1546 2840 ε
1564 2788 1597 2842 Si
1609 2805 1714 2859 parum
1728 2789 1773 2843 boc

134 2878 303 2949 ingredienti
323 2876 435 2942 faceret,
459 2875 507 2929 ille
525 2880 620 2929 exorto
641 2874 777 2929 cachinno
791 2875 862 2929 risit.
883 2874 935 2929 Cui
976 2892 1033 2931 non
1044 2881 1134 2947 porto,
1147 2876 1297 2948 quomodo,
1311 2877 1335 2931 si
1350 2876 1520 2947 maiormihi
1529 2878 1653 2932 tentatio
1664 2878 1774 2933 advene

135 2983 219 3022 senex
233 2965 291 3021 ait:
309 2963 382 3028 Quid
397 2968 440 3018 est
451 2963 503 3016 hoc
519 2962 592 3033 quod
605 2962 684 3033 agis?
699 2979 750 3032 ego
764 2967 792 3017 te
804 2962 933 3033 iujurior‚
977 2966 1022 3031 rit,
1038 2964 1172 3036 portabo?
1186 2966 1220 3020 Et
1243 2965 1306 3020 idco
1329 2966 1384 3020 illis
1400 2965 1472 3020 nihil
1485 2965 1557 3033 dico,
1586 2972 1620 3021 ut
1645 2968 1698 3022 liat
1714 2967 1775 3021 mihi

134 3061 203 3110 etta
217 3053 312 3108 rides?
327 3052 379 3107 Cui
389 3052 500 3122 juvenis
515 3051 574 3105 ait:
589 3051 624 3105 Et
641 3067 698 3105 non
714 3051 754 3105 vis
766 3056 799 3106 ut
814 3051 932 3119 rideam,
976 3055 1149 3133 consuetudo
1164 3054 1304 3126 portandi.

134 3162 198 3200 cum
212 3142 303 3199 tribus
317 3141 399 3196 annis
409 3141 566 3196 mercedem
581 3140 706 3195 dederim
716 3140 809 3195 uthoc
822 3147 934 3211 paterer
1010 3145 1081 3199 ltem
1097 3143 1180 3198 dixit:
1196 3144 1295 3215 Siquis
1310 3144 1435 3215 linguam
1446 3161 1526 3199 suam
1540 3160 1599 3199 non
1614 3145 1774 3200 tenueritin

134 3233 209 3308 quod
224 3232 307 3287 hodie
318 3248 335 3286 a
348 3236 376 3286 te
391 3232 480 3302 gratis
495 3230 607 3301 patior?
620 3231 698 3285 Tunc
712 3246 796 3285 senex
805 3229 876 3284 dixit
887 3229 931 3285 ei:
974 3239 1100 3304 tempore
1114 3233 1173 3296 irae,
1197 3249 1249 3288 nec
1264 3233 1423 3304 passionem
1438 3233 1531 3288 carnis
1552 3250 1612 3289 suae
1627 3234 1774 3306 aliquando

133 3322 284 3395 Ingredere
294 3338 361 3392 ergo
375 3319 601 3392 civitatem,quia
610 3319 758 3391 dignuses.
767 3320 825 3373 Hoc
835 3323 931 3374 autem
974 3323 1079 3394 poterit
1092 3322 1245 3377 continere.

132 3411 241 3469 solebat
255 3410 340 3466 abbas
354 3410 368 3464 J
371 3426 476 3464 oannes
490 3408 602 3474 referre,
619 3414 647 3462 et
667 3408 711 3463 his
725 3408 785 3480 ipse
800 3408 929 3477 addebat,
1008 3411 1052 3467 92.
1061 3410 1154 3467 Abbas
1169 3412 1183 3466 J
1186 3427 1291 3466 oannes
1304 3411 1372 3466 dum
1384 3411 1497 3466 sederet
1510 3411 1587 3466 inter
1601 3412 1706 3467 tratres
1723 3415 1772 3478 (Pe-

131 3502 227 3558 dicens
242 3520 247 3556 :
267 3501 331 3555 Hac
346 3504 389 3554 est
403 3504 483 3569 porta
497 3497 558 3564 Dei,
574 3513 720 3569 perquam
734 3503 827 3567 patres
842 3498 931 3553 nostri
973 3506 1039 3570 loq,
1059 3504 1144 3556 libell.
1160 3518 1216 3564 xvv,
1231 3518 1260 3555 n.
1276 3500 1346 3570 3l,et
1360 3500 1463 3570 singuli
1477 3516 1541 3555 eum
1550 3501 1585 3555 de
1598 3503 1721 3573 propriis
1730 3518 1772 3556 co·

132 3609 183 3664 per
196 3591 299 3646 multas
309 3588 506 3643 tribulationes
521 3593 550 3642 et
571 3587 689 3657 injurias
708 3587 864 3656 gaudentes
886 3587 931 3643 ia·
971 3590 1156 3663 gitationibus
1166 3592 1351 3662 inquirerent,
1359 3595 1444 3660 atquc
1455 3589 1501 3643 ille
1511 3605 1683 3661 responsum
1693 3590 1773 3645 omni·

133 3681 223 3752 gressi
237 3684 304 3735 sunt
318 3676 458 3732 civitatem
478 3675 539 3730 Dei.
972 3679 1024 3734 bus
1038 3679 1127 3746 daret,
1140 3680 1256 3752 quidam
1270 3696 1353 3734 senex
1364 3696 1396 3733 ex
1411 3678 1516 3734 invidia
1529 3678 1600 3733 dicit
1613 3679 1642 3733 ei
1657 3699 1663 3734 :
1678 3680 1723 3734 Sic
1736 3683 1773 3734 ast

168 3767 212 3826 85.
230 3767 350 3833 Quidam
363 3766 452 3821 frater
464 3763 611 3837 requisivit
633 3781 740 3833 senem,
757 3766 852 3821 dicens
867 3784 873 3820 :
890 3766 930 3821 Da
971 3768 1017 3824 hic
1026 3769 1148 3824 loannes
1157 3768 1547 3841 quomodomuliermeretrix
1556 3784 1664 3823 ornans
1677 3774 1773 3823 semet·

134 3855 217 3921 mihi,
247 3861 343 3928 pater,
373 3870 458 3908 unam
489 3870 550 3909 rem
574 3869 659 3926 quam
687 3855 864 3922 custodiam,
903 3860 931 3911 et
972 3858 1074 3929 ipsam,
1088 3864 1121 3915 ut
1134 3865 1285 3931 congreget
1299 3857 1581 3913 sibiamatorcs,Cui
1595 3856 1683 3912 abbas
1696 3859 1773 3912 ioan

133 3945 285 4017 salverper
300 3958 374 3998 eam.
398 3943 552 4014 Respondit
571 3943 596 3998 ei
619 3960 703 3998 senex
721 3962 727 3998 :
753 3945 783 3999 Si
804 3945 931 4016 potueris
972 3965 1022 4003 nes
1032 3949 1091 4004 ait:
1109 3947 1303 4014 Verumdicis,
1316 3947 1396 4014 abba,
1417 3951 1446 4001 et
1460 3963 1515 4001 non
1531 3951 1576 4001 est
1588 3947 1675 4001 aliter
1688 3966 1694 4014 ;
1708 3963 1772 4001 nam

132 4034 263 4106 injuriari
276 4041 306 4088 ct
315 4032 387 4087 allici
399 4031 538 4099 conviciis,
551 4038 580 4087 ct
591 4039 704 4104 portare
718 4049 750 4088 ac
761 4038 864 4101 tacere,
874 4051 932 4090 ma·
971 4044 1000 4092 et
1010 4038 1061 4093 hoc
1075 4037 1169 4110 ipsum
1182 4038 1256 4093 Deus
1271 4037 1321 4091 tibi
1337 4036 1477 4090 revelavit.
1494 4036 1653 4107 Respondit
1668 4037 1709 4091 illi
1718 4037 1768 4091 ite·

130 4140 187 4196 gna
201 4128 243 4178 est
257 4124 316 4178 haec
328 4138 382 4189 res,
399 4127 427 4175 et
442 4139 527 4193 super
540 4121 595 4178 alia
610 4122 746 4178 mandata
769 4126 878 4194 (Pelea,
897 4127 932 4180 lv'-
971 4143 1034 4181 rum
1045 4126 1092 4181 ille
1103 4144 1197 4195 senex,
1209 4126 1320 4182 dicens.
1338 4127 1411 4180 Nam
1426 4130 1455 4180 et
1468 4141 1516 4179 vas
1526 4130 1620 4192 tuum,
1639 4127 1767 4191 Ioannes,

133 4214 195 4269 bell.
213 4230 258 4280 xv,
276 4229 303 4267 n.
315 4209 371 4279 83).
971 4233 1077 4272 veneno
1098 4218 1213 4288 plenum
1233 4222 1286 4271 est.
1308 4217 1345 4270 At
1363 4216 1484 4270 ioannes
1504 4214 1544 4269 ait
1558 4214 1600 4268 illi
1620 4232 1626 4267 :
1651 4216 1696 4270 Sic
1718 4220 1767 4280 est,

167 4301 212 4360 86.
223 4299 465 4372 Interrogantibus
474 4301 641 4372 quibusdam
652 4300 784 4356 fratribus
798 4301 927 4357 abbatem
971 4305 1052 4373 abba,
1066 4310 1099 4360 ut
1109 4305 1212 4372 dixisti,
1225 4311 1253 4360 et
1265 4306 1317 4359 hoc
1331 4304 1408 4371 dicis,
1425 4304 1492 4376 quia
1513 4303 1562 4358 illa
1573 4304 1768 4359 tantummodo

44 4435 48 4444 .
130 4393 242 4465 iloysen
251 4407 420 4455 sermonem,
430 4389 659 4445 illehortatusest
668 4391 835 4462 discipulum
846 4377 961 4446 suumD
972 4412 1033 4467 qua
1046 4395 1148 4450 deforis
1161 4401 1228 4450 sunt
1241 4395 1330 4462 vides;
1347 4410 1413 4449 nam
1428 4394 1452 4447 si
1468 4410 1501 4448 ea
1515 4409 1579 4463 quae
1599 4393 1768 4449 intrinsecus

129 4482 292 4538 Zachariam
306 4485 339 4535 ut
353 4478 393 4534 eis
402 4478 507 4551 aliquid
521 4479 635 4535 diceret.
662 4482 740 4536 Tunc
754 4481 801 4535 ille
811 4481 929 4552 pallium
970 4491 1037 4541 sunt
1051 4485 1169 4552 videres,
1186 4489 1292 4556 quanto
1306 4484 1370 4556 plus
1380 4482 1499 4539 haberes
1509 4483 1586 4554 quod
1597 4483 1726 4538 diceres?
1736 4483 1769 4537 lit

130 4589 213 4628 suum
227 4570 358 4643 deposuit
373 4568 472 4624 subtus
485 4569 570 4640 pedes
584 4586 659 4636 suos,
673 4578 701 4625 et
715 4571 887 4625 conculcavit
894 4570 929 4624 il·
970 4581 1033 4648 post
1048 4576 1101 4630 hoc
1118 4575 1233 4646 quidam
1248 4591 1281 4628 ex
1301 4573 1445 4644 discipulis
1466 4573 1528 4642 eJus
1546 4571 1619 4626 dixit
1634 4573 1662 4627 ei
1680 4592 1685 4626 :
1709 4574 1768 4628 Non

131 4663 190 4729 lud,
208 4668 237 4717 et
246 4660 316 4716 dixit
329 4678 335 4713 ε
352 4658 411 4714 Nisi
423 4657 529 4730 quissic
537 4658 817 4727 fueritconculcatus,
829 4677 927 4715 mona·
971 4682 1000 4720 es
1012 4663 1194 4720 conturbatus
1207 4663 1336 4728 interius,
1344 4662 1463 4728 abba,in
1471 4660 1563 4715 verbis
1576 4663 1655 4717 senis
1661 4659 1768 4735 huiusi

130 4752 198 4806 chus
210 4768 270 4808 esse
283 4766 339 4804 non
354 4753 447 4820 potest
458 4749 568 4817 (Pelea,
586 4751 658 4803 litat.
670 4766 714 4815 xv,
733 4765 761 4803 n.
778 4749 832 4816 17).
970 4754 1022 4809 Cui
1038 4754 1085 4808 ille
1099 4753 1259 4826 respondit:
1272 4752 1334 4808 Non
1350 4771 1356 4805 :
1378 4750 1426 4807 sed
1440 4751 1513 4805 sicut
1527 4750 1768 4819 sandalariam

166 4836 210 4895 87.
227 4837 344 4894 Dicebat
358 4837 444 4892 abbas
458 4837 596 4892 Macarius
610 4856 616 4891 :
633 4837 683 4892 llle
696 4852 760 4892 vere
779 4844 822 4893 est
833 4855 929 4893 mona·
970 4859 1033 4898 sum
1045 4842 1166 4898 deintus.

132 4925 210 4995 chus,
227 4925 317 4998 quise
332 4927 361 4981 in
375 4925 504 4982 omnibus
519 4927 614 4982 vincit.
629 4928 701 4982 Nam
717 4928 741 4982 si
761 4928 823 5000 quis
840 4927 927 4983 alium
1004 4929 1048 4989 93.
1064 4932 1131 4986 Erat
1147 4931 1261 5003 quidam
1280 4947 1364 4986 senex
1381 4930 1411 4987 in
1424 4931 1556 5003 AEgypto,
1572 4938 1603 4987 et
1617 4938 1768 5004 antequam

131 5028 252 5087 arguens
264 5016 299 5070 ad
314 5015 488 5071 iracundiam
502 5021 638 5083 moretur,
662 5017 804 5088 propriam
820 5016 926 5089 passio·
968 5022 1075 5076 veniret
1085 5020 1151 5076 illuc
1161 5020 1246 5075 abbas
1256 5020 1486 5091 Poemen,grandi
1496 5022 1679 5077 veneratione
1688 5020 1769 5076 habe·

130 5120 196 5160 nem
209 5104 317 5176 implet.
339 5105 397 5160 Nec
411 5105 487 5160 enim
502 5112 534 5161 ut
555 5105 676 5162 alterum
701 5107 789 5162 salvet
807 5107 931 5178 seipsum
973 5109 1057 5166 batur
1080 5110 1115 5165 ab
1129 5110 1260 5165 omnibus
1275 5113 1389 5178 rPclao,
1405 5112 1489 5164 libell.
1508 5124 1575 5176 xvrl,
1593 5128 1624 5165 n.
1645 5108 1684 5174 8).
1701 5111 1769 5166 Cum

130 5193 214 5249 debet
227 5194 353 5265 perdere.
970 5205 1064 5254 autem
1077 5199 1162 5254 abbas
1173 5200 1287 5254 Pmmen
1302 5199 1337 5253 de
1352 5198 1447 5271 Scythi
1457 5199 1768 5266 illucsubiissctmulti,

165 5283 213 5340 88.
227 5282 382 5348 Quemdam
397 5283 574 5339 fratremsub
588 5283 854 5356 praescntiaabbatis
868 5288 926 5341 An·
967 5289 1065 5345 relicto
1080 5290 1128 5343 illo
1146 5306 1221 5354 sene,
1245 5287 1395 5343 veniebant
1414 5289 1450 5343 ad
1469 5287 1553 5355 hunc,
1574 5294 1604 5342 et
1622 5295 1769 5360 propterea

129 5374 201 5431 tonii
210 5373 258 5428 alii
269 5371 370 5426 fratres
378 5372 638 5441 collaudabant;sed
649 5392 713 5430 cum
719 5381 855 5430 tentasset
861 5390 926 5431 eum
967 5378 1051 5450 coepit
1065 5378 1106 5433 illi
1118 5378 1244 5433 invidere
1257 5378 1447 5434 etdetrahere.
1461 5377 1542 5442 Quod
1551 5378 1671 5434 audiens
1685 5377 1769 5432 abbas

129 5481 224 5533 senex,
239 5461 344 5535 reperit
352 5461 427 5534 quod
437 5477 493 5517 non
508 5463 637 5519 sufferret
655 5464 799 5535 injuriam.
811 5466 846 5520 Et
859 5465 927 5521 dicit
967 5467 1330 5535 Poemen,contristatusest
1340 5472 1368 5523 et
1377 5467 1451 5522 dixit
1463 5465 1684 5523 fratribussuis:
1697 5465 1769 5532 Quid

127 5555 154 5612 ei
167 5570 252 5612 senex
262 5568 269 5611 t
278 5552 320 5610 'lu
335 5550 449 5628 quidem
458 5550 545 5607 frater
559 5551 658 5610 similis
673 5570 703 5609 es
717 5555 834 5611 aedilicio
851 5553 925 5628 quod
968 5556 1111 5615 facimus?
1126 5557 1192 5630 quia
1210 5557 1240 5615 in
1254 5556 1467 5616 tribulationem
1487 5557 1630 5614 miserant
1644 5573 1696 5613 nos
1718 5557 1768 5615 ho·
