3818 6120
142 209 194 271 707
647 212 696 271 ΒΕ
712 211 808 273 vlnus
825 210 975 273 armum
992 212 1100 273 LIBER
1117 212 1264 273 eamus.
1731 208 1782 271 'iffi

141 338 187 395 ria
201 336 324 394 Ostiensi
338 336 458 409 positam
477 336 679 419 perduxerunt,
696 355 751 412 quo
766 340 809 407 (nt
822 343 938 395 eventus
943 342 971 403 A
981 340 1063 396 malis
1077 357 1122 396 me
1134 338 1239 396 crucio.
1250 337 1403 409 Postquam
1412 351 1479 393 vero
1488 333 1681 393 clarissimum
1694 340 1782 393 terra·

142 409 246 477 docuit)
261 408 470 464 custodirentur
483 415 603 465 intacta.
981 429 1045 468 rum
1067 411 1193 466 omniurn
1214 409 1310 464 lumen
1330 407 1498 463 exstinctum
1517 413 1571 467 est.
1587 406 1647 463 imo
1660 406 1781 465 Romani

177 484 239 536 Post
248 484 355 549 aliquos
369 480 448 549 dira]
464 480 684 547 Baronius,ibrd.
701 483 857 538 :Caeterum
873 500 939 555 pau·
980 483 1090 554 imperii
1103 487 1265 537 truncatum
1273 485 1366 551 capnt,
1374 484 1403 534 et
1418 478 1673 547 (atteriusdicam)
1685 478 1716 535 iu
1726 496 1782 535 una

142 568 189 607 cos
200 558 264 624 post
272 551 332 605 dies
341 550 470 605 eamdem
480 558 605 606 sanctam
619 552 772 607 Marcellam
781 570 813 607 ex
824 555 876 609 hac
882 555 940 609 vita
980 554 1134 609 arbetetus
1144 552 1219 608 orbis
1229 551 1482 613 interiitotmatui,
1494 556 1518 605 et
1529 552 1779 617 humiliaturum,

142 624 287 693 migrasse,
303 622 379 675 idern
392 629 505 677 sanctus
516 623 703 696 Hieronymus
717 625 798 679 docet
819 625 872 690 Qui
888 626 940 680 hoc
980 628 1081 680 etsilai
1088 627 1119 679 de
1130 623 1296 692 bonisffsal.
1306 626 1486 687 nixantem.
1496 622 1561 677 Haeo
1572 620 1779 694 Hieronymus:

140 701 198 748 tem
237 710 267 748 rc
281 710 345 747 cum
360 692 537 748 elucubraret
546 696 762 750 commentarios
776 712 862 767 super
875 698 940 751 Ene-
981 695 1082 768 quibus
1088 694 1325 767 significatpaulo
1335 700 1398 765 post
1406 700 1596 765 expugnatam
1606 692 1781 760 urbem,san·

140 764 201 819 chia
213 781 268 829 em,
285 780 341 819 uno
362 764 516 836 eodemque
540 767 639 821 nuntio
659 766 831 821 obsidionem
850 768 937 832 urbis,
980 772 1053 822 ctam
1064 763 1618 829 Marcellamdiemclausisscextremum,
1630 766 1780 835 cujusme-

141 834 326 906 eamdemque
341 842 451 908 captam
462 835 578 903 audivit,
596 837 735 907 simulque
749 844 852 893 sancte
867 839 939 893 Mar·
980 839 1100 893 moriam
1115 837 1238 893 reddunt
1258 834 1450 891 ecclesiasticae
1468 834 1571 891 tabulae
1589 835 1782 891 anniversarie

140 907 216 961 cellae
230 907 404 977 atquechari
418 907 591 963 Pammachii
610 908 645 962 ad
661 908 752 963 Deum
766 910 936 975 transitum·
979 909 1034 973 die,
1046 910 1095 964 sed
1105 925 1220 980 nonque
1232 907 1376 980 ipsaobiit,
1386 922 1482 961 verum
1512 923 1549 962 ua
1566 905 1725 962 decentiori
1739 922 1781 961 se·

139 987 205 1032 nam
222 977 261 1032 ibi
270 977 341 1031 istai
362 994 392 1032 se
404 977 553 1048 praefatur:
567 980 702 1045 (Hiereia,
709 981 818 1048 prasat.
828 984 859 1034 tn
869 980 939 1035 lib.1
979 980 1093 1052 pultuna
1105 980 1220 1043 donata,
1235 978 1374 1034 translata
1384 983 1436 1040 est,
1447 977 1490 1049 pri
1511 978 1537 1032 'e
1546 978 1611 1033 Kal.
1624 977 1779 1045 Februarii,

141 995 745 1130 tenementisKaeeh.lTransire,inquit,cu
768 1049 940 1123 iebam(post
979 1068 1043 1107 cum
1054 1051 1226 1113 Pammachi,
1249 1049 1387 1104 uicodem
1395 1047 1781 1120 temporeobiit,diesnatalis

137 1120 399 1193 interpretationem
407 1120 514 1175 scilicet
524 1120 733 1176 elaboratamin
753 1120 939 1194 seiam)etex·
980 1128 1081 1194 agatur
1094 1123 1178 1176 tertio
1194 1068 1312 1176 Kalend.
1328 1119 1469 1192 Septemb.
1480 1119 1533 1185 Qui
1546 1119 1636 1191 igitur
1644 1135 1781 1244 sanguiue

139 1197 260 1246 tremam
270 1192 317 1263 (ut
330 1189 444 1262 dicitur)
456 1207 570 1246 manum
580 1191 808 1317 operiimponerc
816 1194 939 1264 prophe·
980 1193 1121 1319 conpuncti
1138 1198 1228 1258 orant,
1252 1195 1281 1246 et
1299 1193 1363 1246 vitae
1383 1196 1487 1246 sanctae
1513 1190 1645 1246 instituto
1668 1207 1702 1245 co
1714 1191 1780 1262 lege

140 1263 199 1319 tali.
212 1262 418 1318 Eteccesubito
428 1262 581 1317 morsmihi
614 1262 937 1335 ammachiiatquellar·
980 1265 1035 1325 tam
1055 1263 1160 1319 oenim
1176 1263 1360 1318 monasticam
1380 1262 1560 1318 excoluerant
1586 1260 1779 1334 disciplinam)

140 1333 226 1393 cellae.
242 1333 375 1388 Romanae
389 1332 467 1389 urbis
476 1332 592 1390 obsidio.
605 1334 939 1406 multorumquelratrum
979 1334 1065 1391 iidem
1079 1334 1210 1390 obierunt
1228 1334 1281 1389 hoc
1295 1335 1394 1390 eodem
1409 1349 1493 1388 anno.

140 1404 940 1477 etsororumdormitionuntiataest.Atqueitaconsterna-
1016 1407 1056 1461 De
1065 1407 1109 1461 his
1118 1412 1182 1478 post
1191 1412 1234 1460 tot
1242 1410 1378 1477 tantaque
1386 1405 1516 1477 superius
1530 1403 1617 1469 dicta,
1632 1404 1705 1459 illud
1715 1404 1781 1460 satis

140 1482 187 1532 tus
198 1474 339 1549 obstupui,
354 1482 386 1530 ut
400 1476 470 1530 nihil
480 1476 557 1531 aliud
572 1476 670 1531 diebus
688 1493 720 1531 ae
733 1476 868 1540 noctibus,
884 1476 940 1533 nisi
980 1477 1016 1532 ad
1033 1477 1179 1548 utriusque
1194 1476 1316 1543 leudem,
1332 1476 1407 1547 quod
1417 1481 1530 1531 sanctus
1546 1474 1781 1548 hieronymusin

141 1546 176 1602 de
194 1547 421 1602 saluteomnium
436 1547 600 1617 cogitarem,
616 1564 707 1619 neque
725 1547 756 1601 in
779 1548 940 1619 captivitate
981 1549 1143 1621 praefatione
1157 1547 1191 1603 ad
1205 1547 1318 1603 eosdem
1334 1548 1364 1603 in
1377 1546 1522 1603 Danielem
1539 1565 1545 1600 :
1564 1565 1578 1600 r
1595 1546 1721 1603 Obsecro
1736 1546 1782 1607 tin·

140 1622 301 1674 sanctorum
309 1628 437 1690 putarem
447 1634 508 1673 essa
518 1618 671 1690 captivum:
682 1634 734 1673 nec
742 1635 852 1688 possem
864 1619 941 1701 prius
974 1617 1781 1746 'guitrvosfflammachipdopettsrarsetMarcella,unicum

141 1705 191 1743 ora
201 1706 336 1756 reserare,
348 1690 403 1743 nisi
417 1689 523 1761 aliquid
533 1690 772 1757 certiusdicerem,
789 1690 855 1745 dnm
866 1696 941 1745 mter
1007 1707 1114 1747 omanae
1130 1689 1287 1746 sanctitatis
1301 1690 1451 1760 exemplar,
1467 1691 1581 1760 junctos
1603 1690 1660 1744 tide
1674 1696 1706 1743 et
1722 1705 1782 1744 sau·

140 1777 219 1832 spem
227 1766 256 1817 et
264 1760 628 1833 desperationemsollicitus
637 1761 756 1833 pendeo,
764 1762 940 1833 aliorumque
980 1762 1235 1834 guinemarum
1245 1759 1780 1832 meosvestrisorationibussdjuveris.»

543 1946 1351 2201 Mamurium

294 2312 748 2545 LIBER
798 2302 1621 2592 SECUNDUS,

908 2635 1006 2700 SIVE

169 2813 769 2988 HISTORIA
838 2808 1739 2982 MONACHORUM

373 3080 601 3155 AUCTORE
625 3077 845 3154 RUFFINO
872 3070 1184 3162 AQUILEIENSI
1211 3071 1539 3148 PRESBYTERO.

137 1946 539 1964 m

320 3374 711 3476 PRAELUDIA
749 3376 825 3474 IN
860 3374 1145 3474 LIBRUM
1181 3369 1587 3472 SECUNDUM.

826 3678 1090 3820 latori.

172 3911 266 3973 ΨΜ
280 3907 351 3971 Quia
365 3905 409 3960 hic
424 3906 480 3960 duo
492 3908 650 3975 sequuntur
663 3904 736 3971 libri,
748 3905 860 3961 Rufflno
872 3904 916 3960 vel
931 3910 1045 3959 auctora
1058 3903 1102 3958 vel
1113 3903 1267 3974 interprete
1275 3900 1320 3970 (ds
1331 3916 1387 3974 qua
1400 3917 1432 3957 re
1446 3900 1632 3956 disseruimus
1644 3900 1771 3972 Prolego·

135 4012 218 4051 meno
234 3994 260 4062 l,
272 3993 285 4067 5
297 3993 340 4063 10)
357 3995 463 4067 placuit
476 3994 531 4062 hic,
545 3994 619 4064 quod
633 4000 661 4050 et
675 3995 766 4068 primo
781 3994 853 4051 libro
870 3995 899 4050 in
915 3995 1085 4066 Hieronymo
1105 3991 1297 4065 prestitimus,
1313 4008 1346 4046 ex
1361 3991 1456 4062 magni
1469 3989 1595 4045 historici
1614 3989 1770 4045 Annalibus

135 4084 240 4141 Rudini
255 4084 510 4157 peregrinationem
525 4082 652 4155 seligere,
670 4100 790 4157 eamque
803 4084 894 4141 verbis
908 4084 1076 4140 Baronianis
1100 4088 1265 4156 repraestare
1285 4082 1327 4154 [F.
1347 4080 1572 4154 repraesentare}
1590 4081 1685 4136 Sicubi
1706 4078 1771 4153 qnid

133 4172 291 4241 obscurum,
305 4174 348 4229 vel
362 4173 386 4229 si
400 4173 500 4244 quain
514 4190 545 4229 re
560 4189 617 4229 non
630 4173 743 4230 omniuo
759 4174 899 4231 internos
913 4172 1052 4241 convenit,
1071 4172 1186 4230 Notatio
1201 4178 1231 4228 et
1242 4172 1334 4228 lucem
1349 4170 1524 4238 obscuritati,
1539 4175 1569 4226 et
1583 4169 1702 4227 diverse
1715 4168 1772 4243 opi·

132 4264 255 4320 nationis
270 4263 409 4319 rationem
421 4262 508 4319 dabit,

167 4352 240 4417 Quia
247 4369 312 4408 vero
322 4352 460 4408 Beronius
470 4352 639 4407 existimavit
649 4351 792 4408 Bullinum
802 4351 927 4412 Melania
936 4350 1050 4408 haesisse
1058 4350 1151 4419 lateri,
1161 4351 1278 4422 ejusque
1288 4347 1522 4423 peregrinationis
1532 4347 1619 4403 luisse
1626 4350 1769 4416 comitem,

130 4441 279 4515 utriusque
289 4442 529 4514 peregrinationes
544 4442 620 4497 velut
636 4446 729 4497 rotam
743 4448 811 4497 rotae
827 4441 955 4509 intexuit,
972 4458 1024 4497 nec
1036 4458 1083 4498 eas
1095 4456 1169 4507 nunc
1183 4440 1253 4495 nuihi
1266 4439 1410 4514 disparare
1418 4442 1533 4515 placuit,
1547 4444 1597 4500 sed
1610 4449 1645 4499 ut
1651 4440 1771 4499 Barouio

130 4530 231 4598 visum,
244 4547 384 4587 connexas
398 4529 514 4586 exhibeo
524 4548 531 4597 ς
548 4529 601 4584 etsi
615 4528 695 4585 nulla
706 4530 833 4587 Melaniae
845 4531 898 4586 hoc
911 4528 984 4587 libro
996 4531 1047 4587 fiat
1060 4529 1176 4597 mentio,
1184 4530 1234 4586 sed
1244 4530 1279 4585 de
1293 4546 1327 4586 ea
1340 4536 1437 4587 octavo
1450 4532 1565 4589 demum
1576 4531 1651 4588 libro
1665 4531 1696 4588 in
1707 4528 1771 4587 Pal·

131 4618 200 4675 ledii
214 4620 333 4676 historia
347 4621 484 4677 lausiaca
499 4621 628 4676 disertim
639 4625 750 4692 agatur.

166 4708 236 4764 Toto
250 4711 363 4782 quidem
380 4710 433 4766 hoc
446 4709 517 4766 libro
532 4711 661 4767 Rudinus
676 4709 710 4778 (si
723 4713 820 4766 tamen
835 4711 1002 4780 auetorejus
1016 4713 1045 4765 et
1058 4725 1116 4766 nou
1129 4708 1223 4782 potius
1234 4707 1375 4782 interpres
1389 4711 1439 4775 esti
1455 4728 1536 4767 suam
1550 4729 1601 4785 per
1613 4711 1771 4787 AEgyptum

130 4798 386 4867 peregrinationem
401 4799 553 4855 describit:
570 4806 666 4866 ‹12ss
678 4815 764 4870 quam
779 4799 916 4855 Baronius
931 4815 964 4855 ex
979 4799 1031 4855 hoc
1043 4798 1115 4854 libro
1130 4814 1187 4854 non
1199 4798 1327 4869 attingit,
1342 4799 1409 4871 quia
1420 4801 1597 4864 existimavit,
1608 4801 1676 4858 libri
1683 4802 1770 4874 hujus

131 4889 274 4940 auctorem
293 4888 378 4943 fuisse
401 4888 560 4960 Evagrium,
577 4887 612 4943 de
632 4904 687 4960 quo
702 4888 785 4943 aliter
808 4887 986 4944 sentiendum
1010 4887 1166 4952 docuimus,
1187 4886 1341 4959 prolegom.
1357 4888 1384 4951 4,
1399 4887 1413 4961 5
1428 4887 1453 4945 5.
1473 4889 1503 4945 Si
1520 4896 1616 4946 tamen
1639 4891 1772 4947 Bellium

130 4968 194 5023 libri
207 4970 290 5042 hujus
304 4982 411 5040 auctor,
428 4976 681 5048 peregrinationem
697 4978 758 5048 ejus
772 4993 823 5048 per
838 4976 993 5049 AEgyptum
1005 4982 1065 5031 toto
1080 4976 1133 5031 hoc
1148 4975 1220 5031 libro
1235 4975 1325 5047 leges3
1341 4975 1365 5031 si
1379 4976 1528 5050 interpres,
1542 4979 1649 5035 Rufflui
1661 4978 1770 5035 ramam

132 5058 387 5130 peregrinationem
403 5080 437 5119 ex
451 5066 535 5121 variis
547 5066 703 5133 collectam,
718 5064 762 5120 his
776 5065 918 5137 praeludiis
933 5065 1019 5123 habes
1033 5065 1198 5137 expositam.

306 5275 580 5373 RUFFINI
607 5280 681 5375 ΕΤ
706 5280 1016 5375 MELANIAE
1043 5300 1084 5379 (a)
1116 5277 1591 5375 PEREGRINA'HO.

368 5430 501 5498 Profectio
519 5434 686 5502 AEppptiaca.
968 5434 1031 5490 dira
1045 5433 1202 5506 persecutio
1216 5433 1367 5506 exagitavit
1376 5431 1520 5488 ecclesiam
1536 5431 1769 5501 alexandrinam,

164 5514 225 5573 Hoc
238 5530 312 5573 anuo
327 5515 432 5575 Christi
451 5516 512 5586 372,
533 5520 648 5578 Damasi
662 5538 741 5596 pape
758 5524 784 5592 5,
800 5523 927 5582 Valentis
967 5529 1113 5596 totamque
1127 5523 1291 5596 AEgyptum,
1306 5522 1399 5595 ipsum
1414 5522 1617 5594 llieronymnm
1630 5537 1664 5576 ex
1678 5521 1772 5592 Syria

128 5600 197 5678 imp.
212 5600 302 5678 aquo,
313 5611 345 5663 ut
360 5604 637 5679 strennuissime
649 5609 751 5684 blegne
760 5610 925 5683 Athanasio,
967 5609 1117 5671 solitudine
1125 5612 1161 5669 ad
1171 5611 1316 5669 mum
1322 5610 1472 5684 AEgyptum
1479 5615 1773 5682 percnumatnona·
