3818 6120
148 234 217 293 1095
695 226 743 282 DE
759 226 854 282 viuls
873 225 1022 282 theu
1039 225 1148 283 LIBER
1164 227 1241 282 VIII.
1715 222 1782 282 1096

146 354 311 426 magistram
323 352 434 407 firmam
446 366 479 405 ae
493 347 625 418 validam,
642 352 785 424 propriam
800 352 941 408 eonscien-
950 354 974 414 Α
983 370 1054 409 nens
1067 352 1173 420 linum3
1193 351 1310 423 reliquis
1319 357 1415 408 autem
1424 352 1502 407 horis
1516 355 1614 406 mente
1621 350 1735 406 revolvo
1746 351 1783 406 ri-

146 445 323 500 tiam.Tanta
337 447 432 497 autem
440 440 576 512 spiritalis
587 441 754 511 cognitionis
765 442 818 496 fuit
830 458 945 497 exorna·
984 448 1044 498 tam
1059 448 1220 497 sanctorum
1236 442 1362 507 Petrum,
1371 448 1399 496 et
1408 441 1643 513 patriarcharum,
1655 445 1685 495 et
1694 445 1783 494 certa-

145 538 192 589 tus
210 533 311 604 gratia,
328 535 361 587 ut
374 547 471 585 revera
485 530 652 601 impleretur
672 530 701 585 in
720 547 753 585 eo
777 531 852 601 quod
878 531 945 585 seri·
985 532 1063 586 nrina
1088 531 1235 586 beatorum
1259 530 1459 602 apostolorum,
1477 537 1505 585 et
1528 529 1743 602 prophetarum,
1759 536 1786 583 et

147 629 227 695 ptum
249 627 293 676 est
316 640 322 674 :
348 620 484 675 Dominus
508 619 650 673 illuminat
666 618 721 689 (13)
751 637 836 675 eaeeos
859 622 942 687 (Psoi.
985 619 1786 692 martyrum.Postquamautemadventaritrespera,cum

142 709 416 780 .exnv).Vetusenim
431 714 572 763 etnovum
582 709 794 764 Testamentum
810 710 946 780 interpre·
985 709 1136 765 Dominum
1152 725 1247 763 meum
1258 709 1461 779 glorificavero,
1482 708 1576 763 eibum
1595 707 1679 779 panis
1696 707 1784 778 capio,

146 799 260 855 tabatur
272 799 308 855 ad
323 798 463 854 verbum:
486 798 619 868 dogmata
640 803 735 853 autem
752 798 892 854 subtiliter
916 802 945 852 et
986 798 1121 870 plurimas
1134 799 1219 853 horas
1233 798 1323 853 noetis
1347 815 1527 869 perseverans
1551 798 1581 852 in
1604 797 1744 863 oratione,
1760 801 1787 852 et

146 885 944 960 tamstrenueexponebat,utomnesveteresseientiasu·
985 888 1070 943 linem
1087 892 1260 959 exspectans,
1282 887 1394 959 quando
1408 887 1474 942 hinc
1492 887 1633 942 dissolvar
1651 902 1720 942 eum
1740 902 1786 958 spe

146 978 262 1050 perurit.
985 976 1068 1042 bona,
1086 980 1115 1031 et
1128 976 1269 1048 apparebo
1284 982 1350 1031 ante
1364 976 1464 1031 faeiem
1479 976 1584 1031 Christi
1597 975 1661 1030 Dei.

183 1068 210 1124 ls
223 1083 286 1123 cnm
303 1067 453 1138 aliquando
467 1083 513 1121 me
522 1072 634 1137 cogeret
647 1067 677 1121 in
694 1066 764 1124 cella
779 1065 869 1122 lacere
884 1082 945 1121 ora·
1021 1066 1084 1120 Non
1099 1065 1314 1137 pretermittam
1327 1069 1422 1120 autem
1434 1065 1464 1119 in
1479 1067 1704 1120 narrationeeos
1718 1078 1785 1135 quo·

148 1158 263 1222 tionem,
277 1173 329 1228 ego
339 1161 434 1211 autem
448 1156 562 1222 nollem,
577 1156 645 1210 mibi
660 1155 730 1210 dixit
740 1172 858 1210 narrans
873 1155 947 1211 :Ter
987 1170 1041 1226 que
1051 1154 1099 1226 qui
1109 1155 1149 1209 ita
1163 1154 1302 1222 vixerunt,
1311 1161 1344 1209 ut
1356 1155 1478 1226 speeiem
1485 1155 1600 1225 quidem
1611 1170 1671 1226 prae
1685 1168 1717 1206 se
1730 1152 1786 1206 ser·

148 1248 176 1302 in
194 1247 267 1301 hane
273 1246 373 1300 cellam
384 1245 528 1316 ingressus
538 1249 581 1299 est
588 1245 687 1299 heatus
697 1245 846 1310 Antonius,
857 1250 889 1299 ut
901 1261 946 1298 me
987 1249 1050 1298 rent
1065 1244 1178 1314 pietatis
1192 1260 1225 1298 ao
1239 1243 1400 1315 religionis;
1419 1243 1468 1297 sed
1483 1259 1546 1297 eam
1560 1246 1784 1307 contemnerent,

148 1335 268 1402 viseret,
286 1335 334 1406 qui
348 1351 421 1389 ame
435 1341 548 1405 rogatus
557 1340 589 1388 ut
601 1334 705 1388 iaceret
714 1334 879 1400 orationem,
891 1339 947 1388 sta·
987 1333 1022 1387 ad
1032 1333 1144 1387 laudem
1160 1332 1275 1404 quidem
1289 1349 1388 1388 eorum
1401 1333 1449 1403 qui
1462 1337 1538 1387 reete
1551 1338 1582 1387 et
1595 1348 1630 1387 ex
1644 1331 1750 1386 virtute
1759 1345 1786 1385 ae

148 1425 201 1480 tim
206 1441 282 1495 genu
291 1424 369 1478 llexit
383 1424 412 1477 in
426 1424 479 1478 hae
488 1423 666 1494 eella,neque
681 1423 862 1477 commisitut
871 1422 946 1493 quod
986 1426 1099 1492 gerunt,
1115 1426 1144 1476 et
1153 1427 1185 1477 ut
1199 1421 1275 1477 cauti
1289 1421 1347 1476 sint
1360 1427 1390 1475 et
1401 1421 1502 1476 attenti
1517 1421 1565 1493 qui
1581 1422 1694 1492 legunt.

149 1513 274 1569 dixeram
290 1513 393 1568 iterum
407 1518 573 1583 repeterem,
590 1529 621 1566 re
641 1512 702 1583 ipsa
717 1511 831 1583 quidem
843 1512 946 1567 doeens
1295 1510 1413 1566 CAPUT
1427 1511 1475 1565 Vl.

149 1602 361 1658 inobedientia.
377 1602 470 1666 Quare
483 1601 508 1656 si
520 1607 552 1656 tu
561 1617 672 1672 quoque
686 1603 747 1670 ejus
757 1602 819 1656 vitae
828 1601 947 1672 vestigia
987 1601 1024 1656 De
1033 1602 1154 1670 qaudam
1169 1601 1343 1670 Virpinequa
1353 1601 1495 1655 laborabat
1501 1614 1599 1654 amoro
1608 1600 1784 1654 divitiorum.

149 1692 285 1764 sequeris,
293 1697 326 1746 ut
338 1691 386 1763 qui
396 1691 436 1745 sis
447 1690 601 1745 monachus
609 1695 638 1744 et
647 1690 748 1761 hospes
757 1689 791 1745 ob
801 1674 979 1757 rimaremb
1024 1692 1091 1746 Erat
1105 1690 1233 1761 quaedam
1252 1689 1427 1744 Alexandriae
1450 1689 1529 1759 virgo
1550 1688 1645 1744 solum
1666 1689 1785 1755 nomine,

150 1798 262 1839 omnem
276 1781 384 1852 depone
398 1779 616 1834 contentionem.
987 1780 1085 1835 habitu
1097 1779 1210 1850 quidem
1220 1778 1435 1846 humilis,animi
1445 1784 1541 1833 antem
1550 1777 1687 1833 instituto
1696 1794 1785 1849 parm,

186 1871 237 1926 Hie
251 1870 311 1942 ipse
323 1871 495 1940 hocquoque
507 1868 578 1922 mihi
588 1867 712 1922 narravit
725 1885 730 1920 :
742 1868 814 1922 Cum
824 1867 947 1939 quodam
988 1868 1111 1941 superba
1119 1868 1287 1934 etinsolens,
1299 1873 1329 1923 et
1338 1867 1469 1922 laborans
1482 1866 1614 1934 avaritia,
1623 1866 1689 1922 auri
1700 1867 1789 1939 petius

150 1957 948 2029 die,aiebat,devitamiserilulianiimperatoris‚utpote
989 1974 1074 2030 quam
1088 1957 1193 2012 Christi
1207 1973 1305 2013 amans
1322 1975 1328 2011 :
1344 1973 1377 2011 ex
1389 1956 1473 2011 rebus
1487 1956 1545 2011 suis
1568 1956 1642 2011 nulli
1664 1972 1788 2028 unquam

150 2047 345 2122 persecutoris,
374 2064 464 2101 essem
485 2047 632 2111 sollicitus,
657 2052 685 2101 et
701 2047 795 2100 animo
818 2062 946 2117 angerer,
990 2048 1138 2116 exhibens,
1147 2064 1204 2103 non
1218 2046 1332 2118 hospiti,
1348 2063 1404 2102 nen
1417 2045 1535 2118 pauperi
1544 2049 1597 2100 aut
1605 2044 1725 2111 atilicto,
1737 2059 1789 2099 non

150 2137 251 2192 accidit
263 2142 296 2191 ut
309 2140 424 2207 propter
437 2136 510 2190 hane
522 2134 739 2190 sollicitudinem
758 2135 793 2190 ad
803 2151 949 2206 vesperam
990 2139 1137 2205 monacho,
1161 2154 1218 2193 non
1239 2136 1350 2207 virgini,
1378 2152 1435 2191 non
1461 2133 1585 2190 eeclesiae
1607 2134 1652 2188 rel
1678 2133 1788 2188 obolum

150 2242 240 2297 usque
256 2241 351 2280 seram
363 2225 439 2279 nihil
448 2224 637 2290 comederem
650 2229 679 2278 et
692 2239 756 2278 cum
769 2223 798 2278 in
812 2224 893 2278 sedili
907 2239 950 2278 se·
989 2227 1130 2283 unumEa
1140 2226 1237 2282 multis
1247 2231 1410 2282 sanctorum
1420 2225 1538 2279 Petrum
1547 2223 1789 2279 admonitionibus

151 2315 256 2380 derem,
267 2331 312 2370 me
324 2329 442 2369 somnus
456 2312 636 2383 opprimeret,
648 2318 677 2366 et
687 2312 811 2366 viderem
823 2311 853 2366 in
861 2312 948 2367 extasi
989 2314 1115 2378 incitata,
1131 2330 1188 2369 non
1210 2312 1364 2386 repellebat
1380 2329 1464 2384 grave
1488 2312 1600 2384 pondus
1614 2311 1788 2367 divitiarum.

151 2420 239 2476 equos
253 2403 331 2459 albos
345 2419 409 2457 eum
422 2400 608 2456 insessoribus
631 2407 835 2472 percurrentes,
853 2407 882 2455 et
895 2417 947 2456 an·
989 2405 1056 2459 Erat
1069 2408 1165 2459 autem
1179 2403 1204 2458 ei
1216 2419 1327 2475 quoque
1336 2417 1436 2474 genus,
1445 2419 1478 2457 ex
1494 2418 1549 2473 quo
1563 2401 1674 2457 sororis
1689 2417 1747 2456 sue
1758 2402 1807 2456 ii·-

152 2495 331 2549 nuntiantes:
342 2490 946 2562 DiciteDidymohodiehoraseptimamor·
987 2491 1053 2547 liam
1068 2492 1098 2546 in
1112 2491 1199 2546 filiam
1209 2491 1400 2562 adoptaverat.
1410 2490 1462 2544 Cui
1470 2494 1555 2544 noctu
1566 2494 1596 2542 et
1604 2488 1653 2543 die
1664 2504 1720 2543 sua
1732 2489 1790 2560 pol·

142 2589 217 2650 ,tuns
232 2587 275 2637 est
288 2580 431 2646 lulianus3
452 2594 536 2649 surge
552 2584 662 2649 ergoet
679 2579 793 2634 comede
809 2597 815 2632 :
830 2585 859 2635 et
872 2579 946 2650 quod
988 2579 1205 2646 lieebatur,cum
1218 2580 1281 2652 ipsa
1293 2578 1444 2634 excidisset
1455 2577 1491 2633 ab
1500 2577 1600 2650 opibus
1614 2575 1784 2632 coelestibus.

152 2677 184 2728 tu
194 2671 258 2738 sois,
272 2671 389 2724 domum
402 2668 483 2722 mitte
491 2667 526 2721 ad
537 2667 699 2738 episcopum
708 2667 904 2735 Athanasium,
915 2674 948 2722 ut
988 2669 1061 2723 Nam
1071 2668 1131 2723 haeo
1141 2684 1252 2740 quoque
1266 2672 1310 2721 est
1318 2682 1376 2722 una
1385 2665 1492 2737 speeies
1501 2664 1610 2720 fraudis
1623 2662 1790 2735 diaboli,qni

152 2761 321 2831 illequoque
334 2758 387 2813 hoo
401 2757 479 2812 sciat.
496 2756 597 2812 Notavi
609 2762 714 2824 autem,
737 2757 839 2830 inquit,
856 2763 886 2812 et
897 2758 950 2812 ho·
990 2763 1127 2830 praetextu
1142 2757 1246 2812 ameria
1267 2756 1297 2811 in
1319 2761 1464 2826 cognatos,
1489 2753 1578 2809 elficit
1600 2757 1634 2808 ut
1658 2757 1790 2808 maur

152 2866 223 2917 ram,
240 2853 268 2904 et
281 2848 366 2915 diem,
382 2852 411 2902 et
424 2846 638 2914 hebdomadem,
655 2853 684 2902 et
697 2862 834 2914 mensem,
859 2852 888 2903 et
910 2846 950 2902 sie
991 2850 1117 2905 avaritia.
1135 2850 1208 2904 Nam
1223 2849 1297 2920 quod
1321 2848 1347 2902 ei
1365 2847 1443 2903 nulla
1456 2846 1494 2902 sit
1507 2861 1576 2900 eura
1586 2843 1714 2916 generis,
1729 2843 1791 2898 hine

152 2939 254 2996 inveni.
991 2942 1078 3009 patet.
1093 2938 1157 3008 lpse
1172 2937 1247 2993 enim
1261 2937 1357 2993 docuit
1371 2941 1400 2992 et
1412 2937 1540 3001 fratrem,
1563 2940 1594 2989 et
1614 2936 1749 3000 mauem,
1763 2939 1792 2988 et

466 3025 583 3081 CAPUT
601 3026 634 3079 V.
958 3032 1100 3099 cpatrem
1110 3027 1247 3083 occidere.
1255 3027 1343 3099 quue
1354 3031 1446 3093 1η
1458 3030 1544 3080 estex
1551 3024 1791 3094 seripturisextra

422 3115 586 3169 Alexandra
616 3116 683 3169 Vita.
807 3157 809 3160 .
992 3117 1222 3171 controversiam.
1237 3114 1292 3171 Sed
1308 3114 1362 3170 tibi
1377 3115 1504 3170 videatur
1524 3112 1674 3168 nonnullis
1696 3125 1790 3166 euram

188 3204 321 3262 Narravit
327 3207 423 3259 autem
429 3203 499 3257 mihi
507 3203 669 3274 quoquehie
677 3201 819 3258 beatusde
828 3203 949 3274 quadam
992 3210 1176 3275 cognatorum
1189 3206 1314 3260 inserere
1324 3207 1411 3277 (Deut.
1426 3207 1484 3273 xri),
1495 3218 1553 3258 non
1567 3202 1620 3256 hoe
1631 3200 1704 3256 facit
1717 3198 1790 3272 quod

153 3296 264 3361 aneilla,
280 3293 395 3349 nomine
409 3291 576 3358 Alexandra,
602 3308 663 3363 quoe
677 3292 776 3346 relicta
795 3292 906 3347 civitate
920 3291 950 3347 in
990 3294 1046 3348 illis
1057 3293 1126 3349 bene
1135 3294 1211 3361 velit,
1228 3294 1277 3349 sed
1291 3299 1433 3349 uteorum
1446 3292 1494 3364 qui
1508 3292 1534 3347 ei
1550 3296 1654 3363 parent
1667 3289 1790 3344 animam

153 3386 326 3440 monimento
338 3399 368 3437 se
383 3381 505 3447 inclusit,
521 3396 573 3452 per
590 3380 715 3436 foramen
728 3381 868 3453 accipiens
886 3397 949 3452 quae
991 3389 1087 3456 aperte
1101 3384 1268 3439 exerceatad
1283 3384 1461 3454 iniustitiam,
1474 3398 1539 3437 eum
1549 3378 1789 3453 ipsesciatlatum

152 3479 234 3529 erant
244 3472 409 3538 necessaria,
426 3486 517 3542 neque
534 3470 563 3524 in
577 3471 701 3526 virorum
711 3487 802 3543 neque
812 3471 841 3526 in
852 3471 949 3526 mulie·
989 3472 1168 3540 sententiam,
1194 3489 1256 3545 qua
1275 3472 1364 3527 dicit:
1384 3470 1486 3542 lnjusti
1510 3484 1632 3539 regnum
1660 3467 1714 3522 Dei
1734 3480 1790 3520 non

152 3580 214 3618 rum
234 3567 414 3633 conspectum
434 3559 549 3614 veniens
569 3560 660 3630 spatio
681 3559 778 3614 decem
798 3575 947 3615 annorum.
989 3562 1207 3634 possidebunt(l
1219 3564 1279 3618 dor.
1293 3562 1550 3624 vrtPotestautem
1565 3556 1682 3629 aliqdis,
1701 3555 1791 3627 etapi-

151 3652 265 3707 Deeimo
278 3657 373 3706 autom
386 3665 460 3704 anno
471 3649 552 3703 aiunt
564 3648 687 3714 beatam,
708 3664 771 3702 cum
787 3648 946 3716 dormisset,
990 3652 1066 3707 ritali
1080 3656 1173 3707 motus
1186 3650 1381 3723 intelligentia,
1389 3654 1418 3704 et
1431 3647 1525 3703 divino
1538 3645 1692 3712 desiderio,
1700 3657 1789 3715 neque

151 3741 274 3813 seipsam
284 3739 483 3814 composuisse,
495 3737 565 3791 adeo
573 3744 606 3791 ut
616 3752 677 3807 quae
684 3737 767 3792 solita
773 3736 877 3791 eratad
886 3754 948 3792 eam
990 3756 1069 3795 suam
1085 3740 1227 3810 negligere
1240 3739 1374 3806 animam,
1391 3744 1420 3793 et
1433 3735 1559 3808 cognatis
1573 3750 1659 3806 opem
1670 3732 1754 3799 serre,
1765 3731 1790 3786 si

151 3829 256 3896 venire,
272 3845 336 3883 eum
349 3828 390 3881 illi
404 3843 461 3881 non
475 3826 673 3896 respondisset,
682 3825 761 3880 nobis
772 3827 950 3880 renuntiave-
991 3830 1057 3901 quid
1064 3830 1104 3884 eis
1110 3829 1241 3884 defuerit.
1253 3826 1371 3893 Quando
1377 3831 1474 3881 autem
1486 3824 1549 3897 quis
1558 3823 1600 3878 ita
1606 3827 1701 3878 tetam
1710 3837 1790 3877 suam

151 3918 199 3972 rit.
224 3917 296 3971 Cum
322 3933 374 3970 nos
399 3931 465 3986 ergo
485 3914 709 3981 accessissemus,
733 3920 762 3969 et
782 3915 949 3972 monimenti
989 3918 1113 3974 instituit
1128 3919 1303 3985 animam,ut
1315 3933 1349 3972 ea
1361 3915 1572 3987 despiciaturet
1582 3912 1724 3970 obruatur
1733 3927 1789 3984 pra

151 4005 254 4062 estium
269 4004 482 4073 amovissemus,
506 4003 628 4075 ingressi
641 4019 739 4059 sumus
750 4009 779 4059 et
791 4003 949 4060 invenimus
989 4022 1058 4061 eura
1071 4011 1254 4078 cognatorum
1268 4005 1335 4074 (lit,
1352 4005 1377 4059 ia
1396 4003 1495 4058 incidit
1512 4003 1541 4057 in
1556 4002 1662 4073 legem,
1686 4008 1719 4056 ut
1744 3999 1791 4073 qui

151 4111 215 4149 eam
228 4094 411 4150 obdormisse.
988 4114 1069 4153 suam
1084 4114 1134 4169 pro
1145 4113 1216 4153 rano
1225 4097 1346 4153 aestimet
1360 4095 1493 4150 animam.
1501 4092 1586 4148 canit
1594 4096 1694 4146 autem
1702 4088 1789 4145 David

186 4185 266 4240 Deea
276 4183 487 4239 autemdieebat
497 4182 582 4237 etiam
592 4181 887 4239 beatissimaMelania
895 4184 948 4238 Ro·
990 4203 1100 4259 quoque
1109 4203 1188 4242 sacer
1197 4185 1430 4258 psalmographus
1440 4183 1475 4238 de
1483 4181 1571 4253 iisqui
1581 4180 1788 4236 animaruum

150 4290 244 4341 mana,
260 4275 340 4344 eujus
354 4273 440 4327 vitam
454 4272 575 4327 narrabo
590 4276 716 4342 tempore
732 4277 760 4326 et
772 4274 831 4327 loco
852 4288 948 4327 conre-
987 4282 1100 4348 gerunt,
1112 4277 1249 4332 intimare
1262 4276 1312 4344 Dei
1326 4275 1434 4329 dicens:
1448 4271 1517 4336 Quis
1528 4269 1791 4324 ascendetinmon·

125 4364 240 4453 'aienti
255 4365 354 4432 (Infra,
375 4363 429 4425 bie,
445 4360 593 4431 capili).
614 4361 714 4430 lluJ'us,
737 4361 837 4433 inquit,
859 4359 949 4415 beatae
959 4353 1048 4419 Diem
1060 4365 1246 4436 Dominilpro
1257 4380 1290 4418 eo
1301 4363 1374 4435 quod
1387 4366 1439 4427 est,
1453 4375 1544 4415 rarus.
1556 4357 1691 4429 hutquis
1706 4355 1790 4411 stabit

150 4453 314 4508 laeiemnon
330 4452 407 4522 potui
417 4450 538 4505 intueri:
555 4456 634 4505 stans
645 4454 739 4503 autem
754 4466 806 4519 ego
818 4449 892 4504 cirea
907 4450 949 4504 fo·
990 4455 1019 4509 in
1039 4455 1099 4509 loeo
1114 4458 1211 4509 saneto
1226 4451 1308 4524 ejus?
1323 4454 1460 4508 Innocens
1479 4447 1620 4511 manibus,
1641 4453 1671 4501 ut
1685 4444 1789 4501 mundo

151 4558 260 4608 remen,
277 4556 339 4595 eam
353 4539 449 4610 rogavi
463 4538 573 4593 utmihi
586 4537 693 4593 diceret
706 4553 819 4592 eausam
834 4544 949 4609 propter·
992 4542 1085 4609 eorde,
1101 4541 1150 4612 qui
1162 4557 1218 4595 non
1235 4539 1343 4611 aceepit
1356 4540 1385 4593 in
1396 4553 1467 4592 rano
1477 4536 1602 4593 animam
1611 4549 1696 4590 suam
1707 4535 1787 4603 (Psoi.

152 4648 237 4703 quam
250 4629 365 4684 secessit
379 4628 493 4700 quidem
510 4626 658 4692 aeivitate,
670 4626 792 4698 seipsam
802 4632 897 4681 autem
908 4628 949 4682 in·
991 4633 1082 4701 nint.
1100 4631 1144 4686 llli
1159 4631 1235 4685 enim
1249 4631 1374 4686 animam
1387 4644 1468 4683 suam
1492 4627 1522 4681 in
1542 4640 1613 4679 eane
1637 4623 1789 4693 accipiunt,

151 4721 234 4776 elusit
247 4719 429 4774 monimento.
444 4717 498 4771 llla
512 4721 616 4782 autem,
632 4715 733 4786 inquit,
759 4715 949 4786 perforamen
990 4721 1038 4793 qui
1049 4719 1209 4774 existimant
1219 4734 1282 4774 eam
1292 4717 1405 4773 dissolvi
1416 4732 1472 4771 una
1485 4731 1550 4770 eum
1564 4715 1616 4769 bae
1627 4710 1788 4778 cmuncula,

151 4814 255 4864 meast
278 4809 407 4874 allocuta,
435 4806 548 4861 dicens:
564 4804 695 4869 Quidam,
723 4804 824 4876 inquit,
850 4804 950 4860 insano
991 4808 1039 4878 qui
1055 4806 1173 4861 virtutes
1187 4806 1328 4879 spiritales
1342 4803 1498 4875 negligunt.

152 4898 208 4951 mei
224 4914 320 4952 amore
343 4895 500 4961 tenebatur,
515 4900 544 4949 et
562 4910 597 4948 ne
615 4910 680 4948 eum
697 4892 808 4948 viderer
822 4894 950 4949 molestia
1026 4895 1100 4950 Huic
1114 4895 1224 4967 virgini,
1235 4911 1297 4967 qum
1310 4894 1371 4949 solo
1383 4892 1496 4949 nomine
1509 4890 1563 4946 sibi
1578 4892 1733 4962 paraverat
1744 4903 1790 4960 ap-

153 4985 274 5051 ailicere,
287 4987 330 5040 vel
342 4986 370 5040 in
384 4984 518 5039 invidiam
530 4999 638 5049 vocare,
651 4982 739 5037 malui
749 4999 794 5036 me
809 4983 901 5037 rivam
919 4983 949 5038 in
991 4984 1315 5056 pellationem,moribus
1326 4988 1419 5038 autem
1434 4979 1594 5037 erataliena
1604 4980 1643 5033 ab
1654 4978 1789 5035 exercita·

152 5074 205 5128 hoe
214 5073 419 5129 monimentum
432 5073 544 5138 inferre,
562 5088 645 5142 quam
669 5071 810 5126 ellendere
825 5072 950 5126 animam
989 5073 1076 5140 tione,
1093 5089 1157 5128 eum
1170 5089 1280 5140 venam,
1290 5077 1322 5126 ut
1336 5070 1449 5136 dicitur,
1464 5069 1549 5123 uellet
1563 5067 1693 5122 inuidere
1705 5067 1742 5120 ad
1756 5066 1791 5120 le·

153 5179 215 5235 quae
229 5161 302 5215 laeta
313 5168 357 5216 est
370 5162 405 5216 ad
418 5162 469 5216 Dei
483 5161 646 5232 imaginem.
664 5161 736 5215 Cum
751 5167 846 5216 autem
861 5177 913 5232 ego
924 5161 949 5215 ei
990 5162 1110 5216 vandum
1122 5162 1278 5228 arentiam,
1293 5156 1634 5216 sanctissimusllacarius
1648 5155 1702 5227 na)
1717 5171 1789 5227 pres·

152 5251 284 5306 dixissem
300 5268 306 5302 :
320 5249 464 5313 Quomodo
478 5250 551 5304 ferre
568 5253 657 5321 potes,
673 5264 754 5302 serva
767 5249 872 5303 Christi
886 5250 947 5318 Dei,
990 5251 1073 5323 byter
1099 5257 1128 5306 et
1150 5252 1297 5322 praelectus
1323 5247 1529 5321 ptochotrophii
1546 5262 1648 5301 eorum
1663 5245 1791 5315 quisunt

152 5357 216 5397 eum
228 5339 306 5395 nullo
320 5338 434 5393 omnino
444 5337 574 5409 colloqui,
597 5338 647 5392 sed
665 5337 725 5392 sola
745 5354 871 5408 pugnare
885 5355 950 5393 eum
992 5362 1108 5416 corpore
1122 5345 1253 5414 mutilati,
1268 5345 1354 5399 talem
1369 5349 1463 5398 aetum
1471 5341 1623 5412 excogitat,
1637 5340 1708 5394 Erat
1717 5339 1789 5393 enim

152 5430 262 5486 desidia
274 5434 303 5483 et
316 5423 554 5498 cogitationibus?
569 5425 639 5480 mihi
659 5425 812 5497 respondit,
829 5427 925 5483 dicens
942 5445 947 5481 :
991 5432 1015 5487 is
1030 5434 1207 5503 ajuventute
1220 5434 1375 5506 lapidarius
1388 5431 1452 5502 (16).
1468 5430 1511 5485 Ad
1525 5445 1589 5486 eam
1604 5432 1703 5484 autem
1718 5442 1790 5482 acue

152 5522 274 5577 Amana
288 5533 378 5590 nsque
399 5515 436 5571 ad
453 5514 552 5569 horam
575 5530 679 5570 nonam
700 5530 760 5582 oro,
780 5531 830 5587 per
851 5516 951 5573 boram
991 5520 1070 5592 dens,
1086 5523 1154 5580 dicit
1174 5538 1180 5574 :
1198 5526 1232 5580 ln
1259 5541 1305 5579 me
1328 5521 1489 5578 inciderunt
1512 5519 1638 5592 pulchra
1660 5531 1787 5590 gemme,
