3832 6120
193 255 240 314 isa
700 250 748 305 aa
766 248 860 305 vrns
879 248 1028 305 varaun
1046 250 1154 307 cinna
1172 250 1318 307 varnos.
1383 237 1388 247 '
1776 250 1828 310 isa

169 374 171 379 ’
187 381 251 435 dior
260 381 333 434 viam
342 398 347 445 ;
357 376 500 448 jamenim
510 373 647 428 Dominus
657 388 702 426 me
711 371 820 438 invitat,
828 373 889 443 J'am
903 371 985 443 cupio
996 372 1164 446 Aaccipere,
1176 373 1329 428 Antonium
1343 371 1373 427 in
1382 371 1496 426 Antonii
1510 372 1675 428 muneribus
1685 374 1829 445 amplecti·

188 469 282 523 videre
299 467 432 522 calestia.
454 463 507 519 Sed
522 479 578 523 vos,
596 479 612 515 0
626 461 733 539 viscera
750 477 822 527 mea,
837 461 983 525 admoneo,
1026 467 1086 529 tnr;
1100 467 1128 517 et
1137 468 1272 533 tanquam
1283 478 1386 532 magna
1398 460 1561 516 haereditate
1574 461 1689 528 ditatus,
1699 461 1830 518 laehrnter

189 557 309 612 notanti
325 554 460 628 temporis
479 551 603 607 laborem
618 549 880 630 repentepcrdatis.
897 549 986 603 Hodie
1027 568 1077 622 pcr
1091 556 1156 616 80
1168 551 1367 605 vestimentum
1382 550 1546 604 recordatur
1560 550 1713 621 imaginem
1728 551 1830 607 sancti·

189 663 237 702 ves
257 645 418 716 religiosum
433 641 558 697 studium
583 640 736 712 arripuisse
755 638 941 704 arbitremini,
958 642 987 692 et
1027 641 1094 694 tatis
1108 639 1194 711 (140).
1743 640 1749 647 ’

191 735 270 806 quasi
285 739 381 805 empta
396 731 548 786 voluntatis
560 729 694 784 fortitudo
708 733 873 783 succrescet.
888 728 987 782 Varias
1063 727 1128 786 Car.
1146 728 1202 783 Lx.
1220 757 1251 766 -
1265 728 1316 781 llic
1328 727 1449 782 Antonio
1463 727 1526 782 vitre
1541 728 1759 799 terminnsjfuit,
1776 729 1831 784 ista

190 824 348 878 daenionnm
361 821 452 875 nostis
462 819 587 883 insidias,
599 818 707 872 vidistis
720 835 817 873 eorum
828 823 856 871 et
866 817 988 889 impetus
1027 816 1166 888 principia
1175 816 1339 870 meritorum
1354 835 1359 869 :
1373 816 1509 886 quaelicet
1522 817 1650 888 parciori,
1659 823 1691 872 ut
1702 816 1829 889 praedixi,

190 913 305 977 seroces,
323 917 351 965 et
368 911 441 964 vires
467 908 650 963 effeminatas.
676 908 771 962 Jesum
791 907 939 978 suspirate,
958 910 987 960 et
1027 922 1157 960 sermone
1168 905 1543 968 narraverim,t.1mcnenhis
1557 907 1673 977 potestis
1684 907 1832 962 advertere

190 1001 387 1055 credulitatem
396 998 518 1053 nominis
528 999 589 1068 ejus
598 997 697 1051 vestris
706 996 783 1067 figite
795 995 946 1061 mentibus,
959 1000 988 1050 et
1027 995 1240 1065 qualiterhonro
1251 994 1301 1048 Dei
1315 995 1462 1064 apueritia
1470 995 1505 1048 ad
1519 1002 1659 1049 senectam
1668 1012 1831 1067 usqueper-

191 1107 209 1144 a
221 1095 299 1144 certa
314 1089 367 1143 fnlc
378 1088 499 1143 universi
514 1087 654 1141 daemones
668 1084 849 1156 fugabuntur.
861 1086 987 1139 hiemen·
1027 1083 1148 1150 venerit;
1167 1088 1195 1138 et
1209 1083 1283 1154 qnod
1300 1083 1376 1137 omni
1390 1099 1501 1154 semper
1516 1083 1691 1139 dubitatione
1712 1085 1829 1151 calcata,

190 1183 249 1233 tote
264 1179 349 1232 etiam
361 1176 585 1231 admonitionum
598 1191 724 1230 mearum
735 1180 763 1229 et
773 1175 885 1230 incertae
894 1174 987 1249 condi3
1030 1189 1081 1226 nec
1092 1172 1284 1244 languori,nec
1294 1172 1424 1241 longaeva
1433 1172 1587 1244 quidquam
1596 1173 1672 1228 aetati
1680 1173 1832 1245 aliquando

191 1266 287 1333 tionis,
304 1266 389 1320 vitam
405 1265 529 1337 quotidie
551 1264 699 1336 ancipitem
715 1269 874 1329 retractate,
891 1268 919 1317 ot
933 1279 989 1317 coe-
1030 1262 1208 1316 concesserit.
1221 1261 1309 1332 llagis
1323 1268 1419 1316 autem
1433 1262 1621 1333 aequalitatem
1637 1261 1773 1333 propositi
1788 1267 1832 1318 tc·

191 1355 261 1412 leste
281 1355 357 1410 vobis
381 1353 526 1426 praemium
553 1353 613 1407 sine
640 1353 816 1408 cunctamine
839 1352 988 1407 tribuetur.
1030 1368 1101 1405 nens
1117 1352 1201 1419 (lli),
1228 1368 1280 1406 nec
1302 1350 1498 1405 vestimentum
1526 1352 1656 1420 mutavit,
1671 1368 1723 1407 nec
1746 1351 1833 1422 pedes

194 1443 439 1502 Schismaticorum
454 1460 563 1514 quoque
579 1448 608 1497 et
622 1442 816 1497 haereticorum
828 1458 936 1496 venena
950 1442 989 1494 vi·
1030 1439 1107 1505 lavit,
1124 1456 1175 1494 nec
1189 1457 1281 1494 eseam
1296 1447 1421 1496 sectatus
1436 1445 1481 1495 est
1494 1440 1665 1507 molliorem;
1686 1441 1833 1495 oculorum

192 1539 261 1597 tate,
282 1550 431 1604 meumque
450 1532 524 1586 circa
543 1549 590 1585 eos
618 1531 713 1585 odium
739 1530 895 1597 sectamini,
924 1529 992 1601 quia
1032 1545 1142 1599 quoque
1153 1530 1251 1594 aciem,
1265 1536 1451 1586 etnumerum
1462 1530 1674 1594 dentium,licet
1684 1530 1834 1601 paululum

194 1621 297 1678 Christi
312 1629 378 1676 sunt
396 1621 511 1677 inimici.
529 1620 610 1675 Scitis
638 1619 692 1691 ipsi
712 1621 785 1690 quod
813 1621 907 1674 nullus
922 1618 990 1672 mihi
1033 1617 1067 1671 ob
1082 1625 1193 1672 atatem
1210 1619 1372 1674 viderentur
1385 1619 1486 1682 attriti,
1499 1635 1606 1673 necnon
1622 1625 1650 1673 ct
1665 1618 1768 1690 pedum
1788 1617 1834 1673 in·

194 1726 245 1765 nec
255 1711 386 1782 pacitlcus
398 1711 511 1781 quidem
519 1726 610 1763 sermo
618 1726 680 1764 cum
688 1708 886 1779 eisaliquando
895 1708 989 1772 fuerit,
1001 1685 1023 1744 Β
1033 1724 1151 1773 cossura
1163 1707 1250 1763 totius
1265 1709 1351 1763 etiam
1359 1709 1483 1780 corporis
1498 1707 1671 1764 firmitatem.
1680 1707 1721 1761 ita
1735 1713 1835 1762 contra

193 1806 308 1872 propter
317 1816 430 1873 pravam
443 1815 540 1853 eorum
552 1798 738 1862 voluntatem,
751 1802 779 1851 et
788 1797 917 1868 pertinax
926 1813 993 1851 cen·
1031 1796 1097 1866 jura
1111 1802 1218 1852 naturae
1233 1797 1399 1852 meritorum
1413 1797 1506 1868 gratia
1520 1796 1679 1859 custodivit,
1694 1797 1834 1851 utlauto·

192 1896 237 1943 tra
250 1888 393 1943 Christum
404 1888 518 1942 bellum.
531 1888 562 1942 ln
573 1887 625 1942 hoe
635 1893 729 1942 antem
738 1886 827 1957 magis
838 1891 927 1940 estete
939 1885 992 1939 sol·
1034 1901 1097 1939 ruia
1123 1902 1283 1956 corporum,
1304 1903 1365 1956 quae
1379 1885 1487 1940 balneis
1511 1890 1595 1956 atque
1611 1883 1717 1938 deliciis
1740 1884 1835 1938 confo-

193 1977 269 2042 lieiti,
287 1983 319 2030 ut
333 1975 444 2030 Domini
459 1982 597 2047 praecepta
607 1975 731 2037 servetis,
746 1980 778 2030 nt
792 1980 856 2046 post
872 1980 992 2029 mortem
1032 1980 1142 2039 ventur,
1158 1974 1275 2029 hilarior
1289 1977 1349 2046 ejus
1364 1972 1594 2029 carovideretur.

194 2073 315 2119 vestram
343 2065 431 2119 sancti
448 2065 559 2136 quique,
575 2065 655 2135 quasi
680 2064 784 2119 amicos
806 2070 836 2118 et
856 2069 946 2128 notos,
963 2063 992 2117 in
1070 2063 1260 2119 Car.LXl.-
1275 2064 1441 2127 Hocetiam‚
1455 2064 1566 2127 iratres,
1583 2061 1656 2133 quod
1670 2079 1720 2133 per
1734 2077 1835 2116 omnes
1865 2108 1868 2113 .

193 2160 299 2209 aeterna
316 2171 364 2208 vos
385 2153 521 2225 recipiant
543 2153 726 2208 tabernacula
747 2155 834 2220 (luca
848 2155 913 2219 xvrl.
931 2154 994 2207 llaec
1034 2153 1189 2224 provincias
1204 2169 1284 2207 amor
1297 2153 1358 2223 ejus
1375 2151 1505 2223 famaque
1520 2151 1654 2216 volitavit,
1670 2167 1755 2221 quem
1783 2166 1836 2205 nec

195 2243 323 2314 cogitate,
343 2244 400 2297 haec
423 2243 522 2313 sapite,
545 2243 604 2297 haec
627 2242 760 2310 retexite;
777 2247 805 2296 et
823 2242 919 2314 siqua
938 2241 993 2295 mci
1033 2241 1168 2296 librorum
1178 2242 1425 2296 disseminatorum
1435 2241 1525 2295 oratio
1535 2237 1771 2308 luculentafllll,
1784 2256 1837 2294 nec

195 2331 272 2386 vobis
287 2348 364 2393 cura,
379 2332 402 2385 si
419 2348 475 2402 qua
489 2331 578 2402 patris
593 2331 729 2386 memoria
744 2336 796 2397 est,
809 2331 832 2385 si
844 2331 914 2384 mihi
923 2330 993 2384 vica-
1033 2332 1182 2385 mundanae
1192 2331 1337 2401 sapientiae
1347 2330 1564 2402 disputatie,nee
1574 2328 1835 2398 nobilitasgeneris,

195 2420 447 2491 riumrepraestatis
457 2421 588 2475 allectum
601 2419 786 2488 (lstpnullus
794 2420 830 2474 ad
842 2420 993 2492 AEgyptum
1034 2437 1086 2475 nec
1100 2437 1185 2491 opum
1199 2419 1311 2474 infinita
1334 2419 1476 2490 congestio
1491 2417 1704 2483 commendavit,
1719 2416 1764 2473 cui
1777 2433 1838 2472 om·

196 2526 273 2564 niens
288 2509 411 2581 perferat
425 2509 567 2581 reliquias,
581 2526 615 2564 nc
627 2526 696 2564 vano
710 2526 810 2580 corpus
822 2509 926 2564 honore
937 2526 994 2562 ser·
1034 2510 1113 2564 nium
1128 2527 1175 2564 ore
1194 2514 1237 2564 est
1250 2509 1456 2573 ascribendum,
1472 2509 1525 2562 nisi
1541 2508 1664 2572 Christo,
1682 2508 1763 2578 cujus
1783 2507 1838 2562 hoc

197 2605 286 2662 vetur,
295 2616 330 2653 ne
340 2597 499 2670 vituperati,
509 2603 541 2653 ut
551 2598 649 2661 nostis,
661 2615 678 2652 a
689 2615 733 2652 mc
744 2599 817 2653 ritus
827 2599 912 2652 etiarn
921 2598 995 2652 circa
1034 2599 1138 2653 donum
1149 2599 1209 2652 est?
1220 2599 1267 2669 qni
1278 2599 1392 2652 devotos
1404 2599 1465 2668 ejus
1475 2597 1584 2651 animos
1595 2614 1662 2667 erga
1675 2613 1758 2651 suam
1768 2613 1839 2667 prae·

199 2702 244 2740 mc
259 2693 406 2741 serventur
415 2686 557 2759 obsequia.
574 2688 666 2758 Hujus
681 2687 755 2742 enim
772 2687 814 2742 rei
827 2687 919 2758 gratia
934 2703 994 2740 ma·
1035 2687 1130 2741 videns
1150 2688 1337 2757 majestatem,
1353 2686 1498 2741 hominem
1514 2686 1570 2740 alio
1586 2702 1657 2757 pene
1672 2685 1738 2739 orbe
1762 2684 1839 2739 cela-

197 2775 271 2829 rime
282 2776 336 2829 huc
346 2793 408 2828 sum
422 2775 638 2846 regressusvos
648 2775 734 2847 igitur
747 2787 832 2830 humo
839 2775 935 2846 tegite,
947 2791 995 2829 vos
1035 2781 1106 2839 tum,
1123 2782 1152 2830 et
1166 2776 1239 2830 inter
1263 2782 1356 2831 tantas
1385 2776 1507 2847 positum
1533 2775 1709 2841 solitnlineS,
1725 2772 1836 2838 Africae,

197 2864 285 2935 patris
304 2865 410 2934 operite
428 2865 635 2935 corpusculum.
654 2871 683 2918 et
701 2864 770 2919 illud
789 2881 900 2937 quoquc
920 2864 995 2918 senis
1036 2864 1187 2935 Hispaniae,
1204 2864 1311 2930 Galliae,
1329 2864 1425 2930 ltaliae,
1442 2864 1563 2936 Illyrico.
1587 2863 1641 2934 ipsi
1656 2862 1752 2928 etiam,
1772 2878 1838 2933 quae

198 2948 281 3002 vestri
295 2947 432 3002 custodite
443 2949 617 3014 mandatum,
629 2956 661 3004 ut
671 2965 753 3004 nemo
763 2954 994 3021 praetcrvcstram
1035 2953 1146 3008 urbium
1161 2959 1246 3025 caput
1259 2959 1311 3021 est,
1328 2954 1422 3008 Romae
1439 2952 1520 3021 1143),
1537 2958 1569 3006 ut
1583 2952 1613 3006 ia
1636 2951 1751 3006 exordio
1771 2967 1839 3022 pro·

197 3036 376 3090 dilectionem
396 3038 485 3092 locum
501 3037 604 3091 tumuli
620 3037 675 3092 mci
690 3038 807 3092 noverit.
824 3038 939 3093 Confido
965 3033 1022 3092 inf·
1033 3042 1160 3105 miserat,
1170 3042 1382 3097 demonstravit.
1390 3041 1532 3097 Creatoris
1545 3047 1588 3095 cst
1598 3041 1652 3095 ista
1663 3039 1836 3111 benignitas.

197 3126 327 3188 Domino,
336 3126 568 3196 quianecessario
579 3126 792 3181 resurrectionis
805 3132 931 3198 tempore
943 3127 996 3181 hoc
1036 3132 1083 3204 qni
1098 3131 1217 3186 famulos
1229 3148 1305 3195 suos,
1321 3132 1386 3186 licet
1400 3133 1537 3194 nolentes,
1553 3130 1702 3184 nobilitare
1717 3145 1837 3184 consue·

199 3215 395 3286 corpusculum
405 3221 534 3286 resurget
543 3215 745 3287 incorruptum.
756 3216 994 3272 vestimentorum
1036 3221 1083 3288 vit,
1095 3226 1126 3275 ut
1138 3221 1226 3275 virtus
1239 3220 1377 3292 possibilis
1391 3238 1442 3275 nce
1456 3226 1535 3275 extra
1547 3220 1699 3274 humanam
1712 3234 1775 3273 esse
1786 3233 1835 3271 na·

196 3309 290 3358 autem
313 3321 439 3358 meorum
454 3305 490 3359 sit
512 3305 566 3358 isla
585 3305 682 3359 divisio
699 3304 772 3373 (1352)
789 3322 795 3357 :
817 3305 947 3359 lfelotcm
967 3312 996 3360 et
1036 3316 1294 3365 turamsanctorum
1306 3307 1836 3380 doceaturexemplis,etadbcataevitae

198 3392 314 3462 pallium
330 3392 438 3452 tritum,
451 3392 496 3447 cui
510 3394 681 3464 superjaceo,
696 3394 850 3448 Athanasio
867 3394 995 3466 episcopo
1035 3399 1232 3467 imitationem,
1249 3417 1281 3453 ex
1291 3399 1383 3453 fructu
1398 3398 1501 3453 laboris
1514 3397 1636 3469 optimus
1651 3397 1770 3468 quisque
1782 3397 1836 3450 im·

197 3480 273 3541 date,
281 3481 353 3551 quod
366 3481 433 3534 mihi
443 3481 611 3552 novumipse
622 3482 778 3547 detulerat(
783 3479 850 3553 136).
861 3483 997 3553 Serapion
1037 3489 1168 3559 pellatur.

197 3570 344 3640 episcopus
357 3567 433 3637 (137)
449 3569 534 3624 aliam
548 3569 667 3641 accipiat
680 3569 826 3637 melotem;
843 3586 889 3624 vos
909 3571 996 3624 cilici·
1073 3575 1139 3630 cna.
1158 3575 1242 3631 LXII.
1257 3606 1290 3616 -
1305 3576 1387 3630 Hune
1401 3576 1497 3647 itaquo
1512 3574 1646 3629 fratribus
1659 3572 1764 3628 librum
1779 3587 1839 3625 ma·

197 3674 267 3712 num
284 3657 414 3712 habetote
429 3659 636 3722 vestimentum,
648 3665 677 3713 et
690 3659 789 3725 valete,
807 3659 909 3713 viscera
919 3676 995 3727 mea,
1037 3680 1160 3735 gnopere
1170 3665 1313 3735 perlegere
1323 3669 1429 3731 curato,
1438 3670 1480 3730 ut,
1492 3663 1588 3734 agnita
1597 3663 1671 3717 fideli
1684 3662 1742 3715 vita
1751 3659 1839 3715 subli-

198 3745 338 3800 Antonius
353 3746 427 3800 enim
443 3746 556 3817 migrat,
572 3748 672 3816 etjam
691 3764 746 3801 non
762 3748 855 3804 eritin
869 3748 999 3819 praesenti
1040 3753 1127 3808 mium
1141 3754 1366 3809 Christianorum
1380 3760 1409 3808 et
1429 3754 1639 3817 monachorum,
1657 3750 1748 3805 sciant
1762 3747 1839 3821 quod

198 3833 299 3888 ⁸³³0¹110
315 3834 467 3890 V0blscum·
1039 3843 1166 3898 Salvator
1179 3849 1275 3897 noster
1285 3844 1367 3898 Jeaus
1376 3843 1505 3915 Christus
1513 3841 1703 3913 glorificantes
1715 3856 1745 3893 se
1753 3837 1840 3909 glori·

234 3923 303 3980 Car.
323 3923 394 3978 LIX.
415 3952 447 3962 -
465 3923 556 3978 Verba
569 3924 689 3991 finierat,
710 3931 739 3980 et
758 3926 947 3981 osculantibus
968 3944 999 3981 sc
1039 3933 1113 3998 sicat,
1131 3938 1159 3986 et
1181 3932 1366 3986 servientibus
1390 3931 1512 3997 sibimet,
1535 3948 1591 3986 non
1618 3934 1729 3984 tantum
1749 3943 1840 3998 regna

198 4010 352 4083 discipulis,
364 4013 517 4079 extendens
525 4014 672 4085 paululum
682 4015 776 4086 pedes,
788 4021 906 4071 mortem
918 4016 998 4070 lactus
1039 4021 1183 4085 eoelomm,
1199 4022 1248 4076 sed
1267 4021 1352 4075 etiam
1369 4021 1413 4075 hic
1426 4020 1455 4074 in
1477 4020 1545 4092 ipsis
1565 4018 1705 4074 montium
1721 4016 1840 4072 secretis

197 4101 308 4172 aspexit
323 4098 407 4169 (l38};
421 4101 462 4155 ita
475 4107 507 4156 ut
516 4119 549 4157 ex
563 4102 705 4158 hilaritate
719 4104 813 4159 vultus
827 4106 898 4175 ejus,
911 4122 998 4176 ange·
1038 4109 1125 4164 latere
1136 4108 1694 4181 cupientibus,famaetribuitnobilitatem
1703 4126 1709 4175 ;
1718 4106 1837 4173 scilicet,

197 4189 291 4244 lorum
300 4195 471 4257 sanctornm,
489 4191 538 4263 qui
555 4191 590 4245 ad
600 4193 794 4266 perferendam
803 4193 927 4248 animam
937 4196 997 4265 ejus
1038 4203 1105 4253 utet
1116 4198 1169 4270 ipsi
1179 4199 1310 4253 fruantur
1320 4199 1403 4252 laude
1414 4198 1624 4263 meritorum,et
1634 4195 1727 4252 caeteri
1737 4212 1838 4250 eorum

197 4278 410 4345 descenderant,
426 4281 575 4351 praesentia
599 4287 774 4339 nosceretur.
794 4283 851 4337 Hos
872 4283 995 4351 intuens,
1037 4293 1221 4358 provocentur
1231 4286 1373 4359 exemplis.
1387 4287 1416 4342 Si
1430 4293 1525 4342 autem
1537 4286 1725 4341 necessarium
1738 4284 1835 4350 suerit,

196 4373 333 4441 tanquam
349 4369 455 4423 amicos
469 4370 583 4434 videret,
604 4371 727 4426 animam
742 4372 890 4435 exhalavit,
907 4379 936 4427 et
950 4372 997 4428 ad·
1006 4380 1066 4444 Det
1072 4375 1202 4447 gentibus
1213 4376 1306 4447 legite,
1314 4382 1347 4431 ut
1355 4377 1398 4431 vel
1409 4377 1449 4431 sic
1459 4380 1612 4448 agnoscant
1622 4375 1688 4447 quia
1697 4373 1837 4428 Dominus

197 4457 273 4512 ditus
282 4464 325 4512 est
335 4457 461 4529 patribus
475 4458 629 4513 secundum
640 4461 766 4515 ordinem
776 4461 994 4533 Scripturarum.
1038 4470 1134 4519 noster
1155 4466 1236 4520 lesus
1262 4465 1389 4521 Christus
1425 4483 1481 4520 non
1505 4467 1596 4520 solum
1616 4470 1659 4519 est
1683 4464 1768 4529 Deus,
1783 4461 1837 4516 Dei

198 4546 385 4601 servaverunt
398 4545 531 4600 mandata
546 4545 674 4619 discipuli
686 4548 938 4619 (f39),involutum
955 4553 998 4617 (ut
1037 4554 1133 4618 FiliuS,
1149 4555 1198 4609 sed
1221 4553 1307 4609 etiam
1330 4555 1375 4608 his
1393 4554 1441 4626 qui
1461 4571 1525 4609 enm
1549 4554 1667 4608 sollicite
1683 4553 1789 4619 colunt,
1807 4555 1838 4606 et

198 4638 377 4707 preceperat)
391 4652 492 4707 corpus
506 4635 592 4690 humo
602 4637 773 4708 operientes3
785 4645 813 4693 et
825 4657 908 4695 nemo
923 4641 997 4696 inte·
1036 4643 1066 4698 in
1079 4660 1142 4698 enm
1155 4643 1276 4698 fideliter
1291 4644 1418 4710 credunt,
1435 4644 1507 4697 hanc
1517 4644 1595 4697 dedit
1608 4648 1787 4714 potestatem,
1803 4644 1838 4695 ut

197 4722 252 4776 rim
266 4740 355 4794 usque
370 4724 405 4778 ad
418 4724 490 4779 hanc
503 4725 588 4788 diem,
604 4731 706 4797 praeter
719 4744 776 4792 eos,
788 4726 835 4782 ubi
852 4728 888 4782 sit
902 4729 996 4784 condi-
1036 4731 1186 4796 daemones,
1198 4749 1268 4805 ques
1277 4732 1317 4786 illi
1330 4733 1397 4787 deos
1408 4750 1468 4787 esse
1479 4732 1661 4797 arbitrantur,
1669 4730 1837 4785 conculcent

198 4813 364 4878 tumuerit.
373 4813 538 4884 Legatarius
551 4820 645 4871 autem
657 4816 771 4871 llntouii
784 4815 934 4886 benedicti,
947 4819 995 4890 qui
1035 4826 1119 4893 atque
1147 4821 1268 4892 ejiciant,
1294 4820 1456 4893 deceptores
1483 4820 1593 4875 scilieet
1616 4820 1779 4885 hominum,
1807 4823 1838 4872 et

198 4899 297 4955 tritum
313 4902 429 4972 pallium
441 4920 506 4958 cum
520 4904 622 4959 melote
640 4905 758 4977 imperio
772 4907 833 4978 ejus
853 4915 996 4964 meruerat
1034 4910 1121 4965 totius
1133 4911 1320 4983 corruptionis
1339 4911 1469 4966 artifices.

787 5101 917 5143 antonus
931 5101 1041 5144 avadnn
1060 5103 1245 5147 Inranvnms.

235 5256 333 5330 ltaque
343 5258 505 5331 prudentes,
516 5260 564 5331 qui
577 5261 670 5332 legere
684 5263 823 5321 voluerint
836 5267 909 5322 hanc
923 5267 1100 5339 scripturam,
1117 5267 1295 5324 obsecramus
1307 5274 1339 5324 ut
1351 5268 1419 5323 dent
1428 5269 1548 5336 veniam,
1561 5270 1584 5324 si
1595 5269 1683 5325 Gracci
1696 5267 1837 5324 sermonis

199 5345 254 5398 vim
269 5346 424 5417 exprimere
434 5363 489 5400 non
499 5347 652 5417 potuimus,
660 5354 860 5410 transferentes
871 5374 935 5411 eum
945 5357 974 5411 in
984 5357 1113 5413 Latinam
1125 5358 1260 5428 linguam,
1273 5359 1337 5413 lieet
1346 5364 1443 5413 contra
1452 5363 1579 5413 nostrum
1590 5357 1765 5429 propositum
1775 5358 1836 5413 haec

199 5433 357 5489 fecerimus.
366 5436 419 5491 Sed
432 5453 486 5491 non
496 5438 576 5508 quasi
583 5438 739 5497 invidentes
748 5444 1017 5509 nolebamusfacere,
1025 5445 1075 5499 sed
1086 5444 1258 5501 sufficienter
1265 5446 1355 5501 sciens
1363 5452 1498 5517 quantam
1506 5447 1703 5502 infirmitatem
1713 5448 1836 5502 sustinet

200 5525 315 5580 Graecus
323 5541 416 5580 sermo
425 5525 579 5582 translatus
587 5526 918 5602 inLatinitatem3tamen
927 5533 1079 5590 mduimus
1087 5535 1214 5591 Graecum
1222 5550 1381 5591 sermonem
1388 5536 1441 5592 hoe
1450 5537 1599 5603 sustinere,
1606 5552 1690 5608 quam
1702 5535 1833 5591 fraudem
