3818 6120
135 287 187 372 lli
645 285 692 341 DE
710 286 804 343 vluls
823 288 972 346 PATRUM
989 293 1097 349 LIBER
1115 286 1260 348 Paulus.
1719 284 1776 342 ⁴72

138 418 235 470 nostra
249 429 300 468 nos
314 411 430 466 minime
440 408 579 478 fefellerit,
587 427 638 466 nos
646 411 765 479 docebit,
778 412 968 485 efficietqueA
979 417 1063 486 (Loca
1078 421 1147 486 ιιι).
1164 414 1275 470 Etenim
1288 428 1352 467 cum
1374 410 1449 465 Deus
1466 409 1609 466 hominem
1631 407 1666 463 ab
1690 408 1775 465 initio

137 508 170 559 ut
182 503 318 557 bonorum
326 500 438 554 illorum
447 498 577 569 gloriam,
588 516 700 555 omnem
712 502 933 573 mentiscaptum
975 505 1128 560 effinxisset
1140 500 1387 576 (quemadmodum
1406 498 1492 555 etiam
1503 500 1565 571 jam
1578 498 1630 555 tibi
1643 499 1773 572 ειροειιι)

137 595 327 663 superantem,
339 589 429 642 lucem
444 588 521 643 illam
536 606 598 660 quae
613 591 690 644 nulla
704 591 830 648 oratione
840 593 932 664 expri-
973 594 1126 649 insulllavit
1140 594 1170 647 in
1190 608 1256 647 eum
1271 589 1441 661 spiraculum
1455 588 1518 642 vite
1539 588 1618 660 (Gen.
1640 592 1684 657 11),
1709 604 1775 660 quae

137 679 176 733 mi
184 684 287 750 potest,
296 670 465 732 vitarn'illam
475 695 536 748 quae
545 684 634 733 morte
640 696 696 733 non
704 679 929 752 interrumpitur,
973 683 1086 754 quidem
1102 682 1198 736 anima
1211 678 1328 735 rationis
1337 676 1619 748 atqueintelligentiae
1630 676 1775 749 particeps

136 783 168 820 ac
183 767 303 837 denique
318 766 395 820 illam
410 782 474 821 curn
489 766 595 837 angelis
617 768 679 822 vitae
700 770 931 825 consuetudinem
973 771 1139 841 appellatur.
1155 767 1294 832 Quoniam
1308 768 1403 819 autem
1417 768 1507 818 morte
1521 763 1648 819 damnati
1660 778 1774 831 sumus,

136 871 345 925 cognoscamus.
361 856 432 909 Nam
444 855 525 908 sihoc
535 855 669 911 divinitus
679 873 891 929 consequamur,
901 864 933 914 ut
974 858 1103 914 omnibus
1120 857 1200 911 nobis
1215 855 1285 910 mori
1301 869 1413 908 necesse
1427 851 1775 924 est3necs1eripotestut

91 964 94 971 ·
135 958 199 998 cum
208 944 277 1010 Deo,
289 944 561 1016 quantumhumanae
571 949 679 1000 naturae
689 945 730 1000 sas
742 952 794 1013 est,
814 964 932 1002 consuo·
973 947 1019 1002 hie
1033 947 1103 1002 calix
1112 930 1256 1000 hominem
1268 943 1357 998 ullum
1367 946 1523 1014 praetereat.
1535 940 1612 996 Nihil
1625 944 1775 996 autemest

136 1032 264 1087 tudinem
277 1030 440 1099 habeamus,
457 1031 552 1086 omnia
564 1035 934 1106 eaquanuncnobisignota
974 1036 1049 1091 aliud
1062 1051 1137 1090 mors
1151 1051 1236 1105 quarn
1256 1032 1344 1086 animi
1366 1048 1383 1086 a
1404 1046 1520 1102 corpore
1543 1029 1707 1101 disjunctio.
1731 1030 1774 1084 Ac

135 1126 204 1176 sunt
216 1120 251 1175 ab
266 1137 299 1174 eo
309 1120 439 1175 sciemus.
455 1121 515 1175 Hoc
530 1122 615 1188 enim,
632 1123 783 1195 Scripturis
801 1124 933 1179 divinitus
974 1124 1087 1194 quidem
1115 1122 1185 1177 illud
1208 1138 1317 1193 corpus,
1342 1120 1417 1191 quod
1438 1124 1550 1174 eterra
1572 1117 1698 1172 effictum
1717 1123 1771 1183 est,

135 1209 279 1281 inspiratis
294 1210 417 1275 edoctus,
442 1210 568 1264 omnium
590 1215 710 1265 maxime
732 1213 865 1267 coelorum
886 1229 931 1268 ιε-
973 1218 1156 1285 posteaquam
1167 1210 1201 1265 ab
1212 1210 1471 1279 animosejunetum
1493 1211 1544 1274 est,
1559 1207 1719 1274 interram,
1740 1221 1774 1260 ex

135 1314 224 1368 gnum
239 1314 299 1352 esse
312 1298 391 1363 duco,
417 1315 517 1369 nempe
538 1298 574 1352 ad
596 1306 707 1367 sanctae,
733 1307 762 1354 et
783 1317 845 1372 quae
869 1302 932 1357 vitre
975 1319 1030 1372 qua
1043 1305 1187 1372 sumptum
1201 1300 1302 1364 suerat,
1315 1297 1474 1362 revertitur,
1490 1311 1522 1350 ac
1537 1300 1702 1366 corruptum
1716 1294 1773 1348 dis·

136 1385 248 1441 initium
261 1387 347 1452 dedit,
361 1387 508 1441 Trinitatis
517 1389 780 1459 contemplationem
791 1391 931 1457 accedere,
974 1391 1091 1444 solvitur
1106 1390 1179 1458 (Gen.
1196 1403 1243 1455 ιιι;
1260 1389 1343 1442 decli.
1360 1389 1414 1455 111).
1429 1384 1530 1439 Anima
1546 1388 1643 1438 autem
1659 1383 1772 1437 immor·

136 1481 223 1546 atque
237 1474 447 1546 incomparabili
458 1475 545 1546 ipsius
555 1476 661 1530 lumine
679 1479 776 1548 purius
786 1478 932 1545 illustrari,
974 1479 1038 1534 talis
1052 1495 1117 1532 cum
1132 1478 1177 1543 sit,
1191 1493 1224 1530 eo
1238 1474 1424 1546 proficiscitur
1434 1488 1488 1544 quo
1498 1488 1626 1526 summus
1642 1469 1690 1524 ille
1704 1470 1772 1524 elle·

137 1579 169 1617 ac
182 1562 304 1617 revelata
318 1563 437 1630 iacietll
444 1563 504 1618 Cor.
521 1566 564 1632 ιιι)
580 1563 668 1634 ιρειιιε
681 1565 800 1635 gloriam
819 1584 931 1623 omnem
972 1573 1033 1621 ctor
1047 1567 1176 1638 imperat,
1184 1565 1236 1630 vel,
1249 1569 1281 1618 ut
1290 1563 1393 1617 rectius
1408 1562 1516 1633 loquar,
1532 1558 1772 1632 quemadmodum

135 1649 284 1705 verborum
296 1651 457 1705 facultatem
464 1659 644 1722 superantem
650 1655 787 1708 contueri.
798 1655 856 1709 Nec
867 1672 932 1710 vero
972 1656 1034 1727 ipsa
1048 1655 1110 1721 sibi,
1123 1671 1186 1708 cum
1195 1654 1286 1710 adhuc
1299 1652 1328 1706 in
1345 1667 1428 1705 carne
1441 1654 1609 1715 versaretur,
1616 1647 1771 1720 hospitium

135 1739 296 1794 mirandum
311 1744 362 1805 est,
379 1740 498 1810 gloriam
513 1740 590 1794 illam
612 1758 647 1795 ac
671 1743 761 1796 lucem
780 1749 809 1797 et
831 1744 1148 1826 arcanaflpraeparavit.
1164 1743 1202 1797 Ut
1216 1742 1292 1796 enim
1307 1740 1425 1812 quisque
1439 1739 1500 1794 vitae
1515 1732 1633 1793 munere
1648 1737 1694 1792 hic
1707 1736 1771 1791 iuu-

134 1827 208 1881 bona
223 1828 307 1899 nullis
322 1826 412 1882 verbis
425 1829 561 1883 declarem
572 1846 652 1900 posse
664 1850 671 1898 ς
686 1833 865 1902 nequeenim
875 1851 934 1888 am·
973 1840 1034 1888 ctus
1047 1833 1141 1898 suerit,
1156 1831 1212 1885 illic
1226 1836 1389 1901 recepturus
1405 1832 1457 1882 est.

134 1915 181 1986 pla
195 1921 224 1969 ct
236 1915 338 1969 eximia
350 1927 453 1984 essent,
470 1917 493 1971 ει
509 1934 559 1971 nos
573 1918 678 1972 terreni
689 1926 719 1973 et
735 1921 877 1986 mortales,
901 1937 933 1976 ac
1007 1922 1134 1993 Denique
1163 1919 1295 1975 confectis
1317 1918 1409 1988 longis
1430 1920 1590 1987 temporum
1612 1912 1769 1983 curriculis,

133 2019 248 2075 gravem
263 2005 335 2059 hanc
345 2009 374 2058 et
388 2005 580 2060 allectionibus
595 2006 743 2062 obnoxiam
759 2025 871 2063 carnem
882 2027 932 2080 ge·
973 2012 1047 2066 Deus
1062 2015 1156 2064 noster
1170 2025 1232 2062 cum
1248 2006 1398 2062 metuenda
1413 2011 1442 2060 et
1454 2004 1590 2060 sermonis
1607 2003 1771 2058 facultatem

134 2098 251 2157 stantes,
268 2109 301 2147 ea
318 2098 380 2146 tum
404 2094 564 2164 cognitione
585 2095 737 2167 percipere,
761 2103 821 2151 tum
840 2097 931 2153 verbis
972 2103 1123 2171 superante
1133 2098 1225 2169 gloria
1238 2097 1273 2151 ad
1285 2094 1422 2166 judicium
1432 2095 1467 2149 de
1481 2093 1547 2148 orbe
1561 2093 1712 2147 serendum
1725 2107 1770 2146 ve·

135 2181 291 2251 exprimere
304 2198 458 2252 possemus.
476 2183 543 2246 Quae
561 2200 625 2237 cum
642 2185 785 2256 explorata
799 2186 849 2240 tibi
863 2186 930 2252 sint,
973 2188 1041 2244 niet.
1064 2189 1151 2258 CuJus
1173 2191 1250 2241 melu
1266 2187 1399 2241 coelorum
1421 2184 1536 2238 virtutes
1556 2179 1771 2236 commovebun-

134 2285 168 2322 ea
183 2269 308 2324 hdesola
321 2270 391 2324 citra
406 2271 493 2326 ullam
504 2272 708 2326 dubitationem
727 2275 830 2345 accipe,
847 2281 932 2346 atque
972 2282 1029 2342 tur,
1045 2282 1130 2348 atque
1144 2275 1235 2330 omnis
1249 2275 1413 2345 angelorum
1428 2273 1564 2327 exercitus
1577 2277 1704 2325 tremore
1714 2284 1771 2324 cor
1804 2302 1813 2313 -

134 2356 171 2412 ab
184 2357 260 2412 omni
275 2359 387 2413 notione
406 2358 546 2427 abhorre;
567 2360 692 2431 illudque
714 2363 804 2428 stude,
831 2369 863 2417 ut
882 2380 933 2434 per
973 2370 1174 2438 reptuscoram
1193 2365 1253 2436 ipso
1268 2363 1456 2427 astabitthac
1472 2364 1619 2430 xx1):tum
1631 2357 1813 2427 videhcet,

133 2444 207 2501 bona
229 2463 314 2518 opera
340 2447 530 2502 immortalem
556 2448 632 2502 illam
656 2450 775 2520 gloriam
800 2452 929 2522 arripias.
972 2471 1036 2509 cum
1049 2471 1078 2508 ιιι
1089 2453 1250 2523 archangeli
1261 2468 1326 2507 voce
1344 2468 1376 2506 ac
1400 2450 1496 2505 divina
1516 2449 1585 2504 tuba
1609 2448 1716 2503 mortui
1736 2445 1771 2500 ad
1784 2448 1813 2503 Ι

134 2534 196 2598 Qua
221 2551 283 2592 cum
313 2535 364 2590 tibi
396 2536 481 2607 potiri
513 2537 663 2607 contigerit
694 2538 843 2609 perfectius
874 2541 932 2596 haec
972 2543 1058 2597 vitam
1068 2541 1208 2607 redibunt
1224 2558 1256 2595 ac
1266 2539 1429 2596 tremendo
1422 2554 1510 2610 ipsius
1520 2538 1624 2592 throno
1635 2537 1812 2594 sistentur-s

133 2639 294 2694 ⁰⁰8¹¹⁰⁸⁰0⁸·
973 2634 1000 2700 tl
1011 2633 1098 2687 Thess.
1115 2631 1163 2700 ιι).
1180 2631 1229 2685 Εει
1243 2634 1337 2685 autem
1356 2627 1533 2693 resurrectio,
1550 2626 1653 2681 anime
1671 2641 1812 2681 rursum

170 2718 266 2780 259
279 2712 359 2777 Quod
379 2718 475 2768 autem
499 2730 531 2767 ex
546 2730 592 2768 me
616 2715 777 2785 quaesivisti,
799 2733 933 2787 quonam-
973 2737 1037 2775 cum
1050 2719 1342 2792 corporaconjunctio.
1354 2715 1648 2787 Quocircahoeipsum
1657 2731 1809 2787 corpus,t

134 2802 217 2857 modo
244 2819 296 2857 nos
319 2803 457 2857 incarnati
480 2804 532 2857 Dei
559 2804 643 2859 verba
667 2805 849 2873 audierimus,
880 2807 932 2861 hoc
973 2810 1047 2882 quod
1061 2809 1158 2864 interit
1167 2826 1199 2864 ac
1209 2808 1379 2871 dissolvitur,
1391 2807 1431 2860 ita
1443 2810 1580 2875 resurget,
1597 2811 1632 2859 ut
1641 2803 1812 2875 deincepe

133 2890 245 2958 habeto,
261 2907 313 2945 nos
326 2909 378 2962 per
391 2898 568 2946 sacrosancta
586 2894 736 2964 Evangelia
757 2911 790 2948 ea
813 2912 874 2966 quae
895 2896 931 2951 ad
971 2899 1086 2953 interire
1100 2902 1222 2970 nequeat
1234 2898 1264 2969 (I
1273 2897 1333 2953 Gor.
1349 2899 1405 2965 xv).
1417 2893 1676 2949 Necverohuicrei
1688 2893 1812 2948 tidem

132 2980 337 3048 theandricam,
354 2980 406 3034 hoc
421 2987 464 3035 est
477 2981 528 3035 Dei
551 2999 615 3037 cum
638 2983 751 3037 homine
778 2985 928 3055 conjuncti,
971 2989 1028 3042 ullo
1043 2988 1126 3042 modo
1138 2987 1274 3057 abrogare
1286 2987 1316 3039 in
1329 2991 1453 3039 mentem
1466 2983 1517 3038 tibi
1543 2983 1646 3037 veniat.
1673 2983 1812 3053 Neque

133 3069 371 3140 dispensationem
379 3070 530 3141 pertinent,
542 3071 761 3126 didicisse.Nam
771 3072 929 3129 itasanctus
939 3080 961 3140 G
971 3078 1045 3132 enim
1060 3077 1085 3131 ci
1101 3077 1149 3148 qui
1164 3076 1257 3147 ipsum
1272 3074 1393 3147 primum
1409 3078 1515 3128 eterra
1534 3072 1632 3136 otilxit,
1655 3076 1812 3144 postea—

132 3157 180 3212 ille
193 3156 265 3212 liber
279 3159 445 3232 appellatur,
462 3165 494 3213 ut
509 3160 557 3230 qui
572 3160 812 3215 immortalitatem
828 3168 856 3216 et
872 3169 930 3217 sta-
972 3182 1057 3237 quam
1072 3165 1221 3220 interram
1236 3180 1335 3234 exque
1349 3168 1495 3234 sumptum
1512 3166 1557 3216 est
1571 3161 1667 3228 rediit,
1693 3162 1812 3239 juxta

131 3251 193 3301 tum
208 3263 225 3301 a
238 3247 416 3318 corruptione
428 3247 561 3315 alienum,
577 3255 606 3304 et
619 3251 819 3321 sempiternam
831 3252 929 3319 vitam,
972 3253 1286 3309 Creatorissententiam
1293 3269 1390 3307 rursus
1399 3251 1529 3306 advitam
1539 3249 1810 3321 excitareimpos-

132 3339 161 3388 et
177 3341 355 3406 peccatorum
370 3336 572 3406 remissionem,
593 3343 622 3392 et
642 3339 776 3394 coelorum
800 3356 928 3410 regnum,
971 3343 1052 3397 sibile
1067 3346 1118 3396 est.
1129 3342 1201 3397 Nam
1209 3341 1232 3394 ει
1242 3340 1380 3412 quodRex
1388 3340 1463 3394 Deus
1473 3355 1505 3392 ex
1523 3338 1613 3392 nihilo
1624 3338 1655 3392 in
1678 3344 1789 3394 ortum

131 3422 211 3478 nobis
231 3425 279 3495 qui
295 3426 428 3479 mortales
439 3425 623 3497 interituique
642 3427 754 3481 obnoxii
769 3445 801 3482 ac
824 3430 930 3485 terreni
970 3431 1141 3504 produxerit,
1158 3436 1250 3485 tecum
1262 3434 1384 3500 reputes,
1400 3427 1475 3482 istud
1487 3427 1556 3481 satis
1565 3443 1673 3497 magno
1688 3443 1776 3498 argu·

130 3528 237 3579 sumus,
254 3513 344 3567 sauste
359 3515 517 3568 annuntiet.
534 3516 623 3578 Quem
636 3515 748 3585 quidem
759 3516 931 3587 scripserunt
971 3525 1066 3574 mento
1076 3519 1126 3573 tibi
1135 3519 1262 3573 futurum
1278 3523 1330 3571 est.
1347 3517 1458 3572 Etenim
1477 3521 1591 3588 sumpta
1604 3521 1695 3581 terra,
1712 3532 1774 3587 quar

131 3601 179 3671 qui
192 3606 363 3671 spectatores
379 3618 412 3655 ac
422 3602 544 3656 ministri
555 3602 639 3656 Verbi
647 3603 769 3658 fuerunt.
782 3605 822 3659 De
830 3606 929 3678 quibus
971 3609 1048 3680 prius
1060 3614 1197 3674 nouerat,
1213 3606 1519 3677 hominemprocreavit
1535 3604 1612 3675 (Gen.
1637 3606 1682 3673 ιι).
1696 3605 1766 3669 Quo·

131 3689 259 3760 superius
274 3689 340 3754 dixi,
357 3690 431 3758 quod
447 3689 573 3744 Salvator
588 3697 682 3745 noster
703 3692 831 3747 Christus
845 3694 929 3748 disci·
970 3715 1036 3753 nam
1051 3698 1138 3768 igitur
1147 3697 1230 3751 modo
1244 3713 1259 3750 e
1272 3696 1442 3751 terrahomo
1456 3694 1546 3749 iactus
1560 3693 1625 3748 esti
1641 3693 1765 3759 Quonam

130 3775 212 3846 pulos
227 3781 256 3830 et
267 3777 407 3846 apostolos
421 3776 547 3847 elegerit.
564 3779 618 3843 Qui
633 3780 745 3849 quidem
765 3781 843 3835 nobis
866 3787 930 3854 post
970 3787 1052 3841 modo
1067 3786 1128 3858 ipsa
1140 3802 1173 3840 ex
1197 3785 1285 3840 nihilo
1309 3784 1444 3855 producta
1464 3782 1529 3838 est?
1549 3783 1682 3847 Quonam
1703 3782 1765 3838 item

129 3863 281 3932 gloriosam
293 3865 344 3918 Dei
353 3865 384 3919 in
402 3865 486 3919 coelos
499 3867 701 3935 ascensionem,
717 3869 840 3940 ipsiusin
850 3875 927 3940 terra
966 3874 1149 3929 fundamento
1163 3872 1544 3944 nititurlQuonamdenique
1555 3870 1641 3925 modo
1661 3888 1697 3926 ex
1710 3870 1765 3943 ipsa

129 3952 194 4006 vitae
208 3952 357 4020 rationem;
374 3958 403 4006 ει
416 3954 572 4009 doctrinam
583 3972 615 4009 ac
629 3957 773 4022 miracula,
791 3964 927 4030 quantum
968 3964 1080 4019 infinita
1095 3967 1155 4018 lum
1170 3962 1327 4020 brutorum.
1338 3967 1400 4016 tum
1410 3959 1764 4033 seminum,tumstirpium

129 4039 165 4094 ab
180 4040 340 4096 hominibus
359 4044 485 4113 praestari
506 4050 626 4114 poterat,
648 4045 806 4101 litterarum
827 4065 928 4103 monu·
967 4069 1073 4123 genera
1087 4051 1321 4124 productasuntl
1335 4050 1496 4115 Quinetiam
1507 4050 1646 4106 innostro
1656 4065 1765 4122 quoque

129 4130 232 4184 mentis
244 4131 424 4186 mandarunt.
442 4132 488 4186 Sic
502 4133 605 4188 etenim
618 4134 646 4187 in
662 4140 786 4189 extrema
805 4136 870 4190 libri
883 4139 928 4192 sui
967 4147 1030 4196 ortu
1043 4140 1125 4195 velim
1136 4141 1188 4195 hoc
1198 4139 1365 4195 consideres.
1374 4141 1419 4194 An
1429 4138 1570 4194 nonenim
1582 4139 1765 4210 perexiguum

128 4223 209 4290 parte
223 4219 341 4274 eximius
354 4220 401 4274 ille
416 4220 491 4275 inter
500 4221 607 4277 divinos
628 4225 813 4294 evangelistas
837 4225 924 4283 dixit:
966 4246 1061 4285 semen
1077 4230 1106 4284 in
1120 4234 1234 4295 terram,
1255 4230 1307 4284 hoc
1329 4235 1372 4284 est
1394 4229 1424 4283 in
1446 4228 1555 4284 vulvam
1576 4228 1673 4299 ipsum
1696 4226 1764 4282 exei-

128 4308 201 4363 Sunt
215 4314 244 4365 et
256 4309 313 4363 alia
326 4311 425 4376 multa,
438 4327 499 4380 quae
513 4310 578 4365 fecit
591 4312 682 4380 Jesus,
694 4330 755 4384 quae
763 4314 786 4368 si
801 4314 926 4370 scriban·
967 4319 1090 4390 piantem
1109 4319 1269 4375 emittitur?
1279 4318 1359 4373 Unde
1373 4317 1620 4388 igiturhaeetanta
1636 4316 1766 4374 animalis

126 4401 175 4451 tur
189 4413 240 4469 per
254 4397 375 4468 singula,
388 4398 813 4470 necipsumarbitrormundum
823 4393 1094 4475 eosquiDeiiectiol

127 4484 267 4541 scribendi
282 4491 349 4540 sunt
361 4502 461 4558 capere
474 4504 555 4560 posse
570 4488 656 4557 libros
671 4492 760 4557 (loon.
778 4495 847 4559 ιιι).
1002 4495 1190 4560 Quamobrem
1215 4495 1239 4551 ei
1262 4496 1311 4567 qui
1339 4495 1434 4550 omnia
1457 4510 1490 4548 ex
1515 4493 1605 4548 nihilo
1623 4493 1764 4566 produxit,

163 4575 195 4629 ln
209 4575 262 4629 hoc
272 4575 357 4645 igitur
364 4574 457 4629 divino
470 4576 631 4646 Evangelio,
642 4584 703 4633 tum
713 4580 923 4651 incarnationis,
966 4589 1050 4655 atque
1064 4585 1219 4640 etiamnum
1233 4584 1371 4655 producit,
1393 4582 1508 4637 minime
1530 4580 1708 4653 impossibile
1726 4588 1767 4639 εει

127 4669 189 4718 tum
202 4663 408 4730 declarationis,
432 4668 493 4719 tum
512 4665 720 4732 miraculorum,
742 4674 803 4723 tum
821 4687 924 4742 prece·
965 4688 1100 4744 corporea
1110 4688 1144 4727 ea
1154 4688 1215 4744 quae
1225 4677 1315 4726 morte
1323 4670 1444 4725 extinctu
1452 4674 1536 4740 atque
1550 4676 1765 4741 corruptasuut,

128 4756 241 4821 piorum
254 4753 342 4824 ipsius
357 4753 483 4818 historia,
503 4755 554 4809 Dei
573 4755 674 4828 spiritu
698 4764 812 4812 exarata
835 4760 925 4814 conti-
966 4765 1072 4815 eterra
1086 4761 1122 4815 ad
1137 4760 1223 4816 vitani
1238 4777 1376 4826 revocare,
1392 4765 1424 4814 ut
1439 4763 1634 4831 unusquisque
1649 4776 1766 4816 consau-

128 4845 221 4895 netur.
234 4843 274 4896 hc
291 4842 393 4897 deinde
408 4844 536 4915 supplicii
552 4845 627 4900 illius
640 4844 675 4900 ab
695 4847 770 4901 omni
797 4847 860 4902 lube
879 4865 924 4904 re·
966 4854 1079 4904 tancarn
1094 4848 1225 4921 oporibus
1240 4849 1299 4904 suis
1309 4849 1466 4903 mercedem
1479 4847 1597 4920 recipiat
1613 4850 1658 4916 (ΙΙ
1670 4849 1764 4916 dor.v;

128 4927 208 4994 moti,
224 4929 298 4999 quod
308 4931 444 4986 Dominus
454 4939 550 4987 nostra
563 4935 753 5003 eausasubiit,
768 4943 925 5010 sanctaeque
966 4941 1068 4993 Psalm.
1085 4941 1150 5007 ιιι).
1167 4938 1283 4993 Laboris
1297 4937 1374 4992 enirn
1388 4942 1440 5004 est,
1457 4936 1549 5008 inquit
1563 4936 1621 5003 ille,
1645 4952 1768 5009 presens

127 5013 221 5070 triduo
235 5023 299 5088 post
314 5022 537 5086 resurrectionis,
558 5030 643 5095 atque
666 5024 694 5079 in
719 5025 804 5080 coelos
828 5043 924 5081 ascen-
966 5031 1077 5097 tempus
1089 5045 1096 5093 ;
1107 5026 1233 5082 futurum
1243 5032 1347 5092 autem,
1360 5026 1506 5080 mercedis.
1518 5024 1768 5097 Alioqui,ubiuam

127 5103 223 5170 sionis,
240 5121 272 5159 ac
284 5106 404 5178 denique
422 5110 539 5166 illustris
554 5129 586 5166 ac
600 5114 744 5171 metuendi
768 5115 856 5186 ipsius
879 5132 924 5170 se·
965 5115 1016 5169 Dei
1025 5115 1136 5186 justitia
1150 5116 1213 5181 erit,
1221 5115 1276 5169 nisi
1285 5114 1514 5169 sitresurrectiol
1527 5113 1677 5185 Siquidem
1687 5115 1769 5171 multi

127 5193 211 5247 cundi
225 5194 361 5250 adventus
376 5199 481 5253 mentio
497 5201 623 5256 habetur.
645 5203 768 5258 Rursum
784 5203 859 5257 enim
873 5204 925 5259 Dei
965 5203 1044 5274 probi
1059 5203 1120 5271 viri,
1138 5220 1202 5259 eum
1220 5203 1250 5258 in
1269 5203 1397 5258 haesita
1418 5202 1521 5256 multas
1539 5201 1720 5258 calamitates
1737 5219 1770 5258 ac

127 5279 215 5335 Filius
226 5297 291 5335 cum
304 5283 403 5353 gloria,
419 5287 496 5340 omni
509 5305 638 5344 sermone
647 5291 834 5361 praestantiori
840 5297 924 5364 atque
965 5291 1056 5346 multa
1069 5291 1206 5363 supplicia
1218 5291 1358 5357 tulissent,
1374 5290 1488 5363 pervim
1502 5290 1619 5344 tandem
1634 5291 1769 5347 demedio

127 5368 235 5439 ingenti
249 5370 369 5426 coelestis
383 5373 489 5430 militiae
504 5378 683 5433 multitudine
699 5380 727 5433 in
742 5387 847 5434 terram
862 5397 926 5435 ven·
966 5378 1069 5435 sublati
1084 5387 1159 5434 sunt.
1174 5380 1307 5435 Nonnulli
1316 5388 1413 5434 contra
1421 5380 1501 5451 impii
1511 5395 1544 5434 ac
1561 5379 1715 5435 iaciiiorosi
1721 5378 1770 5436 ho-

126 5464 208 5513 turus
223 5463 275 5527 est,
292 5466 324 5516 ut
336 5462 372 5516 de
387 5465 547 5520 mortalium
565 5482 670 5536 genere
692 5470 860 5524 sententiam
883 5470 924 5524 ιε·
966 5469 1065 5535 mines,
1085 5469 1115 5523 in
1136 5468 1243 5524 deliciis
1258 5485 1290 5522 ac
1309 5469 1451 5541 prosperis
1475 5484 1572 5523 rerum
1590 5467 1770 5525 successibus

125 5554 180 5613 rat,
197 5553 281 5619 atque
304 5551 456 5623 unicuique
474 5571 525 5625 pro
546 5571 578 5608 eo
603 5572 635 5610 ac
662 5559 759 5628 gessit,
789 5559 925 5631 rependat
965 5564 1132 5636 praesentem
1141 5559 1227 5617 vitam
1241 5563 1489 5630 consumpserunt:
1506 5562 1535 5612 at
1555 5557 1644 5621 Deus,
1665 5564 1699 5613 ut
1721 5559 1770 5630 qui
