3818 6120
149 285 202 345 675
660 282 707 337 DE
726 281 820 338 VITIS
839 282 987 338 PATRUM
1006 283 1113 340 LIBER
1131 284 1278 341 PRIMUS.
1736 292 1790 351 tio

148 414 243 470 divina
256 410 399 471 mandata,
415 414 445 463 et
458 407 562 480 dirigat
584 424 682 463 omnes
706 407 742 462 ad
761 422 794 462 ea
817 405 1465 478 faciendaAhant,etpsallentesconsonavoce:
1474 411 1611 469 Dominus
1618 413 1789 475 illuminatio

148 520 209 574 quae
220 503 458 573 opportunasunt.
473 499 563 553 Homo
576 495 800 553 enimhominem
807 496 945 551 edificare
986 511 1050 549 mea
1063 501 1091 550 et
1103 497 1179 552 salus
1191 514 1264 563 mea,
1279 515 1364 570 quem
1372 499 1499 555 timebo?
1514 501 1649 558 Dominus
1660 504 1789 561 defensor

146 607 203 647 non
211 591 292 655 valet,
302 588 357 643 nisi
365 586 882 659 unusquisqueattendatsemetipsum
893 585 946 640 ire·
986 584 1048 640 vitae
1060 602 1138 652 meae,
1155 603 1173 640 a
1187 604 1242 658 quo
1253 588 1414 660 trepidabo?
1425 595 1476 645 eta.
1512 592 1594 661 (Pscl.
1619 598 1706 665 xxvi),
1731 596 1788 650 exi·

146 685 274 751 quanter,
291 677 419 733 etsobrio
428 677 571 731 intellectu
580 677 654 749 quod
665 675 819 747 expedibile
829 680 871 728 est
881 690 945 746 ope·
985 672 1054 729 hant
1068 692 1156 730 unum
1171 678 1315 732 multoties
1328 682 1380 737 ant
1392 679 1463 734 duos
1477 681 1643 736 monasterii
1658 684 1788 740 custodes

144 774 233 834 retur,
245 766 672 836 Deumhabensoooperatorem.
682 764 788 818 Tamen
798 761 942 834 quoniam,
984 763 1186 834 relinquentes,
1202 782 1258 820 non
1272 771 1305 822 ut
1315 767 1489 823 custodirent
1497 785 1530 824 ea
1545 785 1607 841 quae
1618 771 1697 826 intus
1710 779 1789 829 erant

146 863 178 911 nt
192 856 296 923 dixisti,
313 856 435 910 charitas
445 855 549 910 Christi
559 861 587 909 te
594 854 688 908 videre
697 870 748 908 nos
760 851 945 906 humilesmo-
986 838 1109 922 reposita
1123 852 1192 924 (non
1206 854 1281 908 enim
1296 862 1377 911 erant
1392 857 1467 929 apud
1486 858 1549 912 illos
1563 859 1662 930 aliqua
1681 859 1789 918 iuribus

145 946 250 1001 nachos
263 945 404 1018 perduxit,
418 960 501 999 mane
517 943 671 1009 nobiscum,
685 942 707 996 si
719 941 755 996 ob
768 942 822 995 hoc
831 939 942 1005 venisti,
985 939 1130 1012 congrua),
1147 943 1195 996 sed
1205 959 1241 997 ne
1255 946 1409 1000 oratorium
1421 945 1526 1018 absque
1536 946 1640 1002 divinis
1650 948 1789 1022 relinque·

145 1040 177 1091 ut
186 1050 284 1090 omnes
295 1051 345 1089 nos
360 1033 467 1088 nutriet
480 1038 577 1105 pastor
598 1031 687 1086 bonus
713 1030 802 1085 sancti
823 1029 944 1100 Spiritus
986 1036 1050 1083 rent
1058 1031 1732 1106 solemniis.Unusquisqueautemseannonabat
1741 1035 1787 1108 19),

145 1125 190 1180 sni
203 1125 303 1196 gratia,
316 1124 364 1195 qui
374 1123 499 1178 animam
514 1138 595 1177 suam
602 1121 681 1175 dedit
689 1119 884 1174 liberationem
892 1133 944 1189 pro
984 1124 1070 1188 prout
1081 1125 1192 1190 poterat
1205 1127 1256 1177 aut
1265 1122 1384 1178 volebat.
1401 1125 1474 1179 Nam
1487 1142 1562 1183 unus
1575 1126 1712 1199 portabat
1727 1144 1789 1184 cor·

145 1214 235 1280 nobis,
252 1219 282 1268 et
290 1213 417 1285 pmprias
428 1229 492 1268 oves
506 1216 586 1265 vocat
599 1227 633 1266 ex
643 1209 757 1265 nomine
773 1210 880 1274 (liettlr.
891 1224 943 1275 xx;
985 1208 1047 1278 pori
1056 1208 1092 1263 ad
1106 1226 1269 1266 mensnram
1277 1211 1420 1269 sufficiens
1433 1212 1711 1288 dotaliusearyeas,
1718 1218 1789 1274 nlius

144 1306 225 1358 loen.
241 1306 277 1373 x).
294 1303 360 1358 llaec
373 1303 482 1358 dicente
496 1300 607 1369 abbate,
622 1301 738 1354 flectens
753 1298 858 1352 iterum
867 1296 944 1352 Zosi-
985 1298 1142 1368 palmarum
1164 1301 1272 1355 tructus
1291 1300 1427 1375 dactylos,
1454 1305 1526 1359 alius
1551 1322 1617 1360 vero
1643 1306 1789 1378 legumina

144 1409 207 1448 mas
220 1409 322 1464 genua,
337 1397 453 1464 accepta
470 1391 605 1457 oratione,
628 1387 773 1460 respondit
791 1388 891 1454 Amen,
916 1391 945 1441 et
984 1388 1789 1468 884aquisint'usa,elinsnihilpraetercorpusproprium

145 1482 251 1537 mansit
263 1482 293 1537 in
306 1482 405 1537 eodem
424 1481 605 1537 monasterio.
984 1479 1013 1530 et
1027 1475 1224 1534 vestimentum
1240 1496 1295 1551 quo
1306 1479 1449 1537 utebatur.
1462 1483 1671 1541 Nutriebantur
1679 1491 1785 1555 auteur,

181 1573 247 1628 Car.
263 1572 311 1627 lV.
326 1599 359 1610 -
373 1571 451 1626 Vidit
461 1570 603 1627 autemibi
618 1565 857 1625 senioresaotihns
868 1563 944 1620 etvi·
985 1565 1252 1635 quaudonecessitas
1264 1568 1507 1641 exigebatnatnrae
1521 1572 1617 1629 herbis
1623 1591 1788 1646 quaenasce·

143 1660 222 1714 sione
235 1660 424 1731 splendentes,
440 1658 541 1731 spiritu
555 1659 703 1724 servantes,
716 1663 745 1710 et
755 1655 941 1711 Dominoser-
984 1652 1087 1708 bantur·
1096 1657 1343 1726 persolitudinem.
1356 1660 1453 1715 Canon
1462 1668 1626 1718 antemonet
1633 1666 1786 1738 unusquis·

144 1750 259 1805 vientes.
272 1749 424 1805 Psallentia
445 1749 479 1818 (7)
502 1748 541 1802 ibi
563 1754 634 1812 erat,
655 1745 834 1802 incessabiles
855 1734 973 1798 totiusB
987 1743 1104 1814 quesibi
1119 1745 1171 1816 ipsi
1186 1753 1214 1800 et
1227 1747 1271 1801 lex
1286 1748 1391 1820 absque
1412 1751 1654 1821 prevaricatione,
1679 1760 1785 1812 utnon

144 1839 234 1895 noctis
247 1838 354 1894 habens
375 1837 553 1903 stabilitates,
577 1842 606 1891 et
628 1836 657 1890 in
680 1834 808 1890 manibus
833 1850 944 1905 semper
983 1839 1163 1903 cognosceret
1179 1835 1281 1907 aliquis
1295 1840 1463 1906 consocium,
1481 1841 1604 1912 qualiter
1615 1842 1782 1913 abstinebat,

145 1927 281 1999 operatio,
298 1928 364 1982 etin
374 1942 422 1982 ore
433 1923 940 1999 psalmidiviniabsquediminutione.
984 1927 1034 1974 aut
1048 1923 1189 1994 quomodo
1204 1924 1314 1995 agebat.
1329 1927 1480 1983 lordanem
1503 1930 1581 1985 enim
1605 1947 1676 1988 mox
1699 1939 1785 1989 trans·

145 2017 244 2072 Sermo
258 2016 408 2072 ibiotiosus
421 2033 478 2072 non
492 2013 671 2088 proficiebat:
687 2012 889 2084 cogitatioauri
899 2027 943 2066 an-
983 2017 1120 2079 meantes,
1128 2014 1377 2084 longeabinvicem
1383 2034 1413 2072 se
1420 2019 1648 2089 sequestrabant,
1657 2023 1783 2079 etnnllus

143 2106 287 2179 gentique,
304 2111 354 2161 aut
368 2107 409 2161 rei
424 2106 543 2177 alicujus
557 2105 629 2177 apud
646 2104 707 2158 illos
729 2119 786 2158 non
798 2106 877 2169 erat;
893 2117 941 2156 ex·
975 2094 1013 2154 'se
1024 2101 1163 2173 jungebat
1174 2103 1210 2157 ad
1224 2104 1341 2172 socium,
1358 2106 1498 2162 civitatem
1504 2109 1683 2165 estimantes
1689 2111 1782 2168 solitu·

141 2211 230 2267 pensa
243 2196 310 2250 anni
325 2196 422 2264 totius,
437 2200 488 2251 aut
500 2211 642 2261 mensura,
657 2194 699 2248 vel
712 2191 942 2264 temporalisvitae
983 2189 1088 2245 dinem.
1106 2191 1161 2247 Sed
1175 2197 1204 2247 et
1217 2192 1241 2248 si
1251 2209 1324 2249 unus
1333 2210 1367 2250 er
1376 2195 1468 2269 ipsisa
1482 2197 1565 2269 longe
1575 2200 1779 2257 venientemad

142 2285 350 2353 meditationes,
367 2285 509 2341 doloribus
526 2301 666 2356 congrua,
683 2299 733 2338 nec
748 2298 851 2337 nomen
866 2280 943 2352 apud
983 2295 1013 2333 se
1027 2279 1149 2351 aliquem
1166 2281 1286 2350 videbat,
1302 2300 1367 2338 mox
1386 2285 1544 2342 declinabat
1566 2288 1604 2343 de
1623 2287 1738 2359 itinere,
1757 2296 1780 2346 et

141 2372 457 2448 illoscognoscebatur3
472 2375 521 2430 sed
535 2371 942 2444 onumeratprimumsolum-
982 2367 1017 2422 ad
1032 2369 1118 2424 aliam
1132 2375 1240 2441 partem
1257 2373 1401 2444 pergebat.
1424 2373 1541 2431 Vivebat
1560 2382 1662 2433 autem
1684 2378 1779 2435 sibiet

142 2464 235 2533 modo,
244 2461 687 2536 quodfestinabaturabomnibus
694 2481 701 2529 ;
711 2459 941 2532 utunusquisque
981 2456 1049 2526 Deo,
1066 2458 1189 2530 psallens
1198 2459 1361 2532 frequenter
1372 2468 1401 2518 et
1412 2464 1567 2520 constitute
1579 2471 1704 2538 gustans
1717 2473 1777 2523 tem·

141 2560 270 2609 mortuus
286 2559 361 2609 esset
372 2570 498 2626 corpore,
517 2552 590 2608 sieut
607 2551 695 2607 semel
714 2550 824 2617 saeculo,
849 2555 877 2605 et
901 2549 940 2604 eis
980 2562 1048 2618 pore
1061 2547 1163 2603 cibum.
1179 2549 1222 2604 lta
1235 2551 1329 2606 omnia
1341 2553 1450 2624 jejunia
1465 2552 1655 2625 celebrantes,
1667 2562 1777 2614 reverte

142 2659 204 2713 quae
216 2641 246 2697 in
259 2643 359 2698 saeculo
374 2646 441 2697 sunt
453 2642 649 2710 mortificatus,
666 2645 695 2696 et
702 2642 823 2711 jamnon
833 2640 937 2694 vivens.
980 2634 1085 2692 bantur
1097 2637 1133 2692 ad
1148 2639 1349 2695 monasterium
1365 2647 1431 2697 ante
1442 2641 1583 2698 vivificum
1598 2643 1677 2700 diem
1692 2661 1776 2703 resur·

142 2730 242 2787 Cibum
254 2739 348 2788 autem
357 2732 499 2787 habebant
509 2732 723 2798 indeficientem,
735 2728 875 2785 divinitati
885 2729 941 2784 elo·
980 2725 1112 2781 rectionis
1126 2727 1239 2783 Domini
1252 2734 1281 2784 et
1294 2730 1446 2786 salvatoris
1470 2732 1560 2788 nostri
1579 2734 1649 2789 Jesu
1671 2734 1775 2802 Christi,

143 2821 227 2893 quia;
243 2821 407 2878 nutriebant
419 2839 483 2878 vero
491 2839 592 2895 corpus
602 2838 674 2893 pane
682 2827 710 2877 et
720 2837 803 2892 aqua,
812 2818 939 2875 utmulto
981 2832 1066 2888 quam
1081 2817 1182 2873 sestam
1194 2818 1368 2874 Dominicam
1376 2837 1441 2876 cum
1451 2821 1707 2894 ramispalmarum
1717 2823 1776 2880 calc·

141 2911 230 2982 magis
236 2912 311 2984 apud
317 2911 622 2968 divinamclementiam
628 2909 938 2984 apparerenteiiioaces.
980 2904 1064 2960 brare
1078 2911 1176 2962 sancta
1185 2908 1293 2980 aceepit
1300 2910 1431 2965 Ecclesia.
1446 2910 1773 2982 Revertehanturautan,

175 3000 241 3055 Can.
257 3001 290 3056 V.
306 3028 338 3037 -
350 3002 416 3057 Haeo
429 3002 563 3068 Zosimas,
577 3007 609 3056 nt
622 3000 740 3068 dicebat,
757 2999 937 3073 perspiciens,
980 2995 1173 3068 unusquisque
1188 2996 1293 3052 habens
1303 2999 1408 3071 proprii
1416 2998 1629 3057 laboristeslem
1640 3004 1774 3076 propriam

138 3090 330 3147 aedificabatur
344 3091 432 3159 valde,
447 3092 623 3164 praetendens
638 3108 668 3146 se
682 3092 716 3146 ad
726 3090 935 3163 perfectionem,
947 3060 968 3120 C
979 3085 1189 3155 conscientiam,
1212 3093 1426 3159 cognoscentem
1441 3090 1564 3161 qualiter
1575 3097 1712 3164 operatus
1728 3099 1772 3161 est,

138 3186 168 3236 et
181 3197 305 3237 crescere
319 3180 424 3236 iaciens
441 3182 586 3254 proprium
601 3198 726 3248 cursum,
742 3185 937 3251 cooperatores
978 3178 1006 3228 et
1019 3175 1115 3245 qualia
1128 3175 1258 3231 laborum
1272 3177 1381 3233 semina
1394 3179 1551 3234 seminavit.
1568 3180 1604 3236 Et
1616 3181 1714 3237 nullus
1722 3182 1772 3238 nllo

136 3268 290 3338 inveniens,
311 3270 416 3343 optime
431 3271 558 3326 divinum
578 3271 743 3326 innovantes
764 3269 934 3342 paradisum.
978 3263 1062 3319 modo
1076 3264 1269 3338 interrogabat
1283 3267 1380 3335 alium,
1391 3268 1529 3340 quomodo
1543 3276 1596 3326 aut
1609 3271 1772 3343 qualiterlr·

136 3360 297 3415 Transactis
319 3367 414 3416 autem
437 3360 544 3434 aliquot
567 3361 676 3429 diebus,
702 3358 938 3432 appropinquavit
978 3351 1053 3408 boris
1067 3356 1224 3411 certamina
1241 3364 1473 3414 cousummasset.

136 3454 258 3521 tempus,
275 3450 387 3521 quando
399 3467 479 3505 sacra
495 3450 604 3522 jejunia
618 3448 785 3506 Christianis
799 3448 936 3502 traditum
1013 3443 1078 3498 Car.
1087 3444 1147 3500 Vll.
1157 3474 1186 3484 -
1196 3446 1248 3501 llic
1257 3447 1496 3520 estitaqnehujus
1507 3450 1768 3519 monasteriieanon.

137 3543 181 3593 est
195 3539 346 3607 celebrare,
357 3545 386 3594 et
395 3539 543 3611 purificare
553 3539 660 3612 seipsos
670 3538 705 3593 ob
719 3538 819 3593 divinoe
832 3537 937 3608 passio
977 3531 1057 3586 etita
1068 3534 1189 3605 perfecte
1200 3536 1338 3606 etoptime
1348 3535 1569 3592 custodiebatur.
1579 3537 1769 3612 Unusquisqm

135 3627 179 3682 nis
192 3629 267 3684 diem
281 3628 549 3701 resurrectionisque
576 3628 784 3684 salutationem.
800 3625 886 3697 Regia
901 3622 936 3701 (8)
978 3620 1063 3688 essim,
1079 3629 1112 3678 ut
1123 3622 1290 3692 dictumest,
1306 3642 1356 3696 per
1370 3625 1550 3681 solitudinem
1568 3626 1628 3682 Deo
1637 3627 1769 3701 jungeb-

136 3721 232 3772 autem
242 3717 407 3773 monasterii
416 3734 561 3789 nunquam
571 3716 760 3788 aperiebatur,
771 3716 937 3788 sedsemper
977 3719 1033 3783 tur,
1049 3715 1116 3771 etin
1128 3715 1279 3788 semetipso
1289 3716 1459 3783 decertabat,
1471 3734 1507 3773 ne
1518 3718 1682 3774 hominibus
1688 3720 1770 3792 place·

22 3836 33 3855 .
136 3811 198 3859 erat
212 3805 316 3874 clausa,
329 3807 358 3860 ot
372 3806 477 3878 absque
491 3807 549 3861 ulla
573 3806 781 3878 perturbatione
806 3805 935 3860 monachi
976 3809 1029 3872 ret,
1046 3805 1095 3860 sed
1110 3805 1163 3860 soli
1175 3806 1243 3861 Deo.
1256 3806 1308 3861 Illa
1326 3806 1399 3861 enim
1415 3823 1476 3878 quae
1502 3814 1621 3880 propter
1649 3809 1769 3865 homines

136 3910 249 3949 cursum
265 3910 346 3950 suum
357 3895 505 3967 explebant
514 3915 520 3964 ;
529 3912 580 3951 nec
592 3895 666 3950 enim
676 3901 738 3950 erat
751 3895 858 3951 licitum
871 3911 935 3967 ape·
976 3894 1057 3962 liunt,
1074 3900 1102 3949 et
1116 3911 1177 3967 qua
1189 3901 1222 3950 ut
1234 3895 1395 3951 hominibus
1409 3897 1539 3968 placeant
1564 3904 1701 3969 aguntur,
1718 3913 1769 3954 non

61 4004 67 4014 ·
138 3981 194 4039 rire
209 3984 371 4056 aliquando,
388 3984 442 4039 nisr
457 3984 584 4040 fortassis
598 3985 752 4041 monachus
767 3985 935 4058 propterali·
975 3984 1066 4039 solum
1081 4001 1137 4039 non
1151 3984 1306 4056 proderunt
1320 3984 1495 4053 iacientibus,
1510 3987 1560 4041 sed
1576 3992 1607 4042 et
1621 4004 1674 4060 per
1687 3986 1769 4044 mna

136 4071 210 4141 quod
225 4088 295 4143 opus
308 4072 498 4128 necessarium
511 4073 685 4128 adveniebat.
700 4073 847 4128 Solitarius
858 4072 933 4127 enim
975 4071 1079 4128 damna
1097 4073 1257 4129 efficiuntur
1271 4074 1419 4146 agentibus
1434 4073 1561 4130 obnoxia.
1577 4076 1659 4132 Tunc
1681 4079 1769 4150 itaque

135 4165 197 4215 erat
211 4161 288 4216 locus
298 4162 356 4230 ille,
368 4168 396 4217 et
405 4162 535 4235 plurimis
545 4163 698 4219 vicinorum
707 4164 863 4218 nonsolum
873 4161 935 4217 inu·
974 4160 1098 4218 Zosimas
1109 4170 1244 4218 consueta
1252 4163 1417 4220 monasterii
1432 4164 1492 4235 lege
1506 4165 1694 4222 transmeavit
1712 4165 1769 4221 Jor-

132 4248 244 4318 sitatus,
255 4252 341 4307 sedet
351 4252 517 4324 incognitus.
530 4254 628 4309 Canon
637 4252 933 4325 autemtalisapriscis
974 4252 1086 4319 danem,
1103 4254 1243 4309 modicum
1258 4253 1326 4326 quid
1342 4270 1392 4325 pro
1407 4253 1531 4325 eorporis
1546 4255 1716 4311 necessitate
1728 4254 1771 4310 de·

132 4338 493 4413 servabaturtemporihus:
507 4348 622 4415 propter
635 4342 719 4415 quod,
732 4340 929 4410 utconsidero,
973 4347 1089 4413 portans
1102 4359 1235 4413 congrua,
1254 4349 1283 4397 et
1295 4349 1467 4415 vestemque
1481 4342 1632 4413 utebatur;
1647 4350 1677 4400 et
1688 4360 1769 4400 cano·

79 4462 87 4480 0
132 4429 208 4485 Deus
221 4429 359 4486 Zosimam
374 4429 505 4503 perduxit
517 4431 546 4485 in
560 4431 635 4487 idem
649 4431 864 4489 monasterium.
973 4446 1037 4485 nem
1045 4432 1158 4503 quidem
1172 4430 1340 4499 celebrabat,
1348 4432 1527 4487 solitudinem
1534 4433 1770 4505 permamanet

169 4521 234 4576 Cre.
250 4520 299 4576 Vl.
312 4547 343 4557 ·-
357 4520 464 4577 Dehinc
477 4537 544 4592 ergo
558 4520 678 4576 reseram
702 4521 823 4593 qualiter
844 4520 932 4593 ipsius
972 4525 1099 4593 tempore
1113 4538 1183 4577 esca
1196 4522 1392 4577 necessitatem
1410 4522 1530 4577 iaciebat
1543 4528 1668 4582 natura.
1688 4523 1768 4580 Sede·

131 4609 295 4666 monasterii
310 4609 474 4665 servabatur
484 4610 608 4682 traditio.
620 4611 767 4666 Dominiea
777 4628 862 4683 quam
876 4611 932 4683 pri·
972 4608 1021 4664 bat
1035 4616 1129 4665 autem
1149 4617 1230 4666 nocte
1248 4612 1278 4666 in
1294 4617 1379 4680 terra,
1400 4612 1541 4667 modicum
1566 4613 1724 4684 quiescens,
1743 4616 1770 4668 ct

131 4716 207 4755 marn
219 4699 393 4772 jejuniorum
408 4698 614 4755 hebdomadam
636 4699 776 4755 nominari
797 4718 858 4756 mos
877 4707 928 4768 est,
972 4715 1103 4755 somnum
1116 4699 1151 4754 ad
1165 4701 1306 4756 modicum
1319 4707 1445 4772 gustans,
1463 4717 1769 4774 quocunqueeumves-

131 4788 288 4860 agebantur
301 4789 395 4845 divina
408 4794 585 4845 sacramenta
594 4795 735 4857 consuete,
746 4796 774 4844 et
782 4790 931 4863 unusquis·
971 4789 1112 4861 pertinum
1129 4789 1414 4864 reperiebattempus.
1429 4791 1558 4848 Diluculo
1566 4797 1768 4866 autempropc·

132 4893 187 4948 que
200 4880 340 4952 particeps
355 4879 529 4936 efficiebatur
543 4880 643 4935 vivifici
658 4896 691 4933 ac
701 4879 861 4936 intemerati
872 4897 931 4936 cor·
971 4895 1035 4934 rare
1055 4878 1214 4952 incipiebat,
1238 4897 1350 4953 semper
1373 4879 1537 4955 incessabile
1558 4880 1638 4937 idem
1666 4879 1768 4937 habens

131 4966 208 5038 poris
222 4973 251 5023 et
265 4968 410 5039 sanguinis
425 4970 536 5025 Domini
552 4970 641 5025 nostri
662 4971 728 5025 Jesu
753 4970 867 5025 Christi.
896 4970 931 5025 nt
971 4968 1188 5040 propositum,in
1195 4969 1365 5025 desiderium
1372 4968 1769 5038 habens,utdieebat,introire

131 5053 213 5109 solito
228 5056 371 5112 modicum
396 5057 489 5114 cibum
508 5064 661 5125 sumentes,
686 5058 930 5131 congregabantur
970 5055 999 5113 in
1018 5057 1210 5125 solitudinem,
1224 5075 1341 5132 sperans
1354 5059 1480 5117 invenire
1489 5059 1616 5133 aliquem
1627 5059 1769 5134 patremin

131 5158 229 5199 omnes
242 5145 272 5201 in
287 5147 451 5214 oratorium,
468 5154 497 5203 et
510 5148 631 5205 curvatis
644 5148 773 5220 genibus,
799 5150 929 5220 sectaque
970 5163 1003 5201 ea
1017 5146 1200 5211 habitantem,
1217 5149 1266 5220 qui
1285 5165 1349 5204 eum
1371 5154 1466 5221 posset
1490 5149 1599 5221 aliquid
1621 5150 1768 5217 adifieum,

131 5232 296 5305 suppliciter
303 5235 438 5303 oratione,
451 5237 647 5293 salutabantse
657 5238 775 5294 invicem
788 5237 927 5308 monachi,
969 5235 1042 5291 sicut
1053 5236 1239 5304 desiderabat,
1255 5243 1284 5293 et
1295 5238 1357 5293 sine
1370 5237 1525 5294 cessatione
1538 5238 1596 5294 iter
1615 5238 1728 5311 agebat,
1739 5254 1771 5295 ec

130 5327 160 5376 et
173 5321 367 5395 unusquisque
377 5325 525 5395 genuflexo
539 5325 648 5398 publice
654 5327 875 5398 amplectebatur
882 5322 929 5382 ab
969 5326 993 5380 si
999 5326 1202 5398 apudaliquem
1214 5327 1545 5384 manifestumtestinans.
1558 5328 1669 5400 Viginti
1677 5336 1770 5385 autem

128 5407 233 5479 batem,
252 5412 427 5483 postulantes
442 5414 608 5485 orationem,
626 5423 657 5471 ut
671 5415 806 5473 haberent
831 5417 867 5472 ad
880 5417 927 5471 in·
969 5413 1079 5470 dierum
1094 5416 1206 5488 exigens
1218 5417 1281 5485 iter,
1295 5434 1357 5472 oum
1368 5423 1452 5473 sertae
1467 5418 1543 5473 hore
1556 5423 1673 5490 tempus
1688 5419 1770 5474 adve-

129 5496 262 5553 choatum
276 5502 419 5553 certamen
433 5515 497 5553 eum
511 5508 721 5573 cooperatorem
735 5507 763 5557 et
777 5503 926 5559 comitato·
968 5505 1065 5573 nisset,
1081 5504 1159 5562 stetit
1172 5507 1314 5562 modicum
1327 5507 1363 5562 ab
1377 5507 1496 5563 itinere:
1514 5511 1544 5562 et
1556 5523 1712 5564 conversus
1736 5506 1771 5563 ad

41 5640 44 5647 .
127 5603 199 5677 reni.
211 5587 262 5644 llis
270 5587 311 5644 ita
323 5604 353 5647 se
365 5587 541 5661 habentibus,
551 5589 625 5647 iores
634 5591 799 5648 monarwrii
812 5592 927 5666 patelie-
967 5592 1122 5665 Orientem,
1140 5596 1243 5669 agebat
1259 5597 1372 5654 solitam
1390 5597 1557 5654 orationem.
1578 5598 1770 5657 maderent
