3832 6120
88 261 143 322 iss
480 248 519 274 ·’
635 262 719 322 ura
737 262 843 323 11111
861 264 1198 325 111011111111.
1684 259 1733 318 ue

88 405 178 525 quarn
211 389 340 472 Homnae
364 389 439 473 stylo
460 390 610 472 diligenter
633 391 776 462 proditum
803 398 853 448 est.
871 396 980 454 »Aret
993 394 1171 457 Athanasius,
1189 399 1217 448 et
1231 394 1255 448 si
1273 409 1327 465 qua
1343 392 1481 466 ejusmodi
1496 395 1563 445 sunt
1575 389 1639 443 alia.
1656 388 1730 442 Hac-

115 478 178 514 uas1
194 461 241 515 alu
256 462 441 532 prodiderint,
459 479 513 516 non
529 479 599 533 ipse.
935 472 1018 521 tenus
1031 467 1205 520 Passerinus.

125 533 193 587 Haec
207 532 296 587 fusius
311 533 578 603 aliquantodeduxi,
593 550 628 588 ne
639 539 745 591 temere
758 535 895 594 viderere
971 539 1028 608 Ego
1051 554 1125 602 vero,
1149 544 1181 592 ut
1202 538 1351 607 Evagrium
1368 537 1461 591 Vitam
1484 534 1600 589 vertisse
1616 529 1732 586 Antonii

87 602 188 656 rirom
248 604 893 676 orecedere.llfaneatigiturEuagriusAntio-
935 609 1099 668 claresatis.
1123 609 1176 663 nisi
1203 609 1334 663 metallit
1351 608 1453 678 opinio,
1470 605 1593 678 probavi,
1610 600 1732 675 quodab

87 619 282 729 ,qenusairiyae
293 675 378 745 hujus
392 675 541 747 interpres.
935 680 1106 756 Hieronymo
1118 697 1229 751 quoque
1239 681 1352 744 factum,
1362 696 1417 732 nou
1426 695 1504 749 mque
1534 675 1661 730 robatum
1673 678 1731 738 est3

124 746 891 821 DicesGelasius,decret.delibr.authent.etapocr.,
933 751 1163 808 itaviderialicui
1178 752 1266 822 possit
1280 751 1417 810 Gelasius,
1428 767 1490 802 cum
1528 749 1596 801 itam
1613 745 1692 800 Pauli
1706 749 1734 798 et

87 817 117 870 d.
133 817 176 882 15,
193 817 305 872 ridetur
319 834 447 873 asserere
462 819 546 873 etiam
562 820 678 874 Antonii
691 820 784 874 Vitam
800 839 816 876 a
831 822 893 877 diro
934 824 1048 879 Antonii
1056 823 1090 879 ab
1103 823 1275 894 Hieronymo
1290 823 1331 875 ait
1341 821 1519 891 descriptam.
1533 817 1687 889 respexisse
1696 815 1732 869 ad

88 887 266 960 Hieronymo
281 889 426 960 scriptam,
437 889 486 944 Ait
495 890 569 944 enim
580 909 605 943 :a
611 892 690 945 Vitas
701 891 816 946 Petrum
824 894 894 948 Pau·
934 894 1016 950 Pauli
1030 897 1132 953 Vitam.
1142 894 1171 948 in
1181 912 1237 964 qua
1250 899 1330 947 tanta
1340 909 1426 963 prope
1434 891 1548 945 Antonii
1559 906 1641 961 quarn
1652 886 1732 941 Pauli

89 958 119 1025 li,
127 957 429 1026 Antoniiflilariouis,
437 967 466 1015 et
474 961 599 1016 omnium
615 962 812 1029 Eremitarum,
825 981 894 1035 quas
935 966 967 1020 frt
983 971 1098 1023 mentio.
1115 967 1149 1019 Et
1162 982 1229 1019 sane
1246 966 1342 1018 Graeca
1356 965 1441 1034 liujus
1455 963 1525 1016 Vitio
1543 958 1687 1030 inscriptio
1702 957 1731 1011 in

88 1036 188 1085 tamen
202 1029 246 1083 sir
260 1031 438 1086 beatissimus
451 1032 600 1105 descripsit
613 1033 814 1105 Hieronymus,
829 1051 893 1091 cum
934 1035 1102 1094 bibliotheca
1124 1037 1256 1090 Bavarica
1279 1042 1429 1106 utrumque
1455 1033 1574 1104 prefert.
1596 1031 1639 1085 Ita
1657 1029 1731 1083 enim

89 1101 170 1155 omni
181 1101 290 1157 honore
304 1103 484 1174 suscipimus.
502 1122 515 1156 1
934 1108 1019 1164 habet
1035 1129 1041 1163 :
1057 1112 1174 1179 Διήγησις
1186 1114 1230 1160 τοῦ
1242 1106 1310 1177 ἁγίου
1325 1107 1428 1175 [laetos
1442 1105 1564 1171 Θηίαίου,
1579 1102 1618 1153 καὶ
1634 1101 1732 1154 Ἀντω-

126 1172 278 1240 Baronius,
299 1180 379 1229 notat
410 1175 446 1229 ad
466 1175 698 1247 Martyrologium
723 1177 891 1246 Romanum,
934 1181 985 1233 vles
1000 1179 1146 1252 Aipasion.
1164 1180 1464 1232 Enarratiodesancto
1478 1177 1564 1229 Panlo
1580 1174 1693 1236 Tlubao,
1708 1175 1734 1225 et

90 1248 156 1310 84
172 1244 205 1298 11
220 1245 358 1310 ianuarii,
368 1262 401 1299 es
414 1245 579 1318 Hieronymi
595 1248 677 1319 epist.
695 1248 755 1314 101,
772 1266 828 1304 non
839 1252 893 1306 rite
934 1251 1055 1307 Antonio
1069 1253 1202 1320 sareptis.

90 1313 248 1396 intellecta,
261 1315 303 1370 uti
314 1316 374 1398 jam
391 1315 589 1383 demonstravi,
604 1319 774 1374 existimarit
789 1320 893 1377 factum
971 1323 1030 1376 Nisi
1046 1324 1109 1395 quis
1125 1321 1197 1375 forte
1210 1321 1372 1391 Eragrium,
1389 1320 1516 1374 Granum
1535 1316 1687 1377 hominem,
1705 1315 1733 1366 et

89 1391 123 1439 ut
143 1385 276 1440 Gelasrus
294 1387 397 1441 dixerit
414 1387 616 1460 Hieronymum
631 1406 687 1444 non
706 1397 764 1445 11111
783 1396 894 1448 vertisse
935 1391 1381 1466 Hieronymoconjunctissimum,
1393 1390 1605 1459 studiorumque
1617 1387 1677 1456 ejus
1687 1400 1734 1455 pa-

90 1472 180 1526 quam
194 1460 336 1526 scripsisse
346 1459 462 1512 Antonii
478 1459 580 1524 Vitam,
593 1464 660 1529 quie
673 1479 728 1515 non
743 1466 823 1518 cerba
836 1479 893 1518 ver·
934 1470 1059 1530 tronum,
1075 1462 1246 1519 invertenda
1262 1461 1375 1516 Antonii
1383 1462 1456 1522 vita,
1469 1458 1633 1530 Hieronymi
1648 1470 1734 1527 opera

91 1529 145 1593 bis,
160 1529 208 1580 scd
218 1532 367 1583 renuntias
381 1532 532 1583 reddiderit
546 1535 698 1587 sententiis.
711 1533 791 1597 Quod
801 1534 894 1605 ipsum
937 1552 1018 1589 usum
1027 1553 1087 1590 esse
1100 1534 1175 1599 velit,
1185 1549 1291 1604 suaque
1300 1533 1432 1587 censoria*
1444 1529 1607 1600 Hieronymi
1620 1526 1735 1597 vir-gela

91 1599 199 1669 repetit
212 1604 290 1654 mmo
304 1600 344 1655 lll
359 1601 475 1667 Annal,
487 1618 561 1655 anno
573 1602 676 1657 Christi
688 1602 748 1658 358.
937 1606 1099 1677 subjecisse.
1119 1607 1200 1658 Certe
1217 1605 1397 1658 intermicant
1411 1603 1505 1657 nescio
1520 1617 1581 1670 quae
1594 1600 1734 1669 Hierony-

129 1669 310 1736 Possesinus,
322 1673 564 1744 Apparatusacro,
578 1673 607 1728 in
620 1675 751 1738 Antonio,
769 1676 821 1730 etsi
832 1693 895 1730 cum
937 1678 1025 1731 miani
1040 1678 1104 1748 styli
1119 1676 1267 1729 stricturae.

92 1740 219 1795 Baronio
229 1741 369 1796 existimet
382 1742 475 1796 Vitam
489 1744 602 1798 Antonii
618 1745 708 1799 adiro
724 1746 896 1819 Hieronymo
974 1749 1139 1818 Quanquam
1155 1747 1247 1800 dicere
1261 1746 1323 1817 quis
1331 1743 1560 1827 possit,Eragrio,
1577 1742 1628 1795 etsi
1640 1740 1738 1795 Antio·

92 1828 209 1892 quoque
219 1813 364 1867 Latinitati
372 1814 514 1879 donatam,
526 1815 610 1869 aliam
620 1820 716 1870 tamen
727 1834 839 1872 causam
851 1804 921 1872 as·B
935 1819 1023 1873 cheno
1035 1819 1150 1881 homiui,
1167 1817 1296 1872 Latinam
1311 1817 1460 1871 dictionem
1471 1831 1549 1896 aeque
1560 1821 1644 1884 atque
1655 1813 1732 1865 Grae·

93 1889 192 1952 signat
199 1884 384 1938 curGelasius
394 1885 468 1939 dicat
482 1902 547 1939 eum
561 1890 699 1954 scripsisse
713 1891 892 1954 (nouantem,
936 1907 997 1944 cam
1016 1889 1181 1944 familiarem
1195 1888 1290 1951 fuisse,
1303 1888 1405 1958 quippe
1418 1887 1465 1957 qui
1473 1886 1608 1955 originem
1625 1885 1736 1937 ducato

92 1957 218 2035 vertisse)
234 1954 326 2008 Vitam
341 1956 431 2010 sancti
444 1956 568 2010 Antonii.
589 1959 662 2022 Non,
682 1958 782 2040 iuquit,
804 1961 895 2014 solum
937 1962 1109 2031 Pompeiano
1123 1961 1395 2028 dueecoguomento
1408 1959 1564 2016 francam
1577 1955 1661 2007 babet
1672 1953 1736 2006 Hie·

79 2041 163 2095 ¹qma
176 2026 333 2080 sententias
340 2027 485 2081 sententiis
495 2028 625 2093 reddidit,
639 2031 792 2099 utqurdam
803 2032 897 2097 (Bam-
938 2049 1073 2104 ronymus
1088 2033 1117 2085 in
1133 2030 1280 2094 chronico,
1299 2030 1372 2099 quod
1388 2046 1472 2100 supra
1483 2027 1639 2089 citavimus
1650 2040 1733 2095 quem

94 2096 171 2161 uiusl
183 2096 461 2160 existimanti-erum
471 2100 556 2153 etiam
563 2100 630 2171 quia
639 2100 820 2171 integriorem
831 2102 899 2156 emi·
939 2105 1068 2158 Latinum
1085 2102 1226 2156 boniiuem
1241 2100 1326 2154 fuisse
1342 2117 1406 2153 rero
1421 2106 1464 2153 est
1474 2099 1578 2154 simile.

93 2167 262 2221 sit.Antonii
278 2168 352 2222 enim
365 2169 480 2241 AEgypti
495 2170 598 2240 Magni.
622 2172 713 2225 adhuc
728 2173 896 2242 superstitis,
974 2174 1116 2244 Quidquid
1127 2174 1240 2227 demum
1258 2173 1304 2232 sit,
1312 2172 1440 2226 existimo
1456 2171 1603 2241 plerasque
1618 2169 1734 2247 Petrum

93 2238 434 2294 cmmAtbanasiusVitam
445 2240 587 2306 scriberet,
599 2241 701 2296 factum
710 2249 754 2296 est
762 2250 896 2298 uteorum
938 2247 1016 2300 Vitas
1030 2246 1091 2299 siue
1112 2242 1233 2298 auctoris
1247 2249 1275 2297 et
1288 2242 1451 2313 interpretis
1465 2241 1577 2295 nomine
1596 2239 1662 2293 olim
1678 2254 1733 2290 crr-

93 2325 159 2380 quae
177 2308 328 2365 subsecuta
341 2317 408 2365 sunt
422 2319 609 2384 praetermissa
623 2313 680 2368 sint
694 2315 798 2385 aliqua,
818 2321 850 2369 ut
869 2320 898 2370 et
938 2318 1083 2375 cumlatas.
1104 2315 1179 2369 uude
1197 2321 1256 2367 tarn
1276 2314 1354 2367 varia
1372 2313 1407 2367 de
1430 2310 1590 2366 auctoribus
1604 2310 1733 2362 Vitarum

93 2380 215 2434 Antonii
229 2379 322 2435 obitus
336 2382 474 2437 incertum
492 2384 610 2438 situum
625 2390 747 2439 attextus
764 2386 801 2440 sit
816 2386 897 2441 dein·
939 2386 1155 2457 Patrumopinio
1166 2390 1228 2439 orta
1240 2385 1301 2448 fuit,
1314 2384 1475 2438 utridimus
1485 2399 1579 2453 supra.
1596 2381 1625 2435 in
1641 2380 1733 2450 prole-

94 2468 163 2521 ceps
184 2451 221 2505 ab
238 2452 401 2519 Athanasio,
418 2471 501 2525 quern
516 2455 633 2509 Romam
648 2457 775 2510 attulisse
797 2474 841 2510 res
861 2456 897 2511 ab
937 2456 1416 2527 qumeuisgeneralibusQuinhrmc
1427 2455 1516 2524 ipsam
1525 2451 1735 2507 AntoniiVitam

93 2522 222 2576 Antonio
234 2529 401 2593 gestasante
416 2524 559 2580 biennium
575 2529 636 2596 ejus
650 2528 749 2581 mortis
760 2528 896 2598 (intellige
937 2530 1026 2584 citans
1039 2530 1119 2583 divus
1140 2528 1338 2597 Hieronymus,
1360 2526 1476 2597 epistola
1489 2526 1536 2579 illa
1554 2524 1613 2588 101,
1630 2539 1690 2593 cap.
1705 2521 1732 2586 V,

95 2593 143 2646 hic
153 2593 337 2649 Passerinum
346 2595 380 2650 de
391 2602 480 2650 morte
491 2597 579 2663 Pauli)
591 2614 691 2669 nempe
701 2615 718 2652 a
729 2600 742 2652 J
746 2599 801 2652 ulio
816 2605 893 2669 pont.
935 2618 1021 2671 seque
1036 2599 1198 2671 interpretis
1211 2598 1421 2668 praefatiuncula
1431 2595 1593 2658 defendens,
1605 2610 1661 2647 non
1673 2610 1734 2647 me·

93 2664 222 2718 maximo
237 2672 374 2730 vocatum,
392 2668 580 2738 Hieronymus
596 2676 701 2722 narrat.
725 2671 765 2723 Ac
779 2671 896 2741 proinde
936 2672 1021 2726 miuit
1039 2671 1160 2725 nominis
1175 2669 1346 2740 interpretis.
1364 2668 1443 2722 Unde
1460 2666 1587 2722 fortassis
1604 2666 1735 2719 1111111111-
1759 2735 1761 2739 A

92 2735 172 2789 haud
187 2736 350 2790 mirandum
376 2738 400 2791 si
425 2738 469 2791 hie
492 2755 521 2792 in
543 2740 601 2793 vita
623 2740 702 2793 Pauli
724 2748 895 2812 narretque
936 2743 1007 2798 tonii
1050 2759 1141 2812 uoque
1157 2741 1221 2793 Vita
1242 2740 1316 2793 inter
1338 2739 1417 2793 Pauli
1438 2745 1466 2793 et
1488 2736 1641 2792 Hilarionis
1655 2735 1735 2789 Vitas

91 2807 270 2887 Athanasius
281 2808 426 2874 omisitde
436 2809 562 2864 damone
573 2811 601 2864 in
612 2811 824 2881 hippocentauri
834 2830 896 2883 spe·
936 2814 1002 2867 olim
1026 2761 1175 2883 descripta,
1205 2811 1376 2865 occasionem
1402 2810 1480 2863 dedit
1499 2808 1610 2862 Gelasio
1639 2806 1735 2860 existi-

92 2894 148 2940 cre,
163 2877 199 2931 de
214 2879 330 2932 Antonii
344 2896 572 2951 congressurum
587 2883 683 2944 Paulo,
702 2883 736 2936 de
752 2899 833 2936 corvo
849 2901 895 2956 pa·
937 2884 1032 2938 mandi
1047 2884 1251 2954 Hieronymum
1266 2899 1377 2952 quoquo
1389 2881 1460 2935 Vitae
1467 2879 1582 2935 Antonii
1592 2884 1735 2933 auctorem

92 2965 160 3002 nem
175 2949 322 3017 afferente,
338 2951 373 3007 de
387 2951 472 3022 pallio
486 2953 560 3023 quod
574 2954 696 3008 Antonio
710 2954 828 3024 largitus
838 2955 896 3009 fue·
937 2973 1007 3021 esse,
1024 2955 1071 3025 qui
1087 2955 1207 3008 duarum
1222 2954 1341 3008 aliarum
1352 2956 1513 3007 auctorest.

797 3313 864 3360 xvu
884 3314 1040 3360 tundnau.

233 3468 453 3649 Vlla
491 3473 758 3651 11111111
796 3476 1175 3653 Aurora
1213 3472 1594 3650 ABBAHS

143 3714 396 3789 AUCTORE
427 3719 634 3791 1111010
678 3722 1271 3801 111111181011110010
1297 3718 1689 3794 111111101110
1779 3777 1782 3784 .

408 3868 854 3936 11111111111111111
877 3875 1135 3937 rausarruuo
1159 3876 1424 3937 anrioceuuo.
1757 3819 1764 3824 ”

759 4012 1075 4030 ῃ

414 4135 618 4262 donarii
659 4137 714 4235 ab
754 4133 1082 4237 frirrotcutiunt
1112 4167 1157 4258 (q
1196 4137 1422 4264 preloque

129 4317 195 4381 85
209 4313 361 4387 Presbyter
375 4315 510 4387 Euagrius
520 4316 683 4375 Innocentio
697 4318 862 4373 charissimo
877 4317 934 4373 filio
945 4317 974 4372 in
990 4317 1109 4373 Domino
1120 4319 1250 4373 salutem.

131 4401 171 4456 Ex
185 4402 243 4457 alia
257 4403 287 4458 in
297 4404 383 4458 aliam
395 4405 520 4476 linguam
535 4407 697 4463 adverbum
711 4425 843 4481 expressa
862 4407 1019 4473 translatio,
1035 4423 1134 4462 sensus
1149 4407 1249 4479 operit,
1265 4413 1294 4461 ot
1317 4404 1403 4459 veluti
1427 4405 1521 4459 lectum
1536 4417 1654 4474 gramen
1676 4405 1740 4455 sata

97 4493 267 4564 maguus
282 4493 356 4549 Dum
368 4494 443 4549 euim
457 4495 568 4552 casibus
583 4501 611 4551 et
626 4497 726 4568 figuris
740 4496 826 4552 servit
843 4497 943 4563 oratio,
961 4496 1035 4567 quod
1058 4496 1135 4551 brevi
1153 4502 1266 4568 poterat
1282 4495 1401 4550 indicari
1421 4509 1559 4558 sannone,
1579 4492 1662 4561 longo
1678 4506 1739 4544 am·

98 4578 157 4635 bitu
179 4581 353 4638 drcumacta
371 4587 415 4637 rix
438 4584 567 4654 explicat.
591 4584 650 4639 Hoc
673 4584 761 4654 igitur
786 4601 838 4656 ego
858 4585 960 4653 vitans,
984 4586 1069 4640 vitam
1089 4585 1165 4641 beati
1178 4586 1304 4652 Antonii,
1327 4590 1355 4640 te
1370 4588 1492 4656 petente,
1510 4582 1550 4635 ita
1564 4578 1736 4650 transposui,

98 4674 131 4724 ut
147 4669 220 4725 nibil
238 4670 313 4726 desit
331 4688 365 4726 ex
383 4688 561 4740 sensu,¹cum
581 4673 687 4745 aliquid
703 4673 776 4730 desit
794 4690 827 4728 ex
848 4672 948 4729 verbis.
970 4673 1025 4729 Alii
1044 4675 1167 4747 syllabas
1192 4680 1368 4747 aucupentur
1393 4679 1421 4727 et
1446 4673 1565 4737 litteras,
1585 4675 1617 4724 tu
1647 4683 1740 4740 quare

97 4759 282 4816 sententiam.

333 5022 595 5096 ATHANASII
623 5022 843 5096 EPISCOPI
869 5022 1207 5098 ALEXANDRJNI
1234 5023 1508 5098 PRAEFATIO.

132 5171 308 5229 Athanasius
322 5172 469 5247 episcopus
483 5173 519 5229 ad
533 5173 698 5244 peregrinos
709 5173 821 5228 fratres.

134 5263 291 5336 Optimum,
307 5261 418 5331 fratres,
434 5263 538 5319 iniistis
552 5267 696 5318 certamen
707 5280 715 5329 ;
727 5267 777 5318 aut
794 5263 900 5334 aequari
914 5262 1027 5336 AEgypti
1043 5263 1197 5329 monachis,
1209 5269 1259 5319 aut
1272 5279 1406 5335 superare
1419 5263 1542 5319 nitentes
1556 5261 1669 5317 rimatis
1681 5259 1741 5315 ins-

98 5352 199 5408 tantia.
214 5352 326 5408 Etenim
339 5351 414 5425 apud
428 5368 476 5406 ros
487 5353 549 5424 jam
559 5351 683 5424 plurima
693 5358 759 5408 suut
772 5353 960 5420 monasteria3
977 5353 1177 5407 monachorum
1191 5370 1303 5424 quoquc
1313 5370 1415 5408 nomeu
1429 5357 1472 5407 est
1481 5351 1608 5418 eelebre;
1628 5355 1656 5405 et
1667 5350 1741 5405 hanc

97 5444 273 5498 uoluntatem
289 5446 410 5496 rostram
418 5441 495 5514 juste
507 5440 625 5515 quisque
640 5440 805 5508 mirabitur;
829 5441 1032 5513 orantibusque
1050 5440 1127 5497 robis
1141 5446 1268 5512 optatum
1288 5443 1362 5497 Deus
1381 5441 1487 5496 tribuet
1505 5440 1643 5495 effectum.
1666 5440 1741 5503 Quo·

96 5533 175 5591 mm
189 5533 279 5606 igitur
293 5531 423 5605 exegistis
436 5549 454 5587 a
467 5548 513 5587 me
525 5536 557 5588 ut
570 5530 647 5587 vobis
661 5530 812 5586 scriberem
827 5531 862 5585 de
882 5531 1093 5589 conversatione
1106 5530 1181 5586 beati
1202 5531 1329 5594 Antonii,
1343 5530 1501 5586 volentibus
1519 5530 1627 5584 discere
1642 5544 1741 5599 queru-

97 5623 255 5681 admodum
264 5623 389 5698 11111111,
405 5622 487 5697 quive
497 5622 584 5686 fuerit
598 5626 664 5678 ante
678 5627 807 5682 sanctum
828 5622 1015 5695 propositum,
1032 5621 1144 5694 qualem
1160 5620 1246 5676 etiarn
1261 5621 1393 5677 habuerit
1410 5620 1563 5676 terminum
1582 5618 1656 5682 vitae,
1672 5622 1701 5671 et
1718 5614 1743 5670 si

98 5729 165 5770 sera
178 5712 240 5770 sint
249 5727 354 5786 eaque
369 5712 405 5770 de
417 5713 479 5786 ipso
493 5711 570 5770 fama
582 5711 724 5785 dispersit,
737 5715 770 5768 ut
784 5712 819 5766 ad
829 5713 891 5784 ejus
905 5710 1113 5768 aemulationem
1123 5714 1208 5783 atque
1221 5711 1379 5784 exemplum
1394 5726 1442 5765 vos
1456 5707 1604 5764 instituere
1616 5704 1741 5778 possitis,

97 5818 205 5880 mogus
216 5819 283 5865 cum
291 5802 394 5864 ‘latita
407 5803 517 5878 suscepi
529 5806 629 5862 restra
640 5801 787 5860 cheneris
801 5800 963 5876 imperium.
978 5800 1089 5857 Etenim
1099 5799 1170 5857 mibi
1179 5800 1279 5873 ingens
1289 5800 1400 5858 lucrum
1414 5803 1553 5870 edatque
1566 5793 1674 5852 utilitas
1689 5794 1743 5851 boc
