3818 6120
132 306 166 365 19
587 310 627 366 IN
644 309 751 366 VITAS
769 312 918 368 Paruum
936 311 1208 369 PROLEGOMENA
1225 309 1324 367 XXVI.
1735 307 1771 366 ‘2⁰

130 435 278 492 collatione
292 433 510 507 Carthaginensi
519 434 614 503 tertia,
623 436 714 507 capite
726 434 779 492 242
790 456 795 491 :
808 455 822 489 c
833 437 1036 509 Hono-Aquis
1050 436 1221 493 Humbertus
1235 436 1295 507 ipse
1309 434 1451 507 praefatur,
1463 434 1518 507 ipsi
1534 433 1690 489 Humberto
1705 451 1770 490 eum

128 524 274 580 riticeutiae
294 542 378 580 causa
393 529 489 596 patres
508 524 682 595 appellamus
697 541 744 580 eos
759 526 807 597 qui
823 543 874 582 nos
887 528 930 581 rel
972 526 1090 582 fortasse
1104 526 1205 581 tribuit
1216 525 1415 581 Theodoricus,
1427 524 1508 578 Nunc
1519 538 1597 592 vero,
1615 541 1679 579 cum
1691 524 1770 579 Vitas

129 617 257 686 tempore
272 614 315 667 rel
334 613 441 668 meritis
460 617 673 684 praecesserunt.
694 613 779 667 Aliud
802 619 845 669 est
866 631 931 670 cum
971 613 1022 669 has
1036 616 1158 670 secundo
1169 615 1219 685 [ur]
1229 615 1303 686 typis
1317 612 1461 679 submitto,
1472 612 1575 683 prodiit
1584 613 1608 667 is
1618 613 1689 668 liber
1698 614 1771 669 Dua·

130 703 282 775 quaerimus
297 704 332 756 ad
351 701 434 755 fidem
452 718 536 772 quem
552 701 707 756 habeamus
724 709 843 774 patrem.
858 704 931 759 Nam
971 703 995 758 ci
1010 704 1084 775 apud
1100 704 1293 758 Balthasarem
1310 703 1451 756 Bellorum
1464 717 1537 755 anno
1548 701 1629 758 1619.

130 792 201 847 illud
214 791 329 846 honoris
342 794 393 856 est,
409 794 442 845 ut
461 790 585 861 quotidie
599 790 712 846 senibus
731 792 867 859 dicamur,
884 809 931 865 pa·
1007 792 1146 847 londanus
1156 808 1267 864 quoque
1282 791 1317 846 de
1330 790 1451 846 Saxonis
1465 790 1571 845 ordinis
1583 790 1701 845 fratrum
1713 808 1771 846 ere·

130 883 191 946 tcr;
202 878 326 950 quotidie
341 879 427 934 etiam
436 879 602 951 quibusdam
612 897 669 935 non
681 880 864 936 nobiscumin
874 899 931 938 una
972 881 1106 936 mitarum
1119 881 1208 936 sancti
1221 879 1372 951 Augustini
1387 879 1491 934 librum
1504 881 1670 952 composuit,
1688 897 1772 952 quem

132 968 259 1035 ecclesia,
276 984 327 1022 nec
345 967 376 1024 in
386 968 487 1023 iisdem
499 969 683 1024 sacramentis
697 971 856 1025 constitutis
865 971 932 1025 dici·
971 969 1050 1024 Vitas
1064 970 1195 1024 Fratrum
1204 969 1356 1041 inscripsit,
1367 968 1515 1039 editusque
1531 975 1573 1022 est
1588 969 1683 1023 iiomae
1698 986 1772 1024 anno

132 1072 205 1123 mus,
223 1056 320 1111 frater.
334 1057 405 1127 [vm]
418 1057 569 1112 Sodomitis
584 1058 669 1113 etiam
684 1059 754 1113 dixit
768 1060 830 1127 Lot,
845 1059 932 1114 frater
971 1057 1175 1124 lel,curante
1189 1059 1347 1130 Augustino
1362 1057 1512 1122 Fivizanio,
1528 1057 1655 1129 ejusdam
1665 1060 1773 1114 ordinis

135 1145 271 1216 (denum)
282 1146 929 1217 :utiqueadleniendumeorumanimositatem,
973 1147 1113 1217 religioso,
1131 1148 1275 1219 apostolici
1297 1147 1395 1218 palatii
1416 1147 1541 1213 sacrista,
1558 1163 1620 1201 cum
1641 1148 1715 1201 notis
1733 1148 1773 1202 M.

131 1235 386 1306 nonadcognitam
400 1235 653 1303 fraternitatem,et
663 1235 741 1308 quasi
752 1237 835 1292 unius
845 1237 933 1291 hare·
973 1236 1087 1291 Antonii
1113 1236 1211 1292 ilallaei
1240 1235 1419 1291 Salernitani.
1446 1235 1584 1306 losephus
1609 1236 1773 1307 Pamphilus

132 1322 708 1396 ditateconsortium.Tollanturergoista.
720 1325 932 1397 Distinguamus
973 1324 1119 1396 episcopus
1133 1324 1265 1396 signinus
1279 1325 1310 1379 in
1324 1323 1463 1379 Chronico
1474 1323 1582 1378 ordinis
1590 1324 1774 1379 eremitarum

132 1412 276 1480 vocabula,
295 1430 356 1485 quae
375 1413 536 1469 hominibus
550 1419 666 1485 propter
677 1415 814 1469 honorem
827 1414 933 1470 deben·
974 1415 1062 1468 sancti
1071 1414 1222 1485 Augustini
1233 1414 1340 1469 citatex
1349 1412 1481 1467 Vitisillis
1489 1413 1601 1468 initium
1613 1413 1775 1484 spiritualis

132 1505 190 1570 tur,
209 1506 238 1557 ot
255 1502 422 1558 vocabulum
441 1503 646 1575 quodpropter
665 1503 785 1558 salutem
808 1504 934 1575 requiri·
974 1503 1200 1574 pulchritudinis
1209 1504 1283 1574 quod
1293 1502 1406 1557 initium
1416 1519 1489 1556 nunc
1503 1501 1625 1563 ineditis
1634 1519 1690 1557 non
1700 1520 1776 1558 com-

132 1606 235 1650 mus.»
974 1597 1064 1662 paret.
1089 1592 1172 1646 Forte
1187 1592 1255 1646 olim
1268 1608 1301 1647 eo
1323 1590 1404 1645 initio
1427 1587 1554 1662 praefatio
1575 1588 1630 1645 fuit
1649 1592 1772 1662 praellxa,

170 1682 225 1738 Sed
242 1687 270 1736 et
283 1680 349 1735 alibi
363 1684 477 1736 sanctus
493 1681 681 1754 Hieronymus
700 1684 933 1738 anachoretarum
974 1697 1036 1753 quae
1050 1698 1126 1735 nunc
1137 1682 1225 1737 deest.

135 1771 275 1843 principes
291 1774 386 1841 patres
405 1775 486 1825 vocat
500 1771 581 1842 epist.
607 1771 652 1838 22,
669 1773 704 1826 ad
726 1773 908 1827 Eustochium
925 1791 930 1825 :
944 1756 967 1816 Β
1009 1771 1124 1825 Accedit
1132 1770 1218 1825 etiam
1225 1774 1349 1824 vetustos
1359 1770 1494 1842 quosdam
1506 1770 1572 1824 Mss.
1580 1769 1693 1824 titulum
1706 1787 1774 1841 pru·

136 1859 312 1926 «Macarius,
325 1858 440 1923 Pambo,
457 1859 591 1926 Isidorus,
604 1876 674 1930 quos
688 1865 782 1931 patres
796 1867 931 1916 vocant.»
973 1858 1046 1913 ferre
1057 1858 1132 1913 Vitas
1142 1861 1269 1913 Petrum.
1283 1860 1326 1914 Ita
1335 1858 1407 1913 liber
1422 1859 1589 1913 Vedastinus
1603 1864 1669 1913 ante
1685 1876 1775 1914 annos

135 1949 257 2021 (tyrillus
271 1947 357 2003 etiam
372 1947 578 2003 Alexandrinus
595 1948 740 2020 epistolam
757 1966 841 2022 quam
856 1950 935 2004 misit
974 1964 1059 2020 supra
1072 1961 1140 2002 occo
1154 1948 1274 2019 scriptus
1288 1947 1400 2013 litteris,
1420 1952 1454 2001 ut
1471 1951 1580 2013 vocant,
1596 1947 1772 2018 capitalibus.

133 2036 170 2092 ad
189 2036 369 2109 presbyteros
384 2041 413 2091 et
432 2036 572 2102 diaconos,
591 2054 652 2108 quae
670 2037 790 2094 habetur
803 2040 832 2094 in
856 2040 934 2094 Actis
1010 2036 1065 2093 Sed
1076 2036 1334 2107 quagrammatica,
1350 2036 1394 2090 vel
1408 2052 1463 2107 qua
1479 2036 1625 2091 occasione
1640 2035 1712 2091 liber
1726 2037 1774 2092 ille

133 2126 234 2199 synodi
249 2125 403 2197 Ephesinae,
421 2131 501 2197 parte
519 2140 541 2192 1,
557 2142 618 2198 cap.
634 2126 661 2192 ἲ,
677 2127 760 2182 simul
780 2128 931 2200 inscripsit,
974 2127 1015 2182 ita
1028 2126 1201 2197 inscriptus?
1215 2126 1248 2179 D.
1260 2125 1398 2196 Georgius
1409 2125 1643 2192 Colvenerius,M.
1656 2126 1690 2181 N.
1703 2128 1775 2181 Aca-

134 2212 252 2285 Πατράσι
266 2222 395 2285 paragra,
413 2233 426 2265 ι
443 2212 573 2269 Patribus
589 2215 742 2270 monachis.
758 2235 772 2270 n
974 2215 1073 2270 demiae
1088 2201 1226 2270 Duaceuae
1236 2207 1634 2280 cancellariusbxistimabat,
1646 2215 1776 2270 vetustis·

169 2303 282 2368 Quaeret
292 2303 377 2357 tertio
390 2303 509 2358 fortasse
527 2304 684 2359 curiosulus
699 2305 800 2377 aliquis
814 2306 889 2361 unde
904 2307 934 2362 in
974 2304 1045 2359 simo
1060 2320 1138 2358 more
1152 2303 1187 2357 ad
1198 2303 1360 2358 Graecorum
1369 2302 1557 2357 imitationem
1569 2301 1672 2358 librum
1683 2304 1775 2375 primo

132 2392 274 2466 plerisque
288 2391 366 2446 libris
380 2392 463 2447 editis
479 2393 559 2464 quasi
573 2399 650 2448 recto
664 2410 740 2460 casu,
756 2394 799 2449 vel
813 2390 934 2459 ἀπτώτως
974 2393 1080 2447 dictum
1091 2393 1390 2463 etinsc1·iptum,tiber
1411 2393 1481 2446 Viles
1495 2394 1620 2458 Petrum,
1634 2395 1776 2463 proditer

133 2497 184 2536 seu
199 2479 436 2536 indecHnabiliter
449 2481 528 2535 Vitas
547 2481 664 2536 Petrum
684 2482 854 2538 inscribatur
865 2484 878 2537 l
891 2485 934 2539 Ila
979 2483 1042 2536 Vite
1055 2483 1182 2546 Petrum,
1198 2480 1225 2534 id
1241 2485 1293 2546 est,
1308 2478 1380 2534 liber
1399 2480 1446 2551 qui
1463 2480 1588 2535 continet
1611 2481 1704 2534 Vitam
1720 2482 1775 2534 Pa-

134 2570 249 2643 quidem
257 2569 343 2623 editio
353 2570 470 2637 Veneta,
480 2586 554 2625 anno
565 2569 644 2637 1508,
653 2571 779 2627 infronte
791 2589 841 2644 pro
850 2574 932 2629 titulo
974 2574 1064 2636 trum;
1080 2575 1112 2623 ut
1124 2569 1201 2622 Vitas
1218 2569 1255 2623 sit
1267 2569 1407 2640 genitivus
1428 2569 1589 2638 singularis,
1605 2575 1638 2623 ut
1652 2569 1774 2623 familias

132 2657 254 2731 praefert.
277 2658 451 2729 Respondeo,
474 2658 561 2714 videri
575 2661 664 2731 possit
677 2666 771 2716 ortum
787 2663 932 2733 exprimis
973 2659 1003 2712 in
1020 2657 1233 2730 paterfamilias.
1249 2657 1356 2713 Deinde
1370 2658 1448 2711 Liber
1467 2657 1602 2711 omissum
1617 2675 1688 2723 esse,
1704 2659 1773 2712 sim-

133 2745 302 2819 quibusdam
311 2746 490 2815 editionibus,
503 2747 534 2802 in
545 2748 646 2820 quibus
665 2765 728 2805 cum
741 2751 932 2806 nullumlibro
973 2747 1138 2819 pliciterque
1157 2746 1263 2801 dictum
1283 2747 1355 2801 Viles
1367 2748 1494 2801 Petrum.
1517 2747 1575 2817 Ego
1594 2763 1659 2801 vero
1679 2747 1773 2802 nescio

132 2835 339 2908 frontispicium
353 2837 524 2908 praefigatur,
542 2837 591 2893 sed
611 2838 724 2894 initium
737 2840 933 2912 appellationis
974 2852 1010 2891 an
1021 2836 1161 2909 quispiam
1174 2835 1247 2890 hanc
1256 2834 1432 2908 antiquitatis
1441 2835 1561 2890 formam
1570 2837 1599 2890 in
1610 2835 1774 2907 posteriori·

133 2924 270 2992 ducatur;
287 2925 356 2979 vela
370 2926 485 2996 prologo
498 2926 546 2998 qui
562 2927 592 2981 in
606 2927 845 3000 Norimborgensi,
860 2946 933 2985 anno
974 2924 1027 2980 bus
1039 2925 1148 2980 saeculis
1160 2925 1197 2980 sit
1212 2925 1396 2980 admissurus.
1413 2925 1495 2980 Certe
1509 2926 1631 2980 ioannes
1645 2927 1773 2997 Despau-

135 3010 215 3082 1478,
230 3013 270 3068 sic
282 3012 367 3068 habet
381 3032 388 3068 :
406 3015 508 3085 Incipit
519 3019 652 3085 preloque
666 3020 757 3073 sancti
770 3019 935 3086 Hieronymi
974 3014 1072 3081 terius,
1088 3013 1171 3070 lib.11
1187 3014 1461 3069 Commentariorum
1473 3013 1732 3085 grammaticorum,
1744 3015 1774 3069 in

129 3104 284 3173 presbyteri
298 3106 329 3159 in
340 3105 424 3158 libros
440 3104 513 3158 Vites
523 3106 640 3160 Petrum
652 3122 662 3172 ;
673 3106 717 3161 vel
728 3123 745 3161 a
755 3107 885 3178 registro,
901 3113 935 3162 ut
946 3103 1067 3177 eprima
1080 3103 1335 3171 declinatione,ait:
1348 3102 1433 3159 Liber
1447 3105 1519 3158 Vitas
1532 3106 1650 3159 Petrum
1663 3104 1702 3158 sic
1716 3120 1774 3159 non

132 3191 163 3247 in
182 3191 356 3247 Germanicis
372 3192 472 3247 incerti
486 3193 549 3263 loci,
565 3209 640 3249 anno
657 3193 724 3252 148³
739 3200 768 3250 et
784 3195 853 3252 :485
870 3215 876 3250 :
898 3199 932 3252 In
972 3193 1084 3260 dicitur,
1101 3192 1150 3248 sed
1167 3193 1229 3247 Vita
1240 3194 1368 3258 Petrum:
1384 3193 1440 3264 legi
1455 3195 1527 3248 Vitas
1540 3195 1670 3259 Petrum,
1683 3198 1737 3248 etc.

135 3285 318 3352 antiquorum
330 3284 448 3338 Petrum
467 3284 549 3351 Vitas,
568 3301 586 3339 a
602 3286 676 3341 beato
690 3287 858 3356 Hieronymo
872 3303 935 3343 con·
1010 3282 1171 3337 Hadrianus
1197 3282 1319 3336 Courten
1343 3287 1449 3349 noster,
1473 3282 1618 3353 Belgiique
1637 3282 1727 3337 nostri
1745 3283 1776 3337 iu

134 3373 251 3440 scriptos
263 3374 424 3439 registrum
432 3371 536 3428 factum
544 3373 655 3429 videtur
664 3378 698 3430 ut
703 3375 873 3447 posteriores
879 3376 936 3431 edi·
975 3371 1165 3443 grammaticae
1176 3371 1306 3442 palaestra
1319 3371 1391 3426 alter
1405 3371 1556 3438 Palaemon,
1568 3370 1710 3425 existimat
1719 3371 1775 3425 im-

134 3464 221 3527 tores,
237 3459 317 3515 Vitas
332 3461 458 3528 Petrum,
475 3456 605 3527 ἄπτώτως,
620 3479 672 3518 seu
685 3463 876 3520 inflexibiliter
889 3482 936 3520 ce·
976 3460 1106 3533 peritiam
1129 3459 1273 3532 scriptoris
1295 3476 1329 3515 ex
1348 3459 1392 3515 his
1416 3459 1506 3515 verbis
1528 3459 1772 3527 Vetrasinum,

134 3549 239 3622 perint.
248 3549 331 3606 certa
339 3549 565 3621 primaomnium
574 3551 670 3619 editio,
677 3553 755 3608 nullo
765 3558 841 3608 certo
849 3569 933 3621 anno,
976 3549 1073 3605 fecisse
1093 3552 1163 3604 Vitas
1187 3551 1316 3620 Petrum,
1333 3547 1471 3621 probabili
1483 3549 1514 3604 iu
1528 3549 1627 3622 primis
1643 3549 1776 3620 facilique

134 3638 206 3707 loco,
224 3638 398 3710 typographo
425 3639 589 3710 consignata
611 3641 694 3696 aliter
707 3640 793 3696 habet
808 3659 815 3697 τ
832 3645 935 3714 Incipit
976 3640 1146 3710 conjectura.

131 3727 262 3797 prosatio
276 3728 348 3780 beati
363 3728 529 3795 Hieronymi
542 3730 698 3798 presbyteri
714 3733 747 3785 in
756 3733 886 3800 primum
898 3734 936 3787 li·
1011 3727 1080 3783 blihi
1092 3743 1157 3783 vero
1168 3726 1329 3782 occurrebat
1337 3727 1422 3797 hujus
1432 3727 1627 3799 appellationis
1637 3727 1775 3798 originem

137 3815 257 3870 bramde
267 3816 491 3870 Vitarenclorum
499 3818 937 3875 PalmamUtnonimmeritoGa-
976 3817 1141 3889 profluxisse
1151 3833 1185 3871 ex
1196 3821 1323 3871 veterum
1337 3816 1478 3883 citatione,
1489 3817 1587 3887 quiite
1601 3816 1658 3872 fere
1672 3816 1776 3871 librum

135 3902 218 3959 lenus
230 3903 444 3975 Westcapellus,
457 3905 595 3961 catechesi
607 3905 660 3964 225
675 3913 783 3965 asserat
792 3925 821 3964 se
829 3909 936 3964 nescire
976 3906 1052 3960 hunc
1075 3905 1171 3971 citant,
1196 3905 1263 3959 licet
1279 3903 1363 3958 verbo
1390 3904 1495 3972 addito,
1514 3910 1547 3959 ut
1571 3909 1651 3976 patet
1678 3905 1725 3959 hic
1746 3904 1776 3958 iu

137 4008 194 4065 qua
206 3992 392 4064 grammatica
402 3992 474 4048 liber
483 3994 529 4049 hic
537 3994 707 4051 inscribatur
719 3997 800 4052 Vitas
807 3998 934 4053 Petrum.
976 3994 1068 4066 prima
1081 3994 1267 4060 conclusione,
1277 3992 1326 4048 ubi
1341 3992 1469 4049 Gelasius
1480 3994 1528 4060 ait,
1540 4013 1551 4043 ι
1570 3994 1644 4049 llitas
1659 3994 1775 4049 Patrum

172 4081 228 4138 Sed
242 4098 299 4137 non
308 4088 453 4155 acceptam
463 4084 637 4140 occasionem
651 4086 797 4158 exprimis
809 4087 937 4142 editioni-
976 4100 1040 4140 cum
1050 4083 1127 4138 omni
1136 4084 1243 4139 honore
1251 4082 1429 4155 suscipimus.
1440 4083 1626 4138 »Gennadius
1639 4101 1644 4136 :
1660 4084 1780 4138 «Petre-

136 4168 190 4227 bus
196 4170 300 4226 librum
308 4188 373 4227 euru
383 4173 500 4228 vocandi
505 4173 710 4229 etinscribeudi
720 4175 798 4230 Vitas
807 4176 934 4244 Petrum,
977 4173 1041 4228 nius
1051 4173 1195 4245 scripsisse
1208 4176 1324 4244 putatur
1335 4172 1410 4226 Vitas
1425 4173 1577 4227 Petrum.»
1593 4172 1775 4227 Paschasius:

136 4260 181 4318 vel
194 4260 261 4316 inde
275 4266 363 4333 patet,
375 4262 450 4334 quod
465 4268 574 4318 constet
586 4264 732 4335 antiquam
747 4264 833 4320 fuisse
844 4265 938 4337 appel·
980 4261 1079 4317 «Vitas
1091 4262 1207 4317 Parrum
1217 4262 1313 4332 jussus
1327 4261 1357 4315 in
1364 4261 1496 4316 Latinum
1507 4261 1660 4317 transferre
1672 4276 1778 4316 sermo-

136 4349 274 4406 lationem
289 4351 367 4406 Vitas
382 4351 509 4418 Petrum,
525 4352 610 4407 etiam
624 4357 689 4408 ante
711 4353 934 4425 impressionem.
943 4354 1049 4415 Dnem.
1062 4369 1075 4404 r
1088 4350 1283 4406 Cassiodorus:
1299 4371 1311 4399 ι
1326 4349 1403 4406 Vitas
1413 4351 1531 4405 Patrum
1541 4349 1724 4422 proculdubio
1734 4366 1778 4405 re·

137 4439 253 4496 illarum
263 4440 292 4495 id
307 4446 352 4496 est
361 4441 440 4496 Vitas
454 4441 724 4512 Fratrum,quarum
732 4447 862 4498 auctores
872 4444 938 4499 hinc
977 4440 1114 4519 peritis-r
1133 4440 1251 4495 Sanctus
1273 4439 1459 4494 Benedictus:
1479 4440 1595 4511 «Legat
1607 4456 1681 4495 uuus
1699 4440 1777 4494 Vitas

137 4543 221 4584 suum
235 4530 352 4586 titulum
364 4530 495 4585 videntur
507 4530 634 4585 hausisse
649 4537 678 4585 et
696 4531 888 4589 adumbrasse.
903 4533 938 4587 Et
979 4529 1103 4586 Patrum.
1122 4549 1134 4581 r
1161 4529 1314 4599 Gregorius
1327 4528 1498 4585 Turonensis
1512 4546 1519 4582 :
1538 4548 1550 4580 r
1569 4528 1645 4583 Vitas
1659 4529 1776 4583 Patrum

138 4617 253 4691 quidem
264 4619 390 4676 diversus
400 4620 542 4675 adiversis
553 4636 586 4674 eo
595 4620 757 4675 tituloliber
770 4621 938 4691 estinsigni·
978 4617 1129 4673 abscedens
1147 4617 1182 4671 ab
1205 4633 1237 4672 eo
1251 4617 1348 4672 direxi.
1373 4636 1386 4670 u
1403 4617 1475 4672 Hinc
1488 4617 1585 4689 igitur,
1612 4617 1679 4689 quia
1692 4617 1778 4672 toties

134 4708 195 4763 tus.
210 4706 381 4764 Humbertus
401 4709 517 4782 quintus
530 4709 666 4780 magister
678 4710 819 4780 generalis
831 4709 937 4764 ordinis
978 4707 1053 4778 apud
1066 4711 1194 4761 auctores
1209 4705 1340 4777 legebant
1347 4706 1462 4779 quidam
1482 4707 1554 4761 Vitas
1568 4708 1696 4773 Petrum,
1713 4721 1776 4760 eam

136 4794 176 4855 D.
190 4795 340 4864 Dominici,
351 4797 454 4861 dicitur
462 4798 541 4854 Vitas
550 4799 681 4854 Fratrum
690 4798 735 4854 sui
747 4799 853 4854 ordinis
865 4815 939 4854 com·
979 4796 1195 4868 appellationem
1209 4802 1328 4868 τεχνικῶς
1342 4795 1412 4850 libro
1431 4795 1568 4850 indidere.
1593 4794 1668 4850 Satis
1681 4799 1777 4850 autem

136 4884 275 4958 posuisse,
298 4889 330 4939 ut
352 4884 437 4940 habet
450 4887 537 4943 frater
550 4887 742 4944 Theodericus
763 4890 798 4944 de
818 4887 937 4959 Apoldia
976 4890 1087 4941 constat
1101 4901 1133 4939 ex
1145 4884 1290 4940 Gennadio
1305 4885 1494 4958 supracitato,
1506 4883 1611 4940 librum
1620 4884 1695 4940 hunc
1710 4883 1778 4938 olim

137 4973 259 5046 epistola
271 4973 432 5046 prefatoria
448 4982 514 5032 ante
539 4977 631 5035 Vitam
646 4976 736 5032 sancti
756 4977 904 5044 Dominici,
918 4977 936 5032 5
976 4979 1051 5030 recte
1064 4975 1094 5029 in
1105 4979 1181 5029 recto
1196 4974 1362 5047 inscriptum
1378 4976 1440 5029 Vite
1451 4976 1579 5029 Petrum.
1591 4972 1778 5030 itaenimille

138 5061 269 5135 Augusti.
285 5063 419 5118 Nondum
427 5063 483 5119 vidi
497 5080 563 5120 eum
575 5066 678 5122 librum
692 5066 828 5138 prodiisse
838 5083 871 5121 eo
884 5082 936 5121 au·
976 5081 1037 5136 cap.
1057 5062 1098 5131 ll,
1109 5064 1139 5119 in
1149 5064 1287 5134 Evagrio:
1304 5083 1316 5116 r
1333 5063 1421 5135 Cujus
1431 5063 1517 5118 etiam
1526 5062 1606 5128 liber,
1620 5062 1668 5134 qui
1677 5062 1778 5118 attitu-

136 5155 226 5211 crae.
241 5150 339 5209 Habeo
354 5169 440 5225 penes
455 5168 501 5208 me
513 5153 576 5208 llss.
591 5156 670 5211 Vitas
684 5157 814 5212 Fratrum
830 5155 936 5211 ordinis
976 5154 1052 5209 latur
1070 5155 1131 5208 Vite
1141 5155 1268 5220 Patrem,
1278 5154 1355 5208 velut
1364 5151 1599 5209 confinentissimi
1609 5151 1778 5208 eteruditis·

137 5239 172 5296 D.
188 5239 337 5308 Dominici,
349 5247 463 5298 auctore
476 5240 602 5298 Gerardc
612 5244 647 5299 de
660 5245 797 5301 Fracheto
807 5244 935 5299 Domini·
976 5243 1040 5298 simi
1054 5243 1106 5297 viri
1120 5242 1292 5299 mentionem
1310 5241 1387 5296 facit.
1403 5260 1418 5295 r

137 5344 218 5399 cano,
228 5330 277 5402 qui
287 5346 353 5386 eum
365 5331 470 5387 librum
479 5332 591 5404 scripsit
602 5333 684 5404 jussu
693 5334 841 5389 Humberti
852 5349 936 5404 gene
1200 5338 1497 5396 PROLEGOMENON
1509 5340 1546 5395 ll.

137 5419 206 5476 ralis
215 5419 307 5492 quinti
315 5436 389 5476 anno
400 5420 478 5477 1260.
488 5422 563 5478 Citat
572 5427 601 5477 et
609 5438 674 5477 eum
682 5424 821 5479 Antonius
832 5423 936 5478 Senen-
1139 5420 1192 5487 Orci
1204 5421 1305 5475 berum
1322 5420 1460 5475 librorum
1474 5425 1610 5476 auctores.

138 5508 178 5565 sis
188 5508 571 5583 inBibliothecascriptorum
580 5511 624 5567 sui
638 5511 757 5571 ordinis.
769 5512 841 5577 Quia
850 5512 937 5584 igitur
1013 5512 1050 5582 [x]
1066 5510 1117 5565 Hic
1127 5525 1191 5564 vero
1202 5507 1378 5564 cardetotius
1387 5507 1429 5563 rei
1443 5508 1569 5566 vertitur.
1584 5510 1622 5566 Ut
1631 5509 1708 5565 euim
1718 5524 1779 5564 mo·

138 5596 275 5671 auspiciis
284 5597 432 5660 Humberti
439 5615 505 5659 eum
512 5600 615 5660 librum
625 5601 737 5676 scripsit
745 5602 897 5673 (iscardus,
907 5606 936 5658 et
976 5605 1049 5659 netse
1062 5604 1246 5657 neumatum
1261 5597 1427 5672 spondere,
1443 5599 1494 5658 sod
1508 5603 1538 5658 et
1550 5598 1586 5656 ab
1600 5598 1695 5673 effigie
1707 5614 1777 5658 suos
