3818 6120
296 483 755 764 VITAE
907 488 1614 769 PATRUM
1756 534 1759 540 ’

905 889 1000 959 SIVE

211 1093 853 1267 fllsuuulm
933 1103 1699 1276 EREltllTlGAE.

633 1373 876 1507 [irem
926 1380 1263 1514 ninum.

707 1631 858 1684 Collationes
873 1635 980 1697 Petrum,
997 1640 1019 1683 ct
1033 1634 1154 1697 institute,
1176 1641 1198 1683 et
1216 1634 1278 1687 Vita
1290 1648 1380 1695 eorum,
1394 1639 1415 1681 et
1433 1634 1521 1694 Regula
1533 1631 1560 1682 S.
1583 1631 1611 1680 N.
1626 1632 1655 1681 P.
1676 1631 1771 1692 Basilii,

738 1693 794 1757 quid
808 1696 872 1745 eliud
889 1703 955 1753 sunt,
968 1697 1014 1745 nisi
1028 1697 1085 1746 bene
1104 1697 1235 1746 virentium
1257 1703 1279 1746 et
1301 1696 1466 1746 obedientium
1479 1695 1651 1744 monachorum
1664 1696 1770 1758 exempla

737 1762 760 1805 st
773 1756 934 1807 instrumente
946 1758 1062 1809 virtutum
1073 1759 1086 1807 i
1098 1759 1136 1821 (S.
1152 1761 1311 1815 Benedictus,
1326 1760 1425 1822 Reputo
1443 1772 1493 1807 rure
1505 1772 1559 1819 cop.
1573 1755 1628 1818 ult.)

706 1819 725 1867 0
737 1819 859 1868 desertum
872 1820 972 1870 tloribus
984 1820 1080 1872 Christi
1093 1822 1211 1870 vernans!
1230 1822 1249 1871 0
1263 1822 1366 1871 solitudo
1384 1821 1408 1869 in
1420 1834 1467 1883 quo
1480 1819 1518 1868 illi
1535 1824 1666 1868 nascuntur
1678 1817 1770 1882 lapides

736 1882 765 1952 de
778 1881 864 1994 qrppbus
877 1882 902 1932 in
909 1883 1063 1993 dApocalypsi
1076 1884 1160 1932 civitas
1180 1883 1261 1945 magni
1281 1882 1343 1944 regis
1358 1881 1508 1932 exstruitur!
1522 1881 1645 1930 Orromus
1666 1879 1772 1930 tamilla·

738 1957 789 1994 rius
823 1958 849 1994 eo
862 1958 907 2006 geu
925 1948 982 1997 snsl

1001 2007 1190 2073 (Hieronymus,
1203 2009 1275 2072 epist.
1288 2008 1300 2058 l
1314 2007 1348 2057 od
1362 2006 1537 2067 Heliodorum,
1549 2004 1578 2054 de
1592 1969 1664 2055 lende
1674 2003 1771 2067 eremi.)

329 2318 720 2422 PRAELUDIA
773 2326 873 2423 nl)
927 2325 1214 2425 LIBRUM
1267 2324 1581 2424 PRIMUM.

837 2661 1100 2799 teriori.

168 2908 202 2970 8
214 2904 291 2969 Quia
303 2905 384 2961 divus
399 2907 588 2982 Hieronymus
603 2911 657 2966 hoc
673 2910 744 2967 libro
759 2911 852 2984 primo
866 2908 939 2984 sape
953 2911 1161 2983 interloquitur.
1175 2912 1317 2984 idemque.
1334 2912 1462 2969 arctioris
1474 2915 1538 2971 rita
1553 2915 1683 2971 incensus
1699 2915 1775 2972 desi-

133 2992 226 3060 derio,
245 2995 379 3050 eremitas
393 2997 457 3052 olim
472 2999 576 3066 invisit,
598 3001 683 3072 inque
706 3018 800 3056 eremo
819 3017 908 3056 annos
929 3001 1038 3072 aliquos
1059 3002 1140 3071 vixit;
1162 3002 1268 3074 placuit
1283 3000 1328 3055 hic
1342 2997 1419 3053 brevi
1433 3000 1557 3072 synopsi,
1577 3001 1629 3054 viia
1656 3002 1774 3075 vitaque

132 3085 197 3154 ejus
211 3085 354 3156 periodos,
371 3103 427 3156 qua
440 3089 683 3160 peregrinationes
698 3092 759 3162 ejus
774 3096 911 3165 spectant,
929 3091 1017 3146 oculis
1031 3091 1167 3161 sujicere;
1186 3091 1221 3145 ad
1235 3088 1399 3146 nonnullam
1410 3105 1507 3143 eorum
1519 3089 1623 3157 lucem,
1642 3108 1703 3163 quae
1717 3092 1773 3147 lec·

130 3180 217 3229 turus
232 3190 272 3229 es.
290 3176 364 3240 Quos
377 3193 410 3230 ex
424 3178 607 3234 illustrissimi
618 3181 768 3236 cardinalis
780 3180 893 3237 Beronii
906 3178 1108 3237 laudatissimis
1121 3177 1276 3234 Annalibus
1289 3177 1461 3244 concinnavi,
1474 3184 1506 3232 ut
1519 3195 1621 3251 magno
1634 3180 1704 3235 duce
1718 3181 1774 3237 diri

132 3264 303 3337 Hieronymi
320 3267 488 3323 consecteris
502 3269 631 3340 vestigia.

462 3573 584 3679 DIVI
622 3573 953 3680 HlllRONYMl
993 3573 1442 3682 PEREGRINATIO.

145 3916 213 3972 ilici
229 3914 396 3980 Hieronymi
406 3916 566 3983 primordia
580 3919 604 3970 ct
616 3917 748 3985 profectio
760 3916 914 3973 Gallicana.
943 3916 1118 3977 ADonatum
1131 3916 1239 3971 audivit
1250 3935 1256 3984 ς
1269 3916 1362 3988 ipsum
1377 3915 1452 3969 enim
1467 3930 1551 3969 suum
1564 3914 1693 3969 nominat
1703 3930 1776 3984 prae·

169 4002 255 4059 Anno
269 4002 374 4056 dimisti
387 4001 449 4057 342.
465 4005 564 4058 Boron.
591 4009 656 4059 torn.
680 4005 730 4069 ΙΙΙ,
751 4006 850 4071 Adoro,
872 4003 935 4061 372.
978 4010 1122 4075 cepionem
1141 4007 1276 4070 (Hieron,
1294 4008 1325 4058 in
1341 4004 1441 4059 Cbron.
1455 4020 1530 4057 anno
1545 4003 1579 4058 90
1594 4003 1774 4074 Constantii),

131 4118 165 4131 -
181 4091 275 4163 Natus
290 4096 331 4144 est
343 4091 485 4157 Stridone,
500 4092 603 4164 oppido
613 4093 642 4147 in
652 4092 801 4159 Dalmatia,
813 4093 938 4148 honestis
978 4100 1052 4160 turn,
1076 4098 1108 4147 ut
1123 4093 1183 4165 ipse
1206 4093 1294 4147 tradit
1310 4093 1406 4161 illicn,
1429 4094 1476 4146 tib.
1489 4105 1499 4144 1
1515 4097 1586 4146 cont.
1603 4095 1695 4159 Pelcp.
1710 4094 1776 4146 etin

133 4178 251 4251 quidem
260 4178 434 4250 parentibus,
447 4186 477 4235 et
483 4180 648 4236 substantiis
658 4182 733 4236 haud
740 4182 854 4248 intimis,
868 4198 938 4252 quas
978 4184 1065 4251 llpist.
1077 4184 1114 4237 ad
1124 4182 1184 4237 dal.
1200 4198 1259 4251 cap.
1271 4186 1312 4251 ιι),
1327 4180 1492 4236 scholastico
1505 4197 1583 4235 more
1597 4181 1666 4235 lusit
1674 4182 1703 4235 in
1714 4197 1778 4235 con·

132 4274 296 4341 posteapro
310 4268 665 4325 aedificationemonasterii
679 4287 729 4343 per
739 4270 938 4326 Paulinianum
978 4270 1121 4325 troversiis
1133 4270 1333 4325 declamandis.
1348 4269 1389 4324 lbi
1404 4270 1500 4324 adulta
1514 4273 1598 4323 aetate
1614 4285 1693 4322 sacro
1707 4267 1777 4339 bap·

133 4357 255 4412 fratrem
269 4357 399 4413 distraxit
413 4360 500 4427 (llio-r.
518 4376 558 4429 ep.
569 4359 613 4429 ⁸26)
631 4376 709 4428 ;non
720 4360 836 4415 enimde
845 4361 937 4431 seipso
977 4360 1062 4414 tismo
1072 4359 1200 4414 initiatus
1211 4365 1254 4414 est
1269 4360 1365 4429 (ilica,
1378 4361 1455 4429 epist.
1468 4357 1525 4429 57.)
1543 4376 1549 4412 :
1566 4372 1621 4428 quo
1635 4359 1775 4428 suscepto,

133 4446 186 4500 sed
201 4447 237 4501 de
252 4446 426 4519 voluptuosis
435 4447 543 4503 clericis
558 4454 643 4521 atquc
658 4450 813 4516 monachis,
825 4466 858 4504 ex
871 4465 939 4522 per·
979 4449 1062 4521 paulo
1078 4448 1242 4503 solutiorem
1258 4448 1355 4515 vitam,
1378 4464 1464 4520 quarn
1486 4450 1621 4518 gesserat,
1643 4445 1777 4500 continuo

135 4551 208 4590 sona
222 4541 318 4590 tamen
333 4552 386 4591 sua
399 4537 449 4592 illa
463 4537 504 4591 ait
517 4538 601 4607 illicr.
618 4540 695 4608 epist.
705 4537 735 4609 i)
751 4557 757 4592 :
775 4557 789 4592 c
805 4539 896 4594 Natus
907 4538 935 4593 in
978 4536 1138 4593 emendavit
1149 4555 1155 4604 ;
1166 4553 1232 4591 nam
1253 4542 1283 4602 4
1299 4536 1386 4609 priori
1401 4537 1505 4591 amissa
1517 4534 1643 4606 corporis
1657 4532 1777 4604 integri·

135 4640 263 4696 paupere
277 4626 361 4681 domo
381 4631 410 4680 et
421 4626 451 4681 in
460 4627 575 4697 tugurio
582 4626 732 4693 rusticano,
742 4628 790 4698 qui
803 4627 847 4682 vix
858 4627 936 4683 milio
977 4633 1045 4692 tate,
1066 4625 1229 4693 secundam,
1245 4642 1330 4699 quarn
1344 4630 1425 4680 vocat
1438 4624 1640 4680 continentiam
1654 4627 1718 4696 post
1732 4621 1778 4678 ba·

135 4713 933 4788 etcibariopanerugientemsaturarepoteramventrem,
977 4712 1777 4788 ptismum,semantimmaculatamtotuspiisofficiisde·

135 4818 213 4858 nunc
228 4803 351 4859 similam
367 4811 396 4859 et
413 4805 497 4859 mella
515 4805 639 4872 lastidio,
660 4825 671 4857 i
692 4810 746 4859 etc.
977 4804 1053 4859 ditus
1067 4820 1125 4859 una
1138 4821 1203 4859 cum
1212 4802 1340 4875 eiusdem
1364 4803 1488 4857 instituti
1510 4801 1653 4857 sodalibus
1675 4802 1774 4873 (llice,

171 4892 316 4949 Bonosum
330 4893 430 4950 habuit
439 4894 642 4949 collactaneum
650 4894 739 4965 (llier.
754 4896 831 4964 epist.
843 4893 899 4965 ll),
909 4898 938 4948 et
977 4896 1089 4962 Apolop.
1099 4910 1152 4963 pro
1168 4895 1223 4949 tio:
1237 4893 1298 4947 odo.
1312 4893 1428 4962 luein),
1439 4891 1558 4961 singulis
1572 4889 1670 4946 diebus
1682 4890 1777 4946 Domi·

135 4997 201 5036 eum
215 4982 316 5037 eodem
328 4983 432 5038 coaluit
444 4982 473 5037 in
489 4981 651 5037 liberalibus
660 4982 825 5055 disciplinis,
836 4982 937 5055 praedi·
978 4982 1049 5037 uicis
1066 4985 1107 5051 (ut
1121 4983 1180 5055 ipse
1194 4981 1283 5036 tradit
1291 4979 1430 5053 [Hieron.,
1439 4984 1472 5034 in
1484 4981 1579 5035 lizecb.
1593 4997 1616 5034 c.
1632 4980 1695 5050 ΙΙΙ)
1706 4979 1777 5034 inri-

135 5070 193 5124 site
205 5069 387 5126 adolescente
400 5090 407 5139 ;
419 5086 532 5143 apuero
548 5071 623 5125 enim
634 5070 800 5126 excolendus
808 5069 938 5126 bonislit·
977 5070 1057 5126 sabat
1063 5072 1092 5126 in
1098 5067 1464 5126 subterranciscoemeteriis
1471 5067 1605 5138 reliquias
1615 5072 1776 5135 sanctorum

135 5160 206 5213 teris
219 5159 341 5214 traditus
356 5165 399 5215 est
418 5160 583 5232 preceptori
594 5178 601 5226 ;
614 5160 649 5215 de
663 5177 718 5232 quo
733 5160 793 5233 ipse
809 5161 935 5228 (Hieron.
942 5199 966 5260 B
977 5165 1135 5232 martyrum
1156 5178 1163 5224 ;
1184 5157 1310 5230 nihilque
1323 5157 1431 5211 caeteris
1447 5156 1546 5212 diebus
1562 5156 1612 5211 otii
1626 5156 1679 5210 sibi
1693 5156 1778 5210 relin-

135 5249 249 5317 Apolop.
263 5251 369 5305 advers.
381 5250 516 5318 itermod:
535 5249 673 5304 «hiemini
687 5266 732 5304 me
744 5265 865 5321 puerum
874 5264 936 5303 cur·
977 5265 1075 5320 quens,
1094 5253 1171 5303 totus
1190 5252 1252 5302 crat
1268 5245 1297 5301 in
1309 5246 1500 5301 descrihendis
1518 5244 1597 5299 libris
1618 5263 1625 5311 3
1647 5245 1687 5298 sic
1701 5244 1777 5299 enirn

136 5336 238 5391 sitaese
244 5354 295 5409 per
306 5338 420 5393 cellulas
427 5338 611 5405 servulorum,
619 5338 937 5393 dicmieriatumduxis·
976 5337 1174 5392 bibliothecam
1184 5337 1279 5391 Roma
1291 5353 1403 5391 summo
1417 5335 1510 5389 studio
1520 5339 1605 5406 atque
1619 5331 1775 5388 laboresibi

136 5442 167 5480 se
178 5425 296 5493 lusibus,
308 5432 337 5481 et
354 5427 390 5481 ad
405 5426 543 5483 Orbilium
560 5427 730 5494 saevientem,
742 5427 777 5481 de
790 5427 859 5483 aviae
873 5427 937 5485 sinu
977 5426 1128 5482 confecisse
1141 5430 1264 5481 testatur
1277 5427 1365 5497 (Hier.
1376 5442 1416 5494 ep.
1431 5423 1488 5495 22).

135 5521 263 5571 tractum
272 5531 333 5570 esse
347 5517 501 5588 captivum.
514 5538 528 5566 ι
1013 5516 1045 5570 ln
1062 5515 1169 5570 Gallias
1175 5521 1240 5587 post
1246 5516 1306 5570 haec
1313 5514 1510 5588 peregrinatus
1518 5528 1582 5566 curn
1588 5511 1648 5582 ipso
1654 5512 1774 5575 Bonoso,

174 5605 296 5666 Romam
302 5606 417 5665 veniens
429 5621 493 5662 cum
508 5605 606 5661 eodem
619 5604 708 5682 ipsius
714 5605 814 5677 gentili
825 5606 935 5665 Bonoso
979 5605 1076 5663 cadem
1085 5604 1133 5661 siti
1138 5605 1287 5674 librorum,
1297 5604 1425 5660 Treveris
1434 5602 1525 5659 sancti
1534 5600 1635 5657 llilarii
1645 5599 1731 5655 libros
1740 5597 1775 5652 de
