3818 6120
132 201 185 264 883
700 209 747 266 DE
766 209 860 268 viris
880 210 1029 268 Pernen
1047 210 1154 267 LIBER
1172 210 1206 263 V.
1712 205 1766 266 884

131 333 482 406 111111111111111111111,
491 334 630 388 exierunt.
646 333 681 388 Et
691 334 822 391 viderunt
828 335 956 397 Patresll
966 336 1078 391 dicens:
1096 333 1241 401 Quomodo
1255 334 1310 388 huc
1328 329 1489 388 advenisti?
1503 329 1556 386 Illa
1569 333 1667 387 autem
1693 332 1770 389 velut

132 437 220 478 unum
236 424 370 496 pallidum
385 429 412 477 et
429 422 538 476 tristem
556 422 658 489 nimis;
682 424 768 480 alium
792 442 855 480 vero
879 443 925 481 ro·
967 423 1221 498 plorans,dicebat:
1232 421 1419 477 Errandohuc
1429 419 1499 477 veni.
1512 419 1641 486 Quicum
1653 421 1769 477 misera·

131 510 246 567 bustum
258 517 286 567 et
299 512 424 578 clarum,
441 518 469 565 et
483 512 577 566 mirati
591 518 666 579 sunt,
688 515 820 585 quoniam
833 515 927 570 cibum
967 517 1043 570 11111
1058 514 1195 568 viscerum
1212 511 1382 583 pulsaretur,
1397 509 1554 564 introduxit
1567 526 1631 564 eam
1639 509 1670 565 in
1685 511 1769 566 atrio-

131 606 160 655 et
174 606 271 673 potum
286 600 431 671 aequaliter
449 607 623 673 acceperant.
640 603 674 657 Et
685 603 929 672 interrogaverunt
968 604 1027 659 lum
1042 603 1148 657 cellulae
1160 618 1226 666 suae,
1243 600 1343 672 etipse
1357 599 1473 654 intravit
1487 598 1606 654 interius
1624 599 1654 656 in
1669 601 1767 655 cellam

130 705 195 744 eum
215 689 263 760 qui
286 689 374 743 tristis
393 695 423 743 et
443 690 564 744 afflictus
588 697 658 756 erat,
685 692 832 748 dicentes:
854 694 927 758 Quid
968 691 1215 758 suam,etclausit.
1226 691 1260 745 Et
1269 705 1332 744 eece
1341 687 1436 743 infelix
1444 687 1494 742 illa
1503 688 1644 755 clamavit,
1658 688 1768 744 dicens:

129 777 301 832 exercitabas
311 795 374 832 curn
389 779 605 849 cogitationibus
619 782 675 836 tuis
690 781 718 835 in
737 782 807 837 cella
819 784 928 838 tualEt
967 781 1136 847 11111111
1155 796 1200 834 me
1224 778 1372 834 comedent
1393 777 1448 832 hic.
1471 778 1522 832 Ille
1545 782 1641 833 autem
1666 778 1769 832 iterum

129 865 275 920 illedixit:
298 867 352 921 Pro
376 868 457 922 malis
480 885 541 940 quae
565 869 627 933 feei,
653 887 749 942 peenas
773 871 802 925 in
827 872 927 942 quibus
967 870 1097 927 turbatus
1111 874 1163 935 est,
1180 869 1284 923 timens
1300 868 1386 922 etiarn
1402 865 1540 938 judicium
1555 866 1617 931 Dei,
1639 866 1767 922 dicebat:

81 1004 90 1012 ,
128 960 263 1010 venturus
278 973 356 1010 eram
373 957 400 1010 in
416 957 510 1011 animo
524 958 709 1025 revolvebam,
734 966 762 1014 et
787 977 804 1014 a
826 962 927 1017 timore
967 961 1046 1017 Unde
1057 959 1126 1014 mihi
1144 957 1266 1012 venitira
1275 956 1357 1012 haecl
1371 956 1405 1010 Et
1417 955 1546 1027 aperiens
1556 955 1671 1019 ostium,
1684 955 1770 1010 intro·

128 1044 309 1099 adheserunt
322 1062 387 1100 ossa
401 1063 463 1100 mea
477 1048 555 1102 carni
575 1064 653 1103 meae.
680 1049 927 1120 Interrogaverunt
967 1049 1047 1104 duxit
1056 1065 1119 1102 eam
1134 1048 1219 1102 intro.
1231 1045 1423 1117 Cmpitautem
1432 1044 1560 1100 diabolus
1573 1045 1651 1099 velut
1660 1045 1770 1116 sagittis

128 1138 222 1188 autem
239 1140 268 1188 11
281 1134 378 1199 alium,
390 1134 526 1190 dicentes:
541 1137 583 1190 Tu
594 1137 807 1209 quidcngitabas
820 1139 928 1195 incella
967 1138 1113 1194 stimulare
1132 1153 1181 1193 cor
1195 1138 1256 1207 ejus
1275 1136 1302 1189 in
1327 1151 1399 1190 earn.
1423 1134 1477 1199 Qui
1500 1151 1563 1189 cum
1583 1135 1769 1191 intellexisset

128 1221 530 1279 1111111111111111111111
549 1225 654 1295 gratias
673 1226 837 1294 referebam,
861 1229 928 1300 qnia
967 1226 1071 1282 diaboli
1087 1243 1148 1281 esse
1160 1225 1301 1291 stimulos,
1327 1223 1436 1278 dicebat
1459 1223 1489 1278 in
1514 1223 1687 1297 semetipso:
1710 1224 1767 1279 viae

128 1310 204 1366 eruit
215 1311 305 1365 mede
316 1311 528 1382 inquinamento
540 1315 635 1369 mundi
647 1316 740 1387 hujus.
755 1317 827 1371 etde
839 1317 927 1372 futuri
968 1315 1072 1371 inimici
1081 1314 1203 1370 tenebra
1214 1319 1295 1381 sunt;
1313 1313 1401 1368 Filius
1409 1317 1503 1367 autem
1515 1312 1566 1367 Dei
1574 1313 1621 1368 lux
1631 1319 1675 1367 est
1687 1315 1767 1370 lPsul.

130 1399 224 1455 saeculi
235 1400 334 1470 poenis,
352 1406 380 1455 et
394 1402 531 1457 revocavit
545 1420 590 1458 me
603 1404 639 1458 ad
654 1406 726 1459 hanc
739 1406 927 1461 conversatio·
968 1409 1070 1474 xxxiv).
1083 1405 1207 1474 Surgens
1217 1419 1284 1474 ergo
1295 1401 1423 1457 accendit
1432 1401 1587 1458 lucernam.
1605 1401 1640 1456 Et
1653 1418 1718 1456 cum
1727 1402 1767 1456 in·

131 1504 196 1543 nern
211 1489 365 1559 angelicam
381 1509 386 1555 ;
403 1496 431 1544 et
445 1491 626 1547 reminiscens
650 1493 761 1549 assidue
784 1495 836 1549 Dei
861 1496 926 1562 11111,
970 1496 1164 1549 flamnraretur
1176 1492 1324 1557 desiderio,
1341 1489 1467 1547 dicebat:
1483 1490 1624 1555 Quoniam
1639 1489 1689 1563 qui
1702 1491 1768 1546 talia

131 1575 255 1632 laetabar.
272 1576 306 1632 Et
319 1578 450 1634 dixerunt
462 1597 560 1635 senes:
582 1582 707 1654 AEqualis
721 1590 764 1638 est
781 1584 927 1641 amborum
970 1588 1067 1655 agunt,
1084 1583 1113 1637 in
1130 1581 1278 1637 tormentis
1302 1580 1407 1635 vadunt
1426 1580 1495 1650 (1111.
1521 1583 1558 1649 v).
1585 1578 1679 1635 Proba
1704 1596 1768 1651 ergo

131 1667 297 1738 poenitentia.
309 1669 383 1740 apud
396 1669 495 1724 Deum.
939 1653 1090 1744 Breipsum
1102 1688 1134 1725 ex
1144 1670 1236 1735 hoc,si
1244 1675 1323 1741 potes
1331 1668 1570 1739 sustinereignem
1580 1669 1768 1724 aeternamm

168 1754 211 1812 35.
227 1757 318 1811 Senex
330 1758 444 1828 quidam
458 1759 557 1814 eratin
566 1760 676 1831 Scythi:
699 1762 820 1832 quicum
835 1764 929 1817 incur·
971 1761 1101 1816 mittebat
1109 1760 1229 1831 digitum
1241 1775 1325 1813 sunm
1334 1758 1363 1812 in
1379 1759 1534 1815 lucernam.
1545 1758 1636 1823 Quem
1650 1775 1715 1812 cum
1729 1756 1769 1813 11-

130 1843 215 1901 risset
224 1845 254 1900 in
267 1846 434 1916 egritudine
448 1864 560 1918 magua,
574 1849 732 1904 serviebant
744 1851 768 1904 11
778 1851 887 1905 fratres.
898 1852 932 1906 Et
971 1849 1119 1917 cendisset,
1132 1853 1161 1903 et
1170 1847 1291 1914 arderet,
1308 1863 1364 1902 non
1377 1845 1517 1902 sentiebat
1525 1852 1642 1919 propter
1655 1846 1770 1902 nimiam

131 1933 229 1988 videns
241 1951 326 1990 senex
338 1935 404 2006 quia
415 1936 584 2004 laborarent,
600 1939 683 1992 dixit:
696 1940 774 1995 Vade
787 1940 816 1996 in
831 1940 932 2013 AEgyp·
973 1935 1493 2009 flammamconcupisceutiaecarnalis.
1503 1936 1683 2008 Etitausque
1692 1952 1771 1991 mane

133 2028 204 2089 tum,
223 2028 252 2077 et
266 2040 321 2078 non
334 2025 438 2079 solvam
453 2026 553 2081 fratres
568 2027 644 2082 istos.
662 2028 696 2082 Et
711 2029 779 2084 dicit
800 2030 827 2084 ei
847 2029 933 2084 abbas
972 2029 1086 2095 faciens,
1103 2027 1227 2083 incendit
1240 2041 1338 2081 omnes
1353 2025 1471 2095 digitos.
1492 2025 1544 2080 Illa
1557 2030 1654 2080 autem
1679 2024 1772 2081 infelix

135 2113 245 2184 Moyses
262 2130 267 2166 :
284 2113 346 2168 Non
361 2114 458 2181 vadas,
481 2116 651 2187 quoniamin
664 2117 877 2174 fornicationem
893 2119 933 2174 in·
973 2118 1071 2174 videns
1085 2117 1160 2190 quod
1173 2114 1302 2182 faciebat,
1318 2131 1334 2169 a
1349 2113 1451 2169 timore
1462 2114 1537 2170 velut
1546 2115 1617 2186 lapis
1632 2114 1708 2170 facta
1721 2120 1770 2170 est.
1841 2188 1845 2196 .

134 2211 269 2257 cursurus
283 2220 322 2257 es.
339 2203 390 2258 Ille
404 2209 497 2259 autern
517 2207 699 2261 contristatus
719 2208 847 2262 illectae:
865 2210 933 2263 llor·
973 2209 1008 2264 Et
1022 2208 1166 2262 venientes
1183 2206 1301 2277 juvenes
1325 2220 1408 2258 mane
1431 2203 1467 2259 ad
1488 2203 1660 2259 monachum
1685 2204 1771 2272 illum,

135 2296 216 2348 tuum
230 2297 273 2346 est
284 2310 500 2364 corpusmeum,
519 2301 547 2350 et
560 2302 591 2350 tu
607 2296 675 2350 mihi
691 2296 746 2351 ista
760 2297 848 2352 dicis?
864 2298 932 2352 Sur·
973 2297 1121 2353 dicebant:
1138 2294 1284 2353 1111111111
1299 2293 1401 2349 mulier
1417 2293 1672 2348 1111111111111111
1687 2293 1771 2348 dixit:

134 2397 282 2453 gensergo
296 2381 366 2437 abiit
379 2383 409 2436 in
428 2383 570 2455 AEgytum.
595 2385 675 2449 Quod
697 2402 759 2440 euin
779 2387 934 2441 audiissent
974 2386 1065 2443 Etiam
1078 2382 1772 2454 ;11111111111111.1111111111111111111111111

136 2470 264 2525 homines
289 2471 507 2543 circumquaque
532 2472 700 2539 habitantes,
725 2473 879 2529 1111111111
907 2476 933 2530 11
975 2481 1125 2531 mortuam.
1143 2474 1306 2529 Etdicunt:
1323 2471 1412 2540 Abba,
1429 2477 1607 2527 mortuaest.
1631 2472 1712 2527 Tunc
1730 2472 1774 2526 ille

136 2560 236 2614 multa.
252 2560 336 2614 Venit
350 2561 434 2614 etiam
450 2562 485 2614 ad
505 2578 569 2615 curn
586 2562 715 2632 quaedavn
732 2562 810 2635 uirgo
834 2564 931 2630 fidelis,
975 2564 1115 2620 recutiens
1125 2562 1269 2634 palliolum
1280 2578 1436 2634 suumque
1447 2560 1590 2627 utebatur,
1603 2561 1729 2616 ostendit
1737 2561 1775 2616 eis

137 2648 233 2703 volens
247 2648 412 2719 obsequium
427 2666 510 2704 suurn
524 2650 584 2704 seni
600 2651 753 2706 infirmanti
768 2653 877 2707 deferre
901 2654 936 2708 Et
977 2669 1077 2708 manus
1089 2668 1164 2719 suas,
1181 2651 1294 2707 dicens:
1311 2652 1380 2706 Ecce
1393 2651 1467 2722 quod
1483 2650 1553 2706 mihi
1567 2650 1634 2705 fecit
1653 2650 1713 2705 filia
1723 2649 1776 2705 ista

138 2742 202 2809 post
209 2738 385 2808 aliquantum
398 2739 532 2811 temporis
545 2757 608 2794 cunr
624 2741 769 2811 paululum
781 2742 815 2796 de
825 2743 936 2814 aegrilu·
977 2741 1090 2807 diaboli,
1101 2740 1224 2812 perdidit
1236 2757 1333 2795 omnes
1344 2739 1447 2811 digitos
1458 2755 1544 2794 meos.
1557 2739 1593 2794 Et
1606 2737 1776 2794 1111111111

139 2826 215 2894 dine,
232 2843 288 2898 qua
301 2826 458 2894 tenebatur,
477 2828 576 2883 melius
591 2829 745 2897 habuisset,
767 2830 885 2886 incurrit
907 2832 936 2886 in
978 2829 1052 2902 quod
1064 2828 1169 2884 factum
1180 2828 1280 2894 fuemt,
1287 2826 1410 2882 dicebat:
1421 2827 1562 2899 Scriptum
1573 2827 1776 2894 11111111111

139 2932 212 2982 eam,
230 2921 259 2970 et
272 2915 322 2970 illa
332 2917 468 2988 concepit.
486 2919 663 2988 Interrogata
684 2926 778 2974 autem
802 2938 819 2974 a
840 2920 937 2976 vicinis
979 2920 1085 2975 nudum
1099 2935 1150 2990 pro
1166 2918 1240 2972 malo
1258 2919 1346 2989 (Pron.
1371 2931 1437 2984 xvh,
1468 2917 1774 2987 111111.1;1Ρ11.111).

139 3005 193 3060 loci
208 3005 282 3060 unde
294 3008 462 3077 conceperit,
478 3007 526 3061 illa
539 3008 702 3079 respondit:
725 3009 765 3063 111
787 3026 853 3064 1111
872 3009 933 3064 hoc.
947 3007 1126 3075 calfaciens
1139 3006 1305 3073 orationem,
1316 3005 1463 3062 suscitavit
1473 3005 1622 3071 eam.Quae
1633 3022 1775 3070 conversa,

140 3094 185 3151 llli
199 3100 294 3149 autem
307 3111 362 3149 non
383 3095 535 3151 credebant
557 3096 592 3153 ei.
614 3098 705 3152 Senex
722 3114 785 3152 rere
809 3098 936 3154 dicebat:
979 3102 1055 3152 caste
1069 3097 1127 3168 egit
1140 3096 1283 3151 residuum
1293 3099 1405 3168 tempus
1420 3095 1483 3150 vitae
1498 3111 1566 3150 sure.

101 3176 106 3185 ’
138 3183 259 3255 Egohcm
272 3183 333 3251 feci,
346 3185 543 3240 sedcustodite
561 3186 629 3240 mihi
645 3186 781 3242 infantem
795 3204 878 3259 quem
894 3204 940 3260 pe·
1014 3186 1059 3242 38.
1080 3187 1179 3242 Frater
1193 3185 1308 3257 quidam
1319 3183 1539 3258 impugnabatur
1552 3200 1570 3239 a
1583 3184 1777 3240 fornicatione.

140 3274 224 3346 perit.
245 3274 311 3338 Quae
330 3291 394 3329 cum
413 3275 558 3345 genuisset
579 3293 707 3347 puerum,
733 3282 761 3331 et
784 3276 939 3332 ablactatus
981 3274 1106 3346 Contigit
1129 3280 1224 3330 autem
1253 3292 1317 3330 eum
1342 3274 1437 3328 venire
1460 3273 1489 3328 in
1514 3273 1607 3328 vicum
1631 3274 1778 3346 quemdam

141 3362 249 3428 fuisset,
260 3362 325 3418 tulit
334 3380 418 3419 senex
428 3364 563 3419 infantem
573 3364 601 3419 in
620 3365 745 3420 humeris
759 3367 829 3431 suis,
845 3372 874 3421 et
894 3367 940 3421 die
980 3364 1083 3436 AEgyti,
1097 3369 1125 3418 et
1135 3364 1231 3419 videns
1244 3363 1331 3418 liliam
1347 3362 1499 3419 sacerdotis
1513 3378 1701 3434 paganorum,
1717 3363 1780 3417 ada·

142 3452 569 3526 111111111111111111511111,
586 3455 707 3509 occurrit
723 3455 772 3522 ibi,
787 3460 814 3510 et
825 3456 942 3512 intravit
980 3454 1146 3520 maviteam,
1154 3453 1280 3524 dixitque
1291 3453 1365 3524 patri
1375 3451 1577 3524 ejuszllamihi
1585 3468 1778 3506 eamuxorem.

141 3541 171 3596 in
179 3542 324 3597 ecelesiam
337 3558 430 3597 coram
447 3542 628 3598 multitudine
641 3544 770 3598 fratrum.
787 3545 831 3599 llli
846 3552 939 3600 autem
982 3544 1033 3599 Ille
1043 3549 1137 3598 autem
1147 3543 1319 3614 respondens
1329 3542 1399 3597 dixit
1408 3542 1433 3595 ei
1445 3542 1523 3597 :Non
1533 3558 1649 3612 pessum
1660 3541 1779 3596 eamtibi

142 3631 268 3686 videntes
278 3647 353 3695 eum,
364 3632 511 3687 fleverunt.
531 3631 663 3696 Quidixit
673 3632 807 3688 fratribus
819 3653 824 3686 :
834 3634 942 3690 Videtis
982 3633 1059 3697 dare,
1073 3631 1268 3703 uisirogavero
1278 3632 1363 3686 deuvn
1375 3647 1479 3686 meum.
1492 3630 1630 3686 Etabiens
1639 3631 1780 3686 addaemn

144 3719 280 3781 infantem
289 3720 384 3776 hunc?
395 3720 470 3775 filius
485 3726 528 3775 est
542 3720 737 3777 inobedientiae
750 3739 828 3778 meae.
841 3724 942 3779 Cavete
983 3738 1047 3777 nem
1063 3738 1146 3793 quem
1155 3720 1272 3787 colebat,
1286 3720 1357 3775 dixit
1367 3720 1407 3775 ei:
1421 3720 1489 3775 Ecce
1503 3719 1618 3790 quidam
1629 3722 1780 3775 monachus

147 3817 213 3879 ergo
228 3826 285 3873 vos,
296 3809 409 3877 fratres,
416 3808 483 3879 quia
492 3809 522 3863 in
532 3815 675 3864 senectute
691 3810 815 3878 hocfeci,
826 3817 942 3867 etorate
982 3811 1059 3867 11111
1068 3811 1165 3877 adme,
1173 3811 1268 3865 volens
1278 3810 1494 3882 acciperehliam
1505 3811 1657 3879 meam3do
1667 3810 1693 3864 ci
1708 3810 1780 3865 eam?

145 3913 197 3969 pro
206 3913 262 3952 me.
275 3897 310 3952 Et
323 3897 592 3968 pergensadcellam
602 3915 693 3963 suam,
705 3900 740 3954 ad
757 3900 868 3955 initium
884 3901 942 3973 pri·
983 3900 1164 3972 Respondens
1179 3899 1298 3967 daemon,
1309 3899 1378 3954 dixit
1390 3918 1396 3952 :
1410 3899 1439 3954 Si
1452 3905 1537 3972 negat
1547 3901 1740 3966 Deumsuum,
1755 3904 1782 3954 et

146 4001 199 4041 mae
212 3985 431 4040 conversationis
444 4003 502 4042 suae
515 4003 643 4042 reversus
658 3993 710 4043 est.
983 3988 1166 4061 baptismum,
1178 3994 1206 4044 et
1216 3989 1390 4061 propositum
1401 3989 1540 4057 monachi,
1557 3990 1703 4060 interroga
1709 4006 1779 4045 eum.

183 4072 227 4130 36.
243 4075 342 4130 Frater
356 4075 469 4146 quidam
484 4080 609 4131 tentatus
623 4082 666 4131 est
678 4079 798 4150 pessime
811 4095 829 4133 a
843 4079 945 4135 111111-
984 4079 1019 4135 Et
1032 4078 1145 4133 veniens
1157 4079 1287 4134 sacerdos
1296 4078 1366 4133 dixit
1376 4079 1420 4133 ei:
1441 4080 1519 4150 Nega
1530 4079 1622 4134 Deum
1644 4083 1737 4146 tuum,
1757 4083 1782 4132 et

68 4224 74 4236 ,
147 4164 240 4221 nibus.
257 4164 290 4221 ln
304 4165 396 4238 specie
413 4165 488 4220 enim
504 4165 682 4236 pulchrarum
694 4169 944 4232 mornulicrum
984 4167 1164 4241 baptismum,
1180 4173 1209 4223 et
1230 4167 1404 4240 propositum
1426 4167 1565 4234 monachi,
1589 4173 1620 4223 et
1640 4167 1714 4222 dabo
1735 4167 1781 4222 tibi

145 4255 349 4322 transformati,
360 4254 468 4327 jugiter
478 4255 664 4327 quadraginta
673 4255 771 4312 diebus
786 4273 945 4329 persevera·
985 4258 1072 4312 hlium
1087 4273 1190 4312 meam.
1206 4258 1256 4312 Ille
1279 4274 1344 4312 vero
1368 4257 1517 4311 consensit.
1542 4257 1580 4312 ut
1594 4255 1695 4311 statim
1718 4255 1782 4312 vidit

146 4350 247 4401 verunt
260 4349 419 4417 pugnantes
433 4345 566 4400 adversus
580 4361 654 4410 eum,
672 4350 704 4400 ut
718 4346 864 4401 traherent
877 4364 942 4402 euin
953 4332 1060 4402 Dvelut
1069 4345 1310 4402 columbamexire
1321 4346 1355 4399 de
1366 4362 1413 4400 ore
1424 4363 1485 4411 suo,
1494 4350 1523 4400 et
1531 4345 1626 4401 volare
1636 4346 1665 4400 in
1672 4345 1780 4400 coelum.

147 4435 183 4490 ad
197 4440 309 4507 turpem
325 4433 559 4489 commistionem,
573 4434 625 4489 lllo
635 4440 730 4490 autem
740 4435 859 4492 viriliter
872 4437 945 4492 relu-
985 4436 1107 4506 Pergens
1121 4440 1216 4490 autern
1233 4435 1404 4490 sacerdosad
1420 4435 1585 4500 damonem,
1602 4434 1692 4489 dixit:
1719 4435 1781 4491 une

147 4528 250 4591 etante,
265 4529 293 4578 et
307 4524 423 4578 minime
436 4528 578 4595 superato,
595 4523 669 4577 Deus
686 4525 825 4596 aspiciens
839 4525 944 4581 bonum
985 4524 1115 4596 promisit
1137 4541 1167 4578 se
1190 4524 1246 4578 tria
1269 4523 1317 4577 illa
1337 4523 1486 4577 facturum.
1513 4523 1585 4578 Tum
1613 4525 1782 4595 respondens

147 4614 209 4683 ejus
222 4618 375 4680 certamen,
395 4612 509 4667 donarit
523 4613 549 4666 ei
564 4618 596 4667 ut
608 4612 684 4667 ultra
700 4614 810 4668 nullum
823 4615 943 4669 calorem
985 4613 1113 4667 diabolus
1128 4612 1230 4668 dixitei
1242 4632 1247 4666 :
1261 4612 1381 4666 Nondes
1391 4612 1416 4666 ei
1424 4611 1511 4667 filiam
1521 4617 1601 4667 tuam
1618 4611 1647 4667 in
1658 4629 1781 4679 uxorem,

148 4703 268 4758 carnalis
282 4701 512 4774 concupiscentie
526 4706 679 4773 pateretur.
986 4702 1051 4773 quia
1067 4702 1141 4756 Deus
1153 4703 1214 4773 ejus
1227 4718 1283 4756 non
1292 4701 1406 4756 recessit
1416 4699 1451 4755 ab
1462 4716 1504 4767 eo,
1518 4701 1568 4756 sed
1586 4701 1681 4757 adhuc
1704 4702 1782 4774 adju·

184 4789 227 4847 ³7.
245 4791 392 4846 Solitarius
403 4790 517 4862 quidam
527 4788 811 4845 cratininfcrioribus
821 4791 945 4862 AEgypti,
985 4790 1061 4846 rabit
1075 4788 1587 4846 11111111111111111111111111111111
1605 4789 1708 4844 fratri:
1725 4790 1782 4845 Non

149 4884 177 4934 et
192 4879 237 4934 hic
251 4885 312 4935 erat
325 4879 576 4945 nominatissimus,
588 4878 663 4951 ,quia
680 4879 756 4933 solus
776 4878 806 4933 in
829 4880 945 4935 eeclesia
986 4880 1037 4934 tibi
1051 4896 1164 4953 possum
1173 4897 1236 4933 earn
1247 4881 1324 4946 dave,
1336 4879 1402 4951 quia
1414 4879 1560 4933 Deustuus
1569 4878 1784 4951 adhueadjuvat

148 4965 265 5022 sedebat
274 4967 302 5022 in
318 4968 505 5024 desertoloco.
520 4969 557 5025 Et
570 4983 643 5034 ecce,
657 4968 740 5037 juxta
754 4968 945 5038 operationem
986 4974 1024 5035 te,
1046 4975 1074 5023 et
1087 4985 1144 5023 non
1159 4966 1782 5032 1111111111.Η111111111111“11111,1111111

150 5057 272 5122 Satanae,
289 5057 390 5112 mulier
404 5058 531 5128 quadam
545 5057 694 5112 inhonesta
712 5055 830 5110 audiens
844 5056 878 5110 de
901 5073 945 5125 eo,
987 5058 1187 5131 semetipsum:
1206 5058 1235 5113 Si
1249 5062 1358 5113 tantam
1377 5056 1533 5111 bonitatem
1553 5056 1679 5112 ostendit
1692 5055 1723 5111 in
1742 5070 1782 5110 me

149 5145 260 5202 dicebat
268 5147 434 5215 juvenibus:
447 5146 519 5211 Quid
528 5146 598 5200 milvi
614 5144 695 5200 vultis
709 5144 786 5211 dare,
797 5150 825 5199 et
836 5145 945 5218 depono
986 5145 1070 5213 Deus,
1089 5164 1152 5203 cuin
1171 5163 1223 5218 ego
1240 5146 1334 5201 infelix
1344 5144 1503 5217 negaverim
1514 5143 1655 5216 etipsum‚
1677 5148 1708 5200 et
1719 5143 1783 5216 bap-

148 5236 233 5293 istum
249 5233 405 5288 solitarium
418 5235 560 5290 1111111111
572 5235 616 5289 1111
631 5240 725 5289 autem
740 5234 947 5290 constituerunt
986 5235 1110 5302 tisinum,
1128 5243 1157 5291 et
1165 5236 1338 5308 propositum
1349 5234 1489 5302 monachi,
1502 5233 1592 5288 bonus
1607 5238 1705 5289 autem
1714 5234 1783 5291 Deus

148 5326 175 5382 ei
184 5330 292 5379 certum
304 5321 370 5393 quid
380 5324 455 5394 quod
462 5325 563 5378 darent
574 5323 609 5378 ei.
619 5324 685 5385 Quae
696 5339 811 5393 egressa
820 5342 942 5396 vespere,
987 5325 1072 5380 etiam
1086 5324 1124 5379 sic
1140 5325 1246 5379 malurn
1259 5341 1334 5379 nunc
1346 5339 1435 5393 usque
1449 5322 1564 5394 adjuvat
1587 5339 1643 5390 me,
1666 5339 1720 5378 cur
1736 5336 1783 5394 ego

150 5414 307 5470 venitvelut
315 5428 413 5467 errans
423 5412 458 5466 ad
469 5412 566 5467 cellam
579 5413 640 5482 ejus
650 5431 655 5479 ;
666 5418 764 5467 etcum
774 5413 900 5484 pulsaret
910 5413 945 5469 ad
987 5413 1116 5468 recedam
1132 5413 1166 5467 ab
1181 5413 1236 5468 eof
1251 5414 1285 5468 Et
1294 5412 1514 5484 insemetipsum
1529 5427 1670 5479 reversus,
1683 5412 1784 5484 recepit

148 5505 398 5576 cellam,egressus
408 5501 502 5558 1111111
511 5520 518 5570 ;
528 5507 556 5556 et
564 5501 659 5557 videns
675 5518 737 5558 eam
751 5501 880 5560 turbatus
891 5509 943 5572 est,
986 5502 1167 5561 sobrietatem
1180 5503 1292 5572 mentis,
1304 5506 1332 5558 et
1342 5501 1592 5561 venitineremum
1602 5501 1639 5559 ad
1653 5517 1784 5578 maguum
