3818 6120
133 263 187 325 aex
348 241 354 248 ’
522 271 607 326 vira
625 272 754 333 saxon
773 275 951 335 axeeoau
969 279 1121 339 nasius
1140 230 1398 341 rxaauanasrs.
1723 285 1775 345 aaa

132 393 298 464 respondit:
311 393 473 464 Quingenti.
483 394 571 448 Etille
583 413 588 447 :
601 395 692 461 Deler,
706 398 966 468 inquit,huc0m·A
977 403 1016 459 Ex
1039 405 1091 459 hoc
1116 407 1249 463 innocens
1271 425 1319 463 ero
1330 427 1336 473 3
1348 425 1396 462 uos
1408 407 1543 475 videritis,
1557 409 1581 463 si
1595 425 1698 481 eaquae
1708 416 1774 465 sunt

133 497 196 548 nes,
214 487 247 537 ut
262 482 379 537 videam.
392 483 445 546 Qui
454 500 518 537 cum
531 483 742 545 fuissentallati.
755 489 883 559 protinus
891 508 938 546 eos
979 499 1056 548 recta
1072 496 1242 565 respueritis.
1261 497 1340 560 Quod
1362 497 1385 551 si
1403 497 1472 550 mihi
1487 498 1570 553 vultis
1587 499 1773 569 acquiescere,

132 570 200 641 igne
217 571 362 642 supposito
374 572 557 642 jussitcxuri.
573 575 650 627 Tune
665 575 705 628 ait
716 576 769 629 illis
784 597 788 629 :
802 578 879 633 Sicut
891 597 937 634 vos
978 582 1092 654 Deoque
1107 585 1216 654 placere
1230 602 1280 656 per
1292 585 1396 645 omnia,
1413 591 1525 640 carietes
1540 587 1672 656 Origenis
1688 589 1775 642 libros

131 660 270 715 traditam
284 660 936 735 tobisergadispensationemhatrurmegulam
977 669 1007 724 in
1023 672 1127 725 llurneu
1143 673 1270 741 mergite,
1289 689 1324 726 ne
1344 671 1378 726 ab
1394 673 1448 726 illis
1463 691 1509 727 ros
1528 674 1578 747 ipsi
1595 677 1772 746 mergamini.

132 747 312 820 despexistis,
330 749 368 804 sic
379 767 430 820 ego
444 751 548 822 passim
562 751 669 806 labores
682 761 788 808 vestros
807 756 936 811 incendio
978 759 1043 813 Hace
1059 759 1163 827 dicens,
1183 761 1312 815 discessit
1326 761 1360 814 ab
1376 762 1425 815 eis.
1449 763 1483 815 Et.
1497 764 1608 816 rediens
1622 765 1655 818 ad
1672 767 1776 820 exerei-

131 839 465 909 concremari,quntenus
473 842 647 909 cognoscatis
657 859 739 911 quam
748 844 933 914 perniciosum
976 847 1047 902 tium
1064 848 1152 902 solitae
1168 849 1288 912 virtutis,
1306 851 1411 920 reperit
1425 850 1526 905 tratres
1535 852 1564 905 in
1575 869 1600 905 01
1609 854 1702 907 atione
1712 872 1776 909 con-

132 927 171 982 sit
185 927 304 982 Patrum
316 928 446 983 instituta
458 929 622 995 eom'ellere,
639 947 699 1000 quae
711 948 761 1001 pro
776 932 934 988 animarum
976 935 1082 1001 sistere,
1100 954 1164 991 eum
1173 938 1273 1009 quibus
1287 939 1417 993 alacriter
1429 940 1548 1011 hymnos
1562 942 1706 997 cantilena
1716 944 1774 1015 spi·
1852 937 1860 945 ’

131 1017 228 1071 salute
242 1017 353 1087 provisa
363 1025 438 1071 sunt.
452 1021 495 1071 An
509 1018 646 1088 ignoratis
655 1020 727 1090 (quod
735 1021 889 1090 gloriosum
899 1023 936 1077 sit
976 1025 1066 1080 ritalis
1080 1026 1219 1098 explicuit.

130 1122 247 1177 temper
261 1107 402 1162 abstinere
417 1109 619 1178 praesentibus?
632 1111 703 1164 Nae:
716 1110 809 1183 siquis
820 1112 894 1168 aben
904 1131 934 1167 re
1011 1113 1077 1170 Cau.
1093 1116 1174 1170 XLV.
1193 1146 1228 1156 -
1238 1115 1382 1170 blonachis
1393 1117 1480 1187 igitur
1491 1119 1524 1171 ad
1535 1122 1701 1175 vescendum
1712 1139 1775 1177 con·

130 1212 194 1267 quae
215 1196 246 1250 in
264 1197 325 1267 ejus
341 1202 534 1269 estpotestate
548 1197 642 1254 divina
665 1200 888 1256 consideratione
904 1219 933 1257 se
975 1202 1159 1269 venientibus,
1175 1205 1340 1259 venerabilis
1354 1223 1438 1259 senex
1449 1206 1477 1260 in
1492 1209 1632 1273 cellulam,
1650 1209 1696 1263 ubi
1706 1228 1773 1264 con·

129 1285 268 1353 eontinet,
286 1302 418 1356 magnum
428 1288 609 1357 consequitur
619 1304 635 1341 a
645 1289 762 1343 Domino
775 1291 931 1361 praemium.
975 1296 1104 1346 sueverat
1116 1293 1274 1363 supplicare
1289 1293 1417 1358 Domino,
1432 1311 1461 1348 se
1472 1297 1585 1368 recepit.
1598 1298 1631 1350 Et
1641 1296 1774 1353 obserans

130 1373 172 1427 ab
192 1391 229 1427 ea
243 1391 308 1428 vero
324 1392 362 1440 re,
379 1377 458 1446 eujus
480 1376 575 1429 utendi
595 1377 736 1432 licentiam
763 1395 817 1432 non
838 1380 931 1446 habet,
974 1379 1078 1434 ostium
1091 1381 1190 1434 orabat
1199 1381 1548 1447 intente,memorrisionis
1558 1403 1641 1457 quam
1650 1387 1775 1458 aliquan·

131 1463 257 1533 quadam
265 1464 560 1519 nosciturneeessitate
567 1465 700 1532 cohiberi,
713 1472 740 1521 et
751 1467 934 1540 ideopropter
974 1466 1009 1520 do
1025 1476 1224 1539 conspexerat3
1242 1476 1269 1524 et
1284 1470 1448 1526 obsecrabat
1458 1474 1620 1538 Dominum,
1635 1482 1774 1545 quatenus

129 1549 332 1607 abstinentiam
340 1558 464 1615 coacutm
476 1559 560 1624 atque
571 1555 699 1608 inutilem
710 1556 815 1610 frustra
824 1557 934 1612 ridetur
975 1555 1000 1609 ei
1015 1557 1284 1614 declararetstatum
1296 1562 1496 1615 iuouachorum
1510 1563 1558 1634 qui
1566 1563 1678 1617 futurus
1689 1574 1773 1629 esset,

119 1647 294 1712 exspectare
309 1643 610 1715 mercedemDenique
625 1662 689 1698 cum
701 1646 796 1714 plures
806 1663 874 1700 escae
886 1664 933 1718 ap·
974 1645 1017 1698 vel
1030 1647 1095 1717 quid
1111 1654 1174 1717 post
1196 1649 1257 1718 ejus
1277 1649 1383 1704 obitum
1410 1651 1531 1706 intanta
1558 1654 1774 1723 congregatione

130 1731 230 1801 positae
245 1730 360 1790 suerint.
372 1731 395 1785 si
405 1732 506 1785 fratres
517 1733 628 1802 parcius
636 1733 679 1786 his
692 1739 810 1788 utuntur
818 1742 932 1807 propter
942 1757 964 1814 B
974 1735 1166 1805 contingeret3
1183 1744 1211 1791 et
1225 1737 1260 1791 ab
1273 1739 1343 1792 hora
1353 1757 1427 1793 nona
1441 1741 1647 1811 usqueadillud
1661 1748 1773 1814 tempus

129 1818 232 1883 Deum,
250 1827 317 1874 tunc
333 1821 406 1891 apud
419 1821 507 1874 Deum
523 1820 575 1875 sibi
591 1822 742 1876 maximam
756 1841 834 1894 spem
850 1843 931 1896 repo·
976 1840 1031 1893 quo
1044 1823 1130 1878 frater
1144 1827 1191 1896 qui
1206 1828 1350 1880 nocturnis
1362 1828 1534 1883 orationibus
1546 1837 1665 1900 praeerat
1677 1848 1771 1884 rocem

131 1915 214 1965 nunt.
232 1910 275 1964 De
291 1909 359 1963 cibis
371 1916 465 1965 autem
481 1928 550 1981 quos
564 1928 620 1965 non
634 1911 737 1977 rident,
765 1930 816 1967 nec
836 1914 876 1968 eis
899 1916 934 1970 ad
975 1912 1109 1979 mitteret,
1127 1915 1203 1967 etad
1219 1933 1315 1985 preces
1337 1917 1433 1970 solitis
1449 1917 1590 1983 excitaret,
1606 1918 1771 1973 instantiam

128 1998 344 2069 percipiendum
363 1998 480 2053 facultas
496 1999 552 2053 ulla
567 1999 710 2067 tribuitur,
728 2003 868 2072 quomodo
883 2021 933 2074 pro
975 2018 1031 2055 sure
1047 2003 1257 2074 supplicationis
1273 2005 1406 2059 extendit.
1420 2006 1546 2076 Cumque
1556 2013 1719 2078 precaretur
1732 2013 1773 2062 at-

127 2087 305 2161 parcimonia
318 2088 464 2158 praemium
479 2088 658 2143 conceditur?
678 2090 799 2162 Ideoque
819 2098 933 2164 propter
974 2089 1088 2146 tentius.
1101 2090 1661 2148 subitacircamediamnoctemvisionem
1671 2096 1772 2164 cernit,

128 2177 245 2247 exiguos
258 2193 321 2230 sum
326 2182 390 2247 ptus
397 2176 600 2231 tantasratrum
610 2194 665 2232 non
675 2176 773 2233 debuit
783 2179 931 2236 intermitti
974 2194 1035 2248 quae
1051 2196 1115 2232 eum
1128 2180 1208 2249 juxta
1218 2181 1382 2251 petitionem
1392 2181 1534 2252 propriam
1546 2182 1580 2235 de
1592 2188 1666 2236 statu
1682 2191 1774 2255 poste-

129 2265 326 2321 commoditas.
974 2269 1774 2339 rorumsuorumpleniusedoceret.Nammonasteriasua

161 2353 231 2407 Cae.
249 2354 346 2409 XLIV.
360 2385 391 2394 -
402 2356 466 2411 Hae
479 2373 541 2410 cum
553 2356 758 2428 loquereturad
774 2374 830 2424 em,
842 2358 932 2412 etsul·
973 2355 1166 2411 vehementius
1178 2357 1330 2422 dilatando,
1343 2359 1548 2429 nortnullosque
1559 2358 1602 2431 pie
1614 2359 1734 2414 victuros
1745 2366 1774 2415 et

130 2442 258 2499 ficientes
274 2460 371 2497 eorum
388 2444 489 2498 delicta
502 2445 663 2515 corriperet,
677 2446 808 2500 ostiarius
818 2448 852 2501 ad
869 2464 932 2501 euru
975 2445 1153 2498 continenter
1169 2447 1572 2517 agnorihneglecturosetiam
1584 2448 1719 2518 plurimos
1733 2449 1773 2502 di·

130 2531 248 2586 lestinus
260 2532 404 2603 ingressus
422 2540 472 2594 est,
492 2551 608 2605 magnos
624 2536 696 2589 viros
712 2542 739 2589 et
750 2537 933 2591 anachoretas
975 2532 1195 2605 dicit,suamque
1203 2536 1323 2589 salutem
1333 2536 1443 2607 penitus
1451 2553 1512 2590 csse
1522 2536 1773 2607 perditurae.l³idit

130 2622 258 2693 egregios
277 2622 405 2675 indicans
421 2622 572 2681 advenisse.
586 2623 633 2693 qui
647 2640 712 2677 eum
720 2625 811 2678 ridere
827 2625 934 2679 deside·
975 2639 1050 2692 ergo,
1060 2623 1131 2677 sicut
1142 2624 1341 2694 ipsennrraxit,
1354 2625 1771 2681 multitudinemmonachorum

133 2711 405 2774 rarentQuosillico
417 2712 502 2781 jussit
516 2713 632 2778 intrare,
642 2712 790 2785 debitaque
806 2731 934 2768 reseren-
976 2710 1003 2764 in
1015 2711 1084 2765 xalle
1095 2713 1216 2782 (putidam
1233 2713 1443 2783 protundasatis
1455 2719 1538 2784 atque
1548 2714 1700 2783 caliginosa
1710 2732 1774 2770 con·

131 2800 166 2857 ta
176 2800 310 2854 salutans
321 2817 378 2866 eoa,
387 2807 450 2870 post
460 2801 615 2855 orationem
624 2820 675 2873 per
687 2800 804 2856 fratrum
815 2803 935 2857 ductabat
976 2800 1083 2856 sistere.
1093 2800 1199 2854 etalios
1212 2800 1310 2855 exinde
1321 2802 1389 2854 nelle
1398 2803 1593 2864 conscendere,
1606 2820 1657 2857 nec
1668 2805 1769 2869 valere,

130 2890 253 2955 cellulae,
272 2897 301 2942 et
315 2891 410 2944 oxnuia
428 2890 467 2943 eis
482 2891 644 2944 monasterii
664 2892 724 2944 loca
749 2892 932 2946 monstrabat.
977 2888 1042 2958 quia
1057 2887 1241 2942 occurrebant
1255 2906 1287 2942 ex
1304 2890 1420 2943 adverso
1440 2890 1502 2958 sibi,
1519 2908 1570 2944 nec
1591 2891 1708 2946 imicem
1729 2893 1772 2945 di-

132 2978 181 3044 Qui
196 2985 373 3050 rogaverunt
384 2995 479 3033 senem
491 2985 522 3031 ut
532 2997 593 3033 cum
605 2980 680 3032 code
691 2979 935 3050 quibuscuperent
974 2991 1109 3045 gnoscere
1120 2982 1259 3049 poterant,
1273 2995 1323 3032 nec
1336 2980 1371 3032 de
1383 2979 1521 3050 profundo
1532 2980 1580 3033 illo
1589 2981 1771 3035 ettcnebroso

131 3067 210 3122 rebus
220 3073 332 3122 secreto
346 3069 536 3138 loquerentur.
554 3069 703 3123 Tunexero
714 3068 793 3121 duxit
804 3085 851 3122 eos
862 3071 966 3131 seor-G
976 3064 1037 3118 loco
1052 3082 1165 3135 prorsus
1181 3083 1324 3136 emergere
1336 3087 1340 3120 :
1352 3068 1422 3122 alius
1438 3075 1532 3123 autem
1541 3069 1645 3123 frustra
1659 3074 1773 3123 conatos

134 3174 201 3220 sum,
215 3157 349 3226 seditque
362 3173 425 3210 cum
441 3156 481 3209 eis
507 3156 667 3211 lllisautem
683 3155 717 3209 de
733 3156 816 3210 rebus
830 3157 933 3212 abditis
974 3170 1030 3225 prae
1045 3154 1210 3208 lassitudine
1224 3172 1315 3221 ruere,
1336 3162 1420 3226 atque
1436 3157 1469 3209 ad
1486 3156 1592 3210 inferos
1607 3158 1768 3227 pervenire3

134 3251 213 3317 atque
225 3244 430 3299 arcanisaltius
440 3244 657 3314 disputantibus,
670 3245 933 3315 coepitsanctusPa-
974 3242 1052 3303 alios,
1059 3244 1194 3312 jacentes,
1209 3244 1399 3297 miserabilius
1416 3244 1571 3316 lacrymosa
1580 3263 1644 3298 varie
1655 3245 1769 3314 deflere;

135 3332 258 3388 themius
270 3333 384 3387 odorem
405 3333 509 3386 sentire
521 3333 707 3386 teterrimum.
723 3334 842 3387 Videbat
856 3335 942 3391 enim·
974 3332 1123 3386 nonnullos
1146 3349 1211 3385 xero
1236 3348 1299 3387 cum
1319 3333 1439 3386 maximo
1460 3333 1554 3386 labore
1571 3334 1766 3394 conscendere,

136 3438 176 3476 eos
186 3423 299 3476 exculto
310 3422 378 3475 satis
388 3421 575 3482 utisermone,
592 3422 655 3475 etin
668 3423 818 3492 Scripturis
829 3424 932 3478 sanctis
973 3423 1073 3492 quibus
1089 3423 1116 3476 in
1134 3440 1251 3478 ascensu
1270 3423 1329 3494 ipse
1344 3424 1389 3477 lux
1407 3425 1535 3494 protinus
1548 3424 1721 3486 occurrebat,
1738 3426 1768 3478 in

137 3517 243 3581 paratos
255 3511 386 3577 existere,
403 3527 453 3564 nec
467 3516 578 3581 poterat
593 3511 627 3563 de
641 3511 820 3566 intolerantia
836 3511 932 3566 fetoris
973 3528 1029 3582 qua
1043 3513 1188 3567 constituti
1203 3512 1361 3566 referebant
1375 3513 1432 3567 Dea
1446 3513 1552 3583 gratias
1564 3513 1638 3584 quod
1653 3515 1770 3569 evadere

138 3599 236 3673 aliquid
253 3600 299 3653 xel
313 3600 445 3670 cogitare,
463 3600 504 3653 xel
515 3600 616 3653 dicere.
635 3599 685 3653 Ubi
700 3616 766 3669 crgo
784 3601 817 3655 de
832 3601 932 3655 divinis
974 3595 1141 3666 potuissent.
1159 3598 1202 3650 lta
1215 3596 1382 3650 Pachomius
1395 3596 1598 3668 intellexitque
1613 3597 1769 3652 novissimis

139 3688 249 3761 eloquiis
260 3689 368 3743 diutius
379 3689 564 3759 disputarent,
583 3694 611 3741 et
626 3689 694 3743 hora
710 3706 783 3743 nona
793 3691 853 3760 jam
864 3692 932 3743 rate·
974 3691 1067 3738 essent
1086 3692 1220 3739 eventura
1234 3684 1407 3756 temporibus
1420 3704 1426 3752 3
1442 3685 1651 3756 caecitatemque
1667 3688 1769 3740 incentis

139 3776 228 3832 caenis
238 3785 354 3848 tempus
372 3777 516 3842 indiceret,
531 3785 678 3847 surgentes
694 3778 756 3848 ipsi,
773 3795 835 3831 mox
854 3779 931 3834 abire
973 3790 1070 3828 eorum
1086 3775 1132 3847 qui
1143 3775 1299 3845 postfuturi
1312 3779 1387 3837 suut,
1399 3781 1561 3828 eterrorem
1578 3775 1676 3840 cordis,
1688 3775 1772 3830 bono-

82 3880 84 3889 ·
140 3866 289 3922 voluerunt.
306 3865 382 3930 Quos
392 3873 504 3920 sanetus
519 3866 561 3919 xir
573 3865 679 3920 enixius
691 3866 789 3920 orabat
800 3874 830 3920 ut
840 3867 931 3921 cibum
973 3879 1092 3933 rumque
1103 3863 1241 3917 detectum
1254 3863 1333 3917 valde
1347 3863 1447 3931 doluit,
1466 3864 1585 3918 rnaxime
1605 3881 1679 3930 vero,
1696 3866 1770 3936 quod

82 3998 84 4003 .
140 3955 397 4025 paritersumerent.
406 3955 616 4019 Quinoluexunt
625 3955 736 4025 penitus
744 3956 929 4025 acquiescere,
973 3951 1113 4022 prepositi
1127 3960 1194 4005 tunc
1208 3952 1381 4021 negligentes
1394 3969 1427 4005 ac
1439 3952 1550 4006 desides
1563 3953 1663 4018 forent,
1676 3972 1727 4009 nec
1742 3955 1771 4008 in

82 4046 84 4051 ’
141 4041 254 4100 licernes
280 4044 414 4100 lestinare
429 4061 458 4098 se
473 4048 538 4097 ante
554 4060 683 4097 occasum
703 4044 769 4096 solis
791 4050 880 4110 13⁰2
896 4045 930 4098 ad
972 4039 1216 4105 Deocontiderent,
1226 4041 1605 4096 sedconcordiediscordiose
1613 4047 1771 4108 uterentur,

141 4135 243 4205 propria
271 4149 408 4188 remeare.
432 4133 467 4187 Et
492 4133 552 4186 vale
576 4131 701 4186 dieentes
715 4133 750 4199 ei,
767 4132 827 4186 sine
851 4149 929 4188 mora
972 4128 1113 4198 placentes
1128 4128 1448 4196 stultaemultitudini,0t
1458 4136 1632 4185 ostentantes
1641 4130 1769 4185 habitum

140 4223 536 4291 prosectisunt.ll1nesancttrs
548 4219 713 4274 Pacliomius
725 4220 818 4274 volens
827 4222 930 4276 certius
971 4218 1181 4277 monachorum,
1199 4218 1331 4287 nullaque
1344 4217 1414 4271 bona
1425 4234 1509 4289 opera
1525 4219 1712 4288 preferentes.
1723 4221 1770 4272 Se-

140 4325 242 4368 causam
251 4311 351 4371 fetoris
360 4311 553 4381 agnoscerem
563 4309 719 4363 orationem
731 4310 928 4380 prosternitur,
972 4304 1027 4358 mel
1040 4310 1133 4359 autem
1144 4305 1430 4376 pessimisprimatum
1441 4307 1611 4373 tenentibus,
1622 4307 1770 4378 ipsumque

139 4415 247 4457 exorans
262 4400 416 4456 Dominum
426 4405 567 4471 quatenus
577 4398 628 4452 sibi
640 4398 736 4470 quales
753 4403 846 4452 essent
860 4416 962 4482 pan-D
972 4409 1073 4447 nornen
1084 4401 1185 4448 sanctae
1195 4394 1414 4448 conversationis
1431 4395 1634 4465 ignorantibus
1654 4413 1765 4450 necesse

139 4488 195 4544 dere
208 4492 387 4562 dignaretur.
412 4490 531 4560 Moxque
546 4487 677 4557 cognovit
691 4487 765 4558 quod
778 4487 931 4558 impietatis
973 4490 1015 4537 est
1029 4484 1222 4537 aemulationes
1233 4500 1265 4536 ac
1272 4484 1368 4554 jurgia
1377 4485 1517 4554 generari,
1528 4484 1625 4556 etquis
1639 4484 1771 4555 prasitac

137 4592 228 4633 eorum
238 4578 383 4649 dogmata,
395 4576 496 4649 quibus
507 4574 697 4646 probabantur
707 4573 931 4638 imbutttanmm
973 4573 1064 4643 major
1078 4572 1123 4636 sit,
1142 4571 1291 4627 aiiibitiosa
1306 4573 1355 4626 lite
1367 4572 1537 4626 contendere
1552 4592 1560 4637 ,·
1582 4578 1610 4627 et
1625 4571 1769 4643 reprobari

135 4667 285 4736 perniciem
299 4666 335 4720 de
348 4682 445 4721 eorum
456 4664 585 4719 cordibus
594 4664 765 4718 exhalarent.
778 4663 930 4731 Necmora,
973 4660 1087 4731 quidem
1098 4660 1193 4727 bonos,
1207 4677 1239 4714 ac
1249 4661 1420 4731 rnaloseligi3
1434 4678 1486 4715 nec
1500 4660 1637 4730 probitate
1646 4677 1767 4726 tuorum,

134 4754 203 4810 viros
211 4757 288 4829 ipsos
298 4755 467 4825 insequitur,
474 4759 502 4808 et
511 4752 692 4826 apprehensis
702 4752 754 4806 ait:
766 4752 858 4807 Unum
870 4755 931 4808 volo
972 4750 1021 4804 sed
1035 4749 1204 4821 antiquitate
1214 4750 1256 4803 vel
1264 4749 1361 4804 ordine
1372 4765 1602 4820 unumquemque
1611 4750 1679 4803 velle
1691 4755 1771 4805 caete-

132 4859 177 4899 ποθ
188 4845 532 4915 interrogaresermonem
553 4842 605 4906 Qui
615 4841 760 4895 dixerunt:
774 4840 929 4913 Interroga.
973 4838 1160 4893 risanteierri.
1176 4839 1256 4894 Unde
1267 4855 1358 4911 neque
1368 4839 1463 4911 aliqua
1473 4837 1553 4891 bonis
1563 4837 1770 4909 ririsloquendi

131 4933 287 5007 Numquid,
302 4933 352 4993 ait.
367 4932 497 5004 Origenis
509 4936 667 4985 commenta
677 4929 802 5000 legistis?
816 4930 869 4994 Qui
885 4947 931 4985 ne·
972 4928 1074 4983 fiducia
1088 4927 1195 4982 suberit
1206 4944 1256 4997 pro
1272 4927 1393 4980 utilitate
1408 4926 1561 4991 communi,
1578 4926 1626 4981 sed
1643 4933 1727 4982 erunt
1741 4929 1771 4983 in

129 5031 239 5097 antes,
262 5024 394 5078 dixe-,nat
412 5040 417 5075 :
437 5023 631 5093 Nequaquam.
656 5019 762 5084 Quibus
787 5019 845 5073 ait:
863 5021 931 5075 Ecce
972 5017 1081 5072 silentio
1105 5023 1134 5070 ct
1151 5016 1253 5087 quiete,
1279 5021 1329 5069 aut
1347 5021 1421 5070 certe
1438 5015 1490 5069 sub
1512 5016 1603 5070 colore
1617 5017 1771 5074 honestatis

128 5107 331 5169 'contestor-vos
344 5128 439 5166 coram
452 5111 581 5175 Domino,
598 5109 672 5180 quod
687 5108 871 5163 omnishomo
882 5110 929 5180 qui
971 5105 1080 5177 magnis
1089 5103 1330 5177 persecutionibus
1341 5104 1512 5176 affligentur.
1525 5105 1559 5159 Et
1569 5105 1635 5177 quid
1648 5112 1691 5160 est
1701 5124 1772 5178 opus

129 5201 197 5275 legit
206 5202 371 5272 Origenem‚
384 5206 412 5255 et
421 5198 561 5253 consentit
570 5197 612 5251 his
622 5213 682 5266 quae
693 5213 776 5267 prave
786 5197 928 5263 disseruit,
972 5195 1083 5265 singula
1097 5209 1252 5258 recensere,
1268 5210 1330 5246 cum
1342 5194 1436 5247 onmia
1445 5211 1582 5268 peneque
1593 5202 1658 5249 sunt
1667 5196 1771 5266 regulis

128 5291 156 5346 in
172 5290 316 5361 profunda
330 5289 473 5361 perveniet
479 5287 641 5350 interorum,
655 5284 860 5357 haereditasque
870 5287 930 5356 ejus
971 5283 1207 5349 subnixadirinis,
1219 5283 1349 5337 humanis
1360 5284 1608 5340 conunutabuutur
1618 5284 1770 5339 illecebris?

128 5387 213 5437 eruin
229 5395 338 5433 vermes
354 5383 383 5432 et
396 5376 545 5431 exteriores
560 5373 692 5440 tenebrae,
710 5374 810 5444 quibus
821 5374 931 5445 iniquo·
971 5374 1049 5426 Tunc
1065 5372 1231 5425 Pachomius
1246 5371 1411 5426 exclamarit
1426 5373 1460 5426 ad
1476 5374 1636 5439 Dominum,
1654 5391 1716 5426 curn
1727 5374 1769 5426 la·

130 5486 194 5527 retu
209 5468 315 5523 anime
329 5467 390 5521 sine
406 5469 460 5520 line
470 5464 632 5538 punientur.
644 5463 683 5517 En
699 5479 760 5533 ego,
774 5463 848 5533 quod
864 5463 933 5517 milu
974 5460 1077 5533 crymis
1091 5460 1194 5513 dicens:
1204 5460 1387 5533 Omnipotens
1402 5462 1486 5526 Deus,
1498 5461 1569 5515 sisic
1584 5461 1646 5521 erit,
1663 5462 1769 5532 utquid

130 5558 348 5617 manifestatum
360 5560 427 5611 esta
436 5555 565 5620 Domino,
577 5553 653 5608 vobis
664 5552 781 5609 sollicite
797 5552 931 5614 annueri.
975 5548 1127 5622 permisisti
1137 5548 1264 5605 eoenobia
1277 5548 1330 5604 ista
1343 5550 1488 5606 constituit
1495 5549 1524 5605 Si
1534 5549 1609 5603 enim
1620 5549 1649 5602 in
1663 5554 1770 5620 tempo-
