<?xml version="1.0" encoding="UTF-8"?>
<!DOCTYPE html PUBLIC "-//W3C//DTD XHTML 1.0 Transitional//EN"
    "http://www.w3.org/TR/xhtml1/DTD/xhtml1-transitional.dtd">
<html xmlns="http://www.w3.org/1999/xhtml" xml:lang="en" lang="en">
 <head>
  <title>
</title>
<meta http-equiv="Content-Type" content="text/html;charset=utf-8" />
  <meta name='ocr-system' content='tesseract 3.04.00' />
  <meta name='ocr-capabilities' content='ocr_page ocr_carea ocr_par ocr_line ocrx_word'/>
</head>
<body>
  <div class='ocr_page' id='page_1' title='image "./patrologiaecurs38unkngoog_0040.png"; bbox 0 0 3818 6120; ppageno 0'>
   <div class='ocr_carea' id='block_1_1' title="bbox 95 262 1729 340">
    <p class='ocr_par' dir='ltr' id='par_1_1' title="bbox 95 262 1729 340">
     <span class='ocr_line' id='line_1_1' title="bbox 95 262 1729 340; baseline 0.012 -20"><span class='ocrx_word' id='word_1_1' title='bbox 95 262 132 320; x_wconf 84' lang='grc'>69</span> <span class='ocrx_word' id='word_1_2' title='bbox 726 273 1027 333; x_wconf 78' lang='lat' dir='ltr'>PROLEGOMENON</span> <span class='ocrx_word' id='word_1_3' title='bbox 1044 278 1104 334; x_wconf 84' lang='lat' dir='ltr'>XX.</span> <span class='ocrx_word' id='word_1_4' title='bbox 1692 282 1729 340; x_wconf 80' lang='lat'>70</span> 
     </span>
    </p>
   </div>
   <div class='ocr_carea' id='block_1_2' title="bbox 76 391 1728 2432">
    <p class='ocr_par' dir='ltr' id='par_1_2' title="bbox 76 391 1728 2432">
     <span class='ocr_line' id='line_1_2' title="bbox 92 391 1724 477; baseline 0.01 -33"><span class='ocrx_word' id='word_1_5' title='bbox 92 391 1005 463; x_wconf 73' lang='lat' dir='ltr'>eatHemeditetiom&#39;busonecboretcrum.Indesubnecti-hanno</span> <span class='ocrx_word' id='word_1_6' title='bbox 1020 402 1152 476; x_wconf 78' lang='lat' dir='ltr'>telequi</span> <span class='ocrx_word' id='word_1_7' title='bbox 1173 400 1261 474; x_wconf 83' lang='lat' dir='ltr'>priori</span> <span class='ocrx_word' id='word_1_8' title='bbox 1278 402 1430 473; x_wconf 85' lang='lat' dir='ltr'>proximus,</span> <span class='ocrx_word' id='word_1_9' title='bbox 1456 403 1507 459; x_wconf 89' lang='lat' dir='ltr'>hac</span> <span class='ocrx_word' id='word_1_10' title='bbox 1527 405 1724 477; x_wconf 79' lang='lat' dir='ltr'>inscriptione³</span> 
     </span>
     <span class='ocr_line' id='line_1_3' title="bbox 90 480 1728 565; baseline 0.01 -32"><span class='ocrx_word' id='word_1_11' title='bbox 90 483 140 534; x_wconf 90' lang='lat' dir='ltr'>tur</span> <span class='ocrx_word' id='word_1_12' title='bbox 153 480 320 550; x_wconf 90' lang='lat' dir='ltr'>opusculum</span> <span class='ocrx_word' id='word_1_13' title='bbox 333 483 462 538; x_wconf 85' lang='lat' dir='ltr'>Hetcude</span> <span class='ocrx_word' id='word_1_14' title='bbox 475 490 499 539; x_wconf 91' lang='lat' dir='ltr'>et</span> <span class='ocrx_word' id='word_1_15' title='bbox 513 488 764 552; x_wconf 71' lang='lat' dir='ltr'>effecturirtutmn.</span> <span class='ocrx_word' id='word_1_16' title='bbox 936 493 997 546; x_wconf 79' lang='lat' dir='ltr'>Vite</span> <span class='ocrx_word' id='word_1_17' title='bbox 1021 499 1180 548; x_wconf 81' lang='lat' dir='ltr'>sanctorum</span> <span class='ocrx_word' id='word_1_18' title='bbox 1204 491 1334 558; x_wconf 87' lang='lat' dir='ltr'>Petrum,</span> <span class='ocrx_word' id='word_1_19' title='bbox 1355 495 1452 547; x_wconf 83' lang='lat' dir='ltr'>ceteris</span> <span class='ocrx_word' id='word_1_20' title='bbox 1480 495 1618 549; x_wconf 77' lang='lat' dir='ltr'>catholice</span> <span class='ocrx_word' id='word_1_21' title='bbox 1645 501 1728 565; x_wconf 86' lang='lat' dir='ltr'>etque</span> 
     </span>
     <span class='ocr_line' id='line_1_4' title="bbox 127 567 1727 650; baseline 0.01 -29"><span class='ocrx_word' id='word_1_22' title='bbox 127 567 208 623; x_wconf 82' lang='lat' dir='ltr'>lianc</span> <span class='ocrx_word' id='word_1_23' title='bbox 231 569 391 638; x_wconf 82' lang='lat' dir='ltr'>editionem,</span> <span class='ocrx_word' id='word_1_24' title='bbox 415 572 473 627; x_wconf 88' lang='lat' dir='ltr'>sive</span> <span class='ocrx_word' id='word_1_25' title='bbox 494 573 579 644; x_wconf 86' lang='lat' dir='ltr'>hujus</span> <span class='ocrx_word' id='word_1_26' title='bbox 601 575 732 631; x_wconf 86' lang='lat' dir='ltr'>editionis</span> <span class='ocrx_word' id='word_1_27' title='bbox 748 578 886 645; x_wconf 85' lang='lat' dir='ltr'>ordinem,</span> <span class='ocrx_word' id='word_1_28' title='bbox 928 584 1079 649; x_wconf 79' lang='lat' dir='ltr'>apostolice</span> <span class='ocrx_word' id='word_1_29' title='bbox 1093 583 1214 635; x_wconf 76' lang='lat' dir='ltr'>Ecclesia</span> <span class='ocrx_word' id='word_1_30' title='bbox 1225 581 1308 646; x_wconf 79' lang='lat' dir='ltr'>dicto,</span> <span class='ocrx_word' id='word_1_31' title='bbox 1319 585 1445 650; x_wconf 76' lang='lat' dir='ltr'>pesteque</span> <span class='ocrx_word' id='word_1_32' title='bbox 1455 584 1581 650; x_wconf 70' lang='lat' dir='ltr'>instante</span> <span class='ocrx_word' id='word_1_33' title='bbox 1596 589 1621 637; x_wconf 88' lang='lat' dir='ltr'>et</span> <span class='ocrx_word' id='word_1_34' title='bbox 1633 584 1727 638; x_wconf 85' lang='lat' dir='ltr'>adrni-</span> 
     </span>
     <span class='ocr_line' id='line_1_5' title="bbox 88 656 1728 739; baseline 0.011 -30"><span class='ocrx_word' id='word_1_35' title='bbox 88 661 156 726; x_wconf 88' lang='lat' dir='ltr'>post</span> <span class='ocrx_word' id='word_1_36' title='bbox 167 656 203 712; x_wconf 90' lang='lat' dir='ltr'>ad</span> <span class='ocrx_word' id='word_1_37' title='bbox 217 657 333 715; x_wconf 88' lang='lat' dir='ltr'>verbum</span> <span class='ocrx_word' id='word_1_38' title='bbox 347 676 433 731; x_wconf 92' lang='lat' dir='ltr'>prope</span> <span class='ocrx_word' id='word_1_39' title='bbox 448 677 611 735; x_wconf 77' lang='lat' dir='ltr'><strong>expressere</strong></span> <span class='ocrx_word' id='word_1_40' title='bbox 626 681 724 721; x_wconf 91' lang='lat' dir='ltr'>omnes</span> <span class='ocrx_word' id='word_1_41' title='bbox 738 673 888 737; x_wconf 84' lang='lat' dir='ltr'><strong>sequentes</strong></span> <span class='ocrx_word' id='word_1_42' title='bbox 928 669 1728 739; x_wconf 76' lang='lat' dir='ltr'>runduencettenttumicxv]otiquotltetumtcorumutrius·</span> 
     </span>
     <span class='ocr_line' id='line_1_6' title="bbox 89 748 1728 828; baseline 0.01 -30"><span class='ocrx_word' id='word_1_43' title='bbox 89 750 175 816; x_wconf 87' lang='lat' dir='ltr'>(quas</span> <span class='ocrx_word' id='word_1_44' title='bbox 188 761 275 818; x_wconf 89' lang='lat' dir='ltr'>supra</span> <span class='ocrx_word' id='word_1_45' title='bbox 299 748 499 820; x_wconf 83' lang='lat' dir='ltr'>prolegomeno</span> <span class='ocrx_word' id='word_1_46' title='bbox 521 749 556 807; x_wconf 83' lang='grc'>17</span> <span class='ocrx_word' id='word_1_47' title='bbox 583 753 709 825; x_wconf 84' lang='lat' dir='ltr'>exhibui)</span> <span class='ocrx_word' id='word_1_48' title='bbox 728 753 887 811; x_wconf 84' lang='lat' dir='ltr'>Coloniensi</span> <span class='ocrx_word' id='word_1_49' title='bbox 927 773 979 826; x_wconf 87' lang='lat' dir='ltr'>que</span> <span class='ocrx_word' id='word_1_50' title='bbox 1000 775 1078 813; x_wconf 85' lang='lat' dir='ltr'>secus</span> <span class='ocrx_word' id='word_1_51' title='bbox 1093 761 1303 827; x_wconf 73' lang='lat' dir='ltr'><strong>complectentes,</strong></span> <span class='ocrx_word' id='word_1_52' title='bbox 1335 763 1445 812; x_wconf 90' lang='lat' dir='ltr'>ouctore</span> <span class='ocrx_word' id='word_1_53' title='bbox 1471 761 1532 814; x_wconf 82' lang='lat' dir='ltr'>diuo</span> <span class='ocrx_word' id='word_1_54' title='bbox 1559 761 1728 828; x_wconf 79' lang='lat' dir='ltr'>Hieronymo</span> 
     </span>
     <span class='ocr_line' id='line_1_7' title="bbox 89 835 1726 918; baseline 0.009 -30"><span class='ocrx_word' id='word_1_55' title='bbox 89 840 216 905; x_wconf 81' lang='lat' dir='ltr'>excepta,</span> <span class='ocrx_word' id='word_1_56' title='bbox 232 835 267 890; x_wconf 91' lang='lat' dir='ltr'>de</span> <span class='ocrx_word' id='word_1_57' title='bbox 276 852 334 907; x_wconf 90' lang='lat' dir='ltr'>qua</span> <span class='ocrx_word' id='word_1_58' title='bbox 346 853 421 892; x_wconf 81' lang='lat' dir='ltr'>mox.</span> <span class='ocrx_word' id='word_1_59' title='bbox 925 849 1040 915; x_wconf 86' lang='lat' dir='ltr'>purtim,</span> <span class='ocrx_word' id='word_1_60' title='bbox 1051 850 1212 916; x_wconf 83' lang='lat' dir='ltr'>perti-mque</span> <span class='ocrx_word' id='word_1_61' title='bbox 1222 850 1376 915; x_wconf 70' lang='lat' dir='ltr'>attulitque</span> <span class='ocrx_word' id='word_1_62' title='bbox 1386 849 1452 901; x_wconf 85' lang='lat' dir='ltr'>otiis</span> <span class='ocrx_word' id='word_1_63' title='bbox 1462 852 1726 918; x_wconf 75' lang='lat' dir='ltr'>quosvereepeqetta</span> 
     </span>
     <span class='ocr_line' id='line_1_8' title="bbox 126 926 1727 1008; baseline 0.006 -25"><span class='ocrx_word' id='word_1_64' title='bbox 126 926 233 1003; x_wconf 70' lang='lat' dir='ltr'>[turm]</span> <span class='ocrx_word' id='word_1_65' title='bbox 248 930 284 985; x_wconf 85' lang='lat' dir='ltr'>Et</span> <span class='ocrx_word' id='word_1_66' title='bbox 295 931 409 1002; x_wconf 90' lang='lat' dir='ltr'>quidem</span> <span class='ocrx_word' id='word_1_67' title='bbox 424 948 522 989; x_wconf 89' lang='lat' dir='ltr'>omnes</span> <span class='ocrx_word' id='word_1_68' title='bbox 534 934 671 991; x_wconf 86' lang='lat' dir='ltr'>editiones</span> <span class='ocrx_word' id='word_1_69' title='bbox 686 937 887 1008; x_wconf 76' lang='lat' dir='ltr'><strong>Lugdunenses</strong></span> <span class='ocrx_word' id='word_1_70' title='bbox 928 951 1002 989; x_wconf 83' lang='lat' dir='ltr'>nosse</span> <span class='ocrx_word' id='word_1_71' title='bbox 1013 939 1125 1004; x_wconf 83' lang='lat' dir='ltr'>poteris.</span> <span class='ocrx_word' id='word_1_72' title='bbox 1140 934 1254 1004; x_wconf 80' lang='lat' dir='ltr'>Accepto</span> <span class='ocrx_word' id='word_1_73' title='bbox 1269 940 1294 989; x_wconf 88' lang='lat' dir='ltr'>et</span> <span class='ocrx_word' id='word_1_74' title='bbox 1303 937 1455 1004; x_wconf 84' lang='lat' dir='ltr'>approbato</span> <span class='ocrx_word' id='word_1_75' title='bbox 1465 937 1624 993; x_wconf 83' lang='lat' dir='ltr'>ebHcctestu</span> <span class='ocrx_word' id='word_1_76' title='bbox 1633 937 1727 994; x_wconf 66' lang='lat' dir='ltr'>corbe</span> 
     </span>
     <span class='ocr_line' id='line_1_9' title="bbox 86 1017 1545 1097; baseline 0.005 -25"><span class='ocrx_word' id='word_1_77' title='bbox 86 1017 601 1091; x_wconf 73' lang='lat' dir='ltr'>prneleruntepistolamdedicatoriam</span> <span class='ocrx_word' id='word_1_78' title='bbox 612 1025 683 1080; x_wconf 83' lang='lat' dir='ltr'><strong>Celsi</strong></span> <span class='ocrx_word' id='word_1_79' title='bbox 691 1026 886 1097; x_wconf 84' lang='lat' dir='ltr'>liugonisDis-</span> <span class='ocrx_word' id='word_1_80' title='bbox 927 1025 981 1078; x_wconf 81' lang='lat' dir='ltr'>lico</span> <span class='ocrx_word' id='word_1_81' title='bbox 993 1031 1056 1079; x_wconf 86' lang='lat' dir='ltr'>onte</span> <span class='ocrx_word' id='word_1_82' title='bbox 1068 1041 1157 1079; x_wconf 85' lang='lat' dir='ltr'>annos</span> <span class='ocrx_word' id='word_1_83' title='bbox 1167 1029 1232 1094; x_wconf 85' lang='lat' dir='ltr'>ptus</span> <span class='ocrx_word' id='word_1_84' title='bbox 1242 1026 1319 1079; x_wconf 87' lang='lat' dir='ltr'>mitte</span> <span class='ocrx_word' id='word_1_85' title='bbox 1328 1027 1545 1094; x_wconf 72' lang='lat' dir='ltr'>quinquaqinta.</span> 
     </span>
     <span class='ocr_line' id='line_1_10' title="bbox 85 1105 1723 1185; baseline 0.01 -26"><span class='ocrx_word' id='word_1_86' title='bbox 85 1105 311 1180; x_wconf 87' lang='lat' dir='ltr'>suti,inutroque</span> <span class='ocrx_word' id='word_1_87' title='bbox 320 1111 385 1181; x_wconf 83' lang='lat' dir='ltr'>jure</span> <span class='ocrx_word' id='word_1_88' title='bbox 396 1110 527 1179; x_wconf 85' lang='lat' dir='ltr'>doctoris,</span> <span class='ocrx_word' id='word_1_89' title='bbox 541 1112 734 1169; x_wconf 82' lang='lat' dir='ltr'>Cabilonensis</span> <span class='ocrx_word' id='word_1_90' title='bbox 746 1117 883 1183; x_wconf 89' lang='lat' dir='ltr'>canonici,</span> <span class='ocrx_word' id='word_1_91' title='bbox 960 1113 1125 1184; x_wconf 81' lang='lat' dir='ltr'>Atquehuic</span> <span class='ocrx_word' id='word_1_92' title='bbox 1135 1113 1251 1167; x_wconf 86' lang='lat' dir='ltr'>editioni</span> <span class='ocrx_word' id='word_1_93' title='bbox 1261 1129 1360 1168; x_wconf 90' lang='lat' dir='ltr'>novam</span> <span class='ocrx_word' id='word_1_94' title='bbox 1372 1113 1723 1185; x_wconf 84' lang='lat' dir='ltr'>epistolamdedieatoriam</span> 
     </span>
     <span class='ocr_line' id='line_1_11' title="bbox 85 1198 1722 1277; baseline 0.008 -28"><span class='ocrx_word' id='word_1_95' title='bbox 85 1198 886 1265; x_wconf 83' lang='lat' dir='ltr'>querererendissimoinChristoPatrietdominoD.Joan-</span> <span class='ocrx_word' id='word_1_96' title='bbox 925 1201 1069 1271; x_wconf 80' lang='lat' dir='ltr'>premisit,</span> <span class='ocrx_word' id='word_1_97' title='bbox 1090 1218 1175 1272; x_wconf 89' lang='lat' dir='ltr'>quam</span> <span class='ocrx_word' id='word_1_98' title='bbox 1199 1201 1322 1255; x_wconf 87' lang='lat' dir='ltr'>exaravit</span> <span class='ocrx_word' id='word_1_99' title='bbox 1344 1202 1478 1272; x_wconf 73' lang='lat' dir='ltr'>Augustae</span> <span class='ocrx_word' id='word_1_100' title='bbox 1501 1217 1542 1256; x_wconf 82' lang='lat' dir='ltr'>nu</span> <span class='ocrx_word' id='word_1_101' title='bbox 1563 1204 1625 1259; x_wconf 87' lang='lat' dir='ltr'>Kal.</span> <span class='ocrx_word' id='word_1_102' title='bbox 1644 1207 1722 1277; x_wconf 76' lang='lat' dir='ltr'>Feb,</span> 
     </span>
     <span class='ocr_line' id='line_1_12' title="bbox 83 1283 1723 1359; baseline 0.012 -28"><span class='ocrx_word' id='word_1_103' title='bbox 83 1283 404 1359; x_wconf 67' lang='lat' dir='ltr'>nideP0npemjurium</span> <span class='ocrx_word' id='word_1_104' title='bbox 414 1289 885 1359; x_wconf 52' lang='lat' dir='ltr'>celeberrimodoctorqcabiionen.</span> <span class='ocrx_word' id='word_1_105' title='bbox 925 1306 999 1344; x_wconf 88' lang='lat' dir='ltr'>anno</span> <span class='ocrx_word' id='word_1_106' title='bbox 1016 1289 1094 1354; x_wconf 76' lang='lat'>1548,</span> <span class='ocrx_word' id='word_1_107' title='bbox 1111 1291 1145 1344; x_wconf 89' lang='lat' dir='ltr'>ad</span> <span class='ocrx_word' id='word_1_108' title='bbox 1161 1290 1424 1344; x_wconf 87' lang='lat' dir='ltr'>reverendissimum</span> <span class='ocrx_word' id='word_1_109' title='bbox 1438 1291 1468 1344; x_wconf 93' lang='lat' dir='ltr'>in</span> <span class='ocrx_word' id='word_1_110' title='bbox 1483 1291 1594 1347; x_wconf 84' lang='lat' dir='ltr'>Christo</span> <span class='ocrx_word' id='word_1_111' title='bbox 1610 1293 1723 1351; x_wconf 90' lang='lat' dir='ltr'>Patrem</span> 
     </span>
     <span class='ocr_line' id='line_1_13' title="bbox 82 1372 1724 1453; baseline 0.007 -26"><span class='ocrx_word' id='word_1_112' title='bbox 82 1372 165 1445; x_wconf 86' lang='lat' dir='ltr'>sique</span> <span class='ocrx_word' id='word_1_113' title='bbox 173 1375 314 1449; x_wconf 87' lang='lat' dir='ltr'>episcopo.</span> <span class='ocrx_word' id='word_1_114' title='bbox 322 1395 355 1432; x_wconf 89' lang='lat' dir='ltr'>ac</span> <span class='ocrx_word' id='word_1_115' title='bbox 363 1377 512 1434; x_wconf 87' lang='lat' dir='ltr'>abbatialis</span> <span class='ocrx_word' id='word_1_116' title='bbox 521 1381 686 1435; x_wconf 85' lang='lat' dir='ltr'>monasterii</span> <span class='ocrx_word' id='word_1_117' title='bbox 697 1382 792 1437; x_wconf 80' lang='lat' dir='ltr'>Sancti</span> <span class='ocrx_word' id='word_1_118' title='bbox 807 1383 883 1437; x_wconf 89' lang='lat' dir='ltr'>Petri</span> <span class='ocrx_word' id='word_1_119' title='bbox 925 1394 957 1432; x_wconf 87' lang='lat' dir='ltr'>ec</span> <span class='ocrx_word' id='word_1_120' title='bbox 971 1378 1116 1433; x_wconf 91' lang='lat' dir='ltr'>dominum</span> <span class='ocrx_word' id='word_1_121' title='bbox 1132 1379 1165 1433; x_wconf 90' lang='lat' dir='ltr'>D.</span> <span class='ocrx_word' id='word_1_122' title='bbox 1182 1379 1344 1446; x_wconf 79' lang='lat' dir='ltr'>Hominum,</span> <span class='ocrx_word' id='word_1_123' title='bbox 1362 1378 1492 1434; x_wconf 81' lang='lat' dir='ltr'><strong>abbatem</strong></span> <span class='ocrx_word' id='word_1_124' title='bbox 1508 1380 1626 1453; x_wconf 84' lang='lat' dir='ltr'>insignis</span> <span class='ocrx_word' id='word_1_125' title='bbox 1633 1400 1724 1439; x_wconf 90' lang='lat' dir='ltr'>coeno·</span> 
     </span>
     <span class='ocr_line' id='line_1_14' title="bbox 80 1465 1722 1538; baseline 0.006 -20"><span class='ocrx_word' id='word_1_126' title='bbox 80 1479 172 1534; x_wconf 88' lang='lat' dir='ltr'>prope</span> <span class='ocrx_word' id='word_1_127' title='bbox 182 1480 278 1520; x_wconf 87' lang='lat' dir='ltr'>muros</span> <span class='ocrx_word' id='word_1_128' title='bbox 287 1466 485 1522; x_wconf 81' lang='lat' dir='ltr'>Cabilonenses</span> <span class='ocrx_word' id='word_1_129' title='bbox 499 1470 749 1536; x_wconf 87' lang='lat' dir='ltr'>commendatario,</span> <span class='ocrx_word' id='word_1_130' title='bbox 765 1471 884 1525; x_wconf 90' lang='lat' dir='ltr'>admini·</span> <span class='ocrx_word' id='word_1_131' title='bbox 924 1465 1134 1521; x_wconf 91' lang='lat' dir='ltr'>biiordinisdivi</span> <span class='ocrx_word' id='word_1_132' title='bbox 1140 1467 1284 1522; x_wconf 86' lang='lat' dir='ltr'>Benedicti</span> <span class='ocrx_word' id='word_1_133' title='bbox 1292 1467 1321 1521; x_wconf 93' lang='lat' dir='ltr'>in</span> <span class='ocrx_word' id='word_1_134' title='bbox 1331 1468 1515 1538; x_wconf 86' lang='lat' dir='ltr'>Wiblinghen</span> <span class='ocrx_word' id='word_1_135' title='bbox 1527 1470 1722 1528; x_wconf 77' lang='lat' dir='ltr'>constantien-</span> 
     </span>
     <span class='ocr_line' id='line_1_15' title="bbox 80 1553 1723 1631; baseline 0.009 -27"><span class='ocrx_word' id='word_1_136' title='bbox 80 1553 256 1624; x_wconf 80' lang='lat' dir='ltr'>straterique</span> <span class='ocrx_word' id='word_1_137' title='bbox 266 1560 400 1626; x_wconf 90' lang='lat' dir='ltr'>perpetuo</span> <span class='ocrx_word' id='word_1_138' title='bbox 416 1572 506 1627; x_wconf 82' lang='lat' dir='ltr'>operae</span> <span class='ocrx_word' id='word_1_139' title='bbox 520 1573 578 1612; x_wconf 84' lang='lat' dir='ltr'>suae</span> <span class='ocrx_word' id='word_1_140' title='bbox 589 1558 711 1630; x_wconf 89' lang='lat' dir='ltr'>pretium</span> <span class='ocrx_word' id='word_1_141' title='bbox 726 1560 840 1631; x_wconf 87' lang='lat' dir='ltr'>exponit</span> <span class='ocrx_word' id='word_1_142' title='bbox 853 1560 883 1615; x_wconf 90' lang='lat' dir='ltr'>in</span> <span class='ocrx_word' id='word_1_143' title='bbox 923 1557 962 1610; x_wconf 90' lang='lat' dir='ltr'>sis</span> <span class='ocrx_word' id='word_1_144' title='bbox 976 1555 1112 1622; x_wconf 88' lang='lat' dir='ltr'>dioecesis,</span> <span class='ocrx_word' id='word_1_145' title='bbox 1125 1557 1154 1611; x_wconf 94' lang='lat' dir='ltr'>in</span> <span class='ocrx_word' id='word_1_146' title='bbox 1169 1573 1225 1628; x_wconf 89' lang='lat' dir='ltr'>qua</span> <span class='ocrx_word' id='word_1_147' title='bbox 1239 1573 1331 1628; x_wconf 87' lang='lat' dir='ltr'>operae</span> <span class='ocrx_word' id='word_1_148' title='bbox 1344 1573 1401 1612; x_wconf 85' lang='lat' dir='ltr'>suae</span> <span class='ocrx_word' id='word_1_149' title='bbox 1411 1559 1542 1629; x_wconf 82' lang='lat' dir='ltr'>praestitae</span> <span class='ocrx_word' id='word_1_150' title='bbox 1552 1560 1625 1615; x_wconf 88' lang='lat' dir='ltr'>hanc</span> <span class='ocrx_word' id='word_1_151' title='bbox 1638 1563 1723 1618; x_wconf 87' lang='lat' dir='ltr'>ratio·</span> 
     </span>
     <span class='ocr_line' id='line_1_16' title="bbox 80 1640 1113 1719; baseline 0.013 -26"><span class='ocrx_word' id='word_1_152' title='bbox 80 1640 226 1696; x_wconf 85' lang='lat' dir='ltr'>volumine</span> <span class='ocrx_word' id='word_1_153' title='bbox 240 1643 293 1698; x_wconf 94' lang='lat' dir='ltr'>hoc</span> <span class='ocrx_word' id='word_1_154' title='bbox 306 1644 452 1700; x_wconf 88' lang='lat' dir='ltr'>edolando:</span> <span class='ocrx_word' id='word_1_155' title='bbox 472 1667 483 1698; x_wconf 82' lang='lat' dir='ltr'>r</span> <span class='ocrx_word' id='word_1_156' title='bbox 496 1646 604 1715; x_wconf 87' lang='lat' dir='ltr'>Tantis,</span> <span class='ocrx_word' id='word_1_157' title='bbox 616 1647 719 1719; x_wconf 87' lang='lat' dir='ltr'>inquit,</span> <span class='ocrx_word' id='word_1_158' title='bbox 730 1654 791 1703; x_wconf 88' lang='lat' dir='ltr'>erat</span> <span class='ocrx_word' id='word_1_159' title='bbox 800 1666 881 1705; x_wconf 89' lang='lat' dir='ltr'>men·</span> <span class='ocrx_word' id='word_1_160' title='bbox 923 1661 987 1699; x_wconf 82' lang='lat' dir='ltr'>nem</span> <span class='ocrx_word' id='word_1_161' title='bbox 1002 1645 1095 1700; x_wconf 73' lang='lat' dir='ltr'>reddit</span> <span class='ocrx_word' id='word_1_162' title='bbox 1107 1663 1113 1700; x_wconf 73' lang='grc' dir='ltr'><em>τ</em></span> 
     </span>
     <span class='ocr_line' id='line_1_17' title="bbox 79 1711 1720 1811; baseline 0.009 -31"><span class='ocrx_word' id='word_1_163' title='bbox 79 1727 125 1781; x_wconf 87' lang='lat' dir='ltr'>dis</span> <span class='ocrx_word' id='word_1_164' title='bbox 147 1729 294 1800; x_wconf 79' lang='lat' dir='ltr'>refertum,</span> <span class='ocrx_word' id='word_1_165' title='bbox 316 1732 346 1787; x_wconf 83' lang='lat' dir='ltr'>in</span> <span class='ocrx_word' id='word_1_166' title='bbox 365 1734 417 1789; x_wconf 81' lang='lat' dir='ltr'>hoc</span> <span class='ocrx_word' id='word_1_167' title='bbox 434 1735 589 1807; x_wconf 64' lang='lat' dir='ltr'>perantiqui</span> <span class='ocrx_word' id='word_1_168' title='bbox 612 1736 656 1791; x_wconf 77' lang='lat' dir='ltr'>vix</span> <span class='ocrx_word' id='word_1_169' title='bbox 676 1736 740 1791; x_wconf 78' lang='lat' dir='ltr'>libri</span> <span class='ocrx_word' id='word_1_170' title='bbox 763 1711 913 1809; x_wconf 72' lang='lat' dir='ltr'>vestigiass</span> <span class='ocrx_word' id='word_1_171' title='bbox 960 1751 972 1785; x_wconf 86' lang='lat' dir='ltr'>u</span> <span class='ocrx_word' id='word_1_172' title='bbox 989 1732 1068 1788; x_wconf 83' lang='lat' dir='ltr'>Vitas</span> <span class='ocrx_word' id='word_1_173' title='bbox 1083 1733 1199 1789; x_wconf 89' lang='lat' dir='ltr'>Patrum</span> <span class='ocrx_word' id='word_1_174' title='bbox 1213 1734 1296 1789; x_wconf 88' lang='lat' dir='ltr'>modo</span> <span class='ocrx_word' id='word_1_175' title='bbox 1308 1751 1325 1788; x_wconf 91' lang='lat' dir='ltr'>a</span> <span class='ocrx_word' id='word_1_176' title='bbox 1339 1735 1402 1805; x_wconf 93' lang='lat' dir='ltr'>plus</span> <span class='ocrx_word' id='word_1_177' title='bbox 1415 1736 1492 1790; x_wconf 88' lang='lat' dir='ltr'>mille</span> <span class='ocrx_word' id='word_1_178' title='bbox 1508 1739 1649 1794; x_wconf 90' lang='lat' dir='ltr'>erroribus</span> <span class='ocrx_word' id='word_1_179' title='bbox 1671 1740 1720 1811; x_wconf 91' lang='lat' dir='ltr'>qui</span> 
     </span>
     <span class='ocr_line' id='line_1_18' title="bbox 78 1817 1720 1897; baseline 0.004 -22"><span class='ocrx_word' id='word_1_180' title='bbox 78 1819 237 1890; x_wconf 78' lang='lat' dir='ltr'>comperiat</span> <span class='ocrx_word' id='word_1_181' title='bbox 258 1821 408 1893; x_wconf 83' lang='lat' dir='ltr'>quispiam.</span> <span class='ocrx_word' id='word_1_182' title='bbox 431 1824 485 1878; x_wconf 92' lang='lat' dir='ltr'>Pro</span> <span class='ocrx_word' id='word_1_183' title='bbox 507 1824 583 1879; x_wconf 91' lang='lat' dir='ltr'>enim</span> <span class='ocrx_word' id='word_1_184' title='bbox 605 1824 797 1891; x_wconf 87' lang='lat' dir='ltr'>dictionibus,</span> <span class='ocrx_word' id='word_1_185' title='bbox 818 1827 879 1882; x_wconf 81' lang='lat' dir='ltr'>aliae</span> <span class='ocrx_word' id='word_1_186' title='bbox 921 1823 1027 1893; x_wconf 87' lang='lat' dir='ltr'>passim</span> <span class='ocrx_word' id='word_1_187' title='bbox 1041 1820 1275 1888; x_wconf 86' lang='lat' dir='ltr'>intercurrebant,</span> <span class='ocrx_word' id='word_1_188' title='bbox 1286 1822 1322 1877; x_wconf 89' lang='lat' dir='ltr'>ad</span> <span class='ocrx_word' id='word_1_189' title='bbox 1331 1817 1720 1897; x_wconf 62' lang='lat' dir='ltr'>vetustissimaparit&#39;eracdi-</span> 
     </span>
     <span class='ocr_line' id='line_1_19' title="bbox 81 1906 1719 1984; baseline 0.009 -28"><span class='ocrx_word' id='word_1_190' title='bbox 81 1906 170 1961; x_wconf 85' lang='lat' dir='ltr'>etiam</span> <span class='ocrx_word' id='word_1_191' title='bbox 180 1907 296 1965; x_wconf 66' lang='lat' dir='ltr'>diversa</span> <span class='ocrx_word' id='word_1_192' title='bbox 306 1911 403 1982; x_wconf 78' lang='lat' dir='ltr'>positae</span> <span class='ocrx_word' id='word_1_193' title='bbox 417 1911 562 1978; x_wconf 80' lang='lat' dir='ltr'>dictiones,</span> <span class='ocrx_word' id='word_1_194' title='bbox 579 1929 695 1969; x_wconf 83' lang='lat' dir='ltr'>sensum</span> <span class='ocrx_word' id='word_1_195' title='bbox 708 1914 763 1968; x_wconf 81' lang='lat' dir='ltr'>divi</span> <span class='ocrx_word' id='word_1_196' title='bbox 778 1915 878 1970; x_wconf 82' lang='lat' dir='ltr'>Hiero·</span> <span class='ocrx_word' id='word_1_197' title='bbox 921 1926 1002 1965; x_wconf 87' lang='lat' dir='ltr'>versa</span> <span class='ocrx_word' id='word_1_198' title='bbox 1019 1911 1190 1984; x_wconf 89' lang='lat' dir='ltr'>exemplaria</span> <span class='ocrx_word' id='word_1_199' title='bbox 1201 1912 1422 1983; x_wconf 80' lang='lat' dir='ltr'>repurgavimus.</span> <span class='ocrx_word' id='word_1_200' title='bbox 1444 1914 1516 1968; x_wconf 89' lang='lat' dir='ltr'>Nam</span> <span class='ocrx_word' id='word_1_201' title='bbox 1540 1916 1629 1971; x_wconf 88' lang='lat' dir='ltr'>multa</span> <span class='ocrx_word' id='word_1_202' title='bbox 1653 1921 1719 1971; x_wconf 89' lang='lat' dir='ltr'>sunt</span> 
     </span>
     <span class='ocr_line' id='line_1_20' title="bbox 79 1996 1716 2076; baseline 0.004 -24"><span class='ocrx_word' id='word_1_203' title='bbox 79 1996 159 2067; x_wconf 76' lang='lat' dir='ltr'>nymi</span> <span class='ocrx_word' id='word_1_204' title='bbox 177 1999 384 2068; x_wconf 76' lang='lat' dir='ltr'>pervertebant.</span> <span class='ocrx_word' id='word_1_205' title='bbox 400 2001 458 2056; x_wconf 91' lang='lat' dir='ltr'>Nec</span> <span class='ocrx_word' id='word_1_206' title='bbox 472 2001 590 2057; x_wconf 88' lang='lat' dir='ltr'>deerant</span> <span class='ocrx_word' id='word_1_207' title='bbox 607 2019 658 2074; x_wconf 95' lang='lat' dir='ltr'>pro</span> <span class='ocrx_word' id='word_1_208' title='bbox 677 2003 740 2057; x_wconf 90' lang='lat' dir='ltr'>aliis</span> <span class='ocrx_word' id='word_1_209' title='bbox 753 2003 876 2076; x_wconf 85' lang='lat' dir='ltr'>syllabae,</span> <span class='ocrx_word' id='word_1_210' title='bbox 920 2005 1088 2065; x_wconf 87' lang='lat' dir='ltr'>restaurata,</span> <span class='ocrx_word' id='word_1_211' title='bbox 1117 2000 1250 2070; x_wconf 83' lang='lat' dir='ltr'>pleraque</span> <span class='ocrx_word' id='word_1_212' title='bbox 1274 2000 1393 2071; x_wconf 88' lang='lat' dir='ltr'>adjecta,</span> <span class='ocrx_word' id='word_1_213' title='bbox 1418 2002 1554 2057; x_wconf 92' lang='lat' dir='ltr'>nonnulla</span> <span class='ocrx_word' id='word_1_214' title='bbox 1575 2003 1716 2074; x_wconf 86' lang='lat' dir='ltr'>adempta,</span> 
     </span>
     <span class='ocr_line' id='line_1_21' title="bbox 79 2087 1718 2162; baseline 0.005 -23"><span class='ocrx_word' id='word_1_215' title='bbox 79 2100 188 2157; x_wconf 82' lang='lat' dir='ltr'>proque</span> <span class='ocrx_word' id='word_1_216' title='bbox 198 2087 272 2142; x_wconf 88' lang='lat' dir='ltr'>veris</span> <span class='ocrx_word' id='word_1_217' title='bbox 285 2087 395 2143; x_wconf 91' lang='lat' dir='ltr'>diversa</span> <span class='ocrx_word' id='word_1_218' title='bbox 409 2105 460 2144; x_wconf 91' lang='lat' dir='ltr'>seu</span> <span class='ocrx_word' id='word_1_219' title='bbox 474 2090 676 2162; x_wconf 88' lang='lat' dir='ltr'>impressorum</span> <span class='ocrx_word' id='word_1_220' title='bbox 695 2091 803 2146; x_wconf 91' lang='lat' dir='ltr'>incuria</span> <span class='ocrx_word' id='word_1_221' title='bbox 816 2110 878 2148; x_wconf 87' lang='lat' dir='ltr'>cor·</span> <span class='ocrx_word' id='word_1_222' title='bbox 921 2088 1015 2142; x_wconf 88' lang='lat' dir='ltr'>omnia</span> <span class='ocrx_word' id='word_1_223' title='bbox 1029 2087 1149 2159; x_wconf 91' lang='lat' dir='ltr'>denique</span> <span class='ocrx_word' id='word_1_224' title='bbox 1162 2088 1231 2142; x_wconf 87' lang='lat' dir='ltr'>adeo</span> <span class='ocrx_word' id='word_1_225' title='bbox 1246 2089 1418 2145; x_wconf 83' lang='lat' dir='ltr'>adamussim</span> <span class='ocrx_word' id='word_1_226' title='bbox 1433 2091 1601 2159; x_wconf 86' lang='lat' dir='ltr'>examinata,</span> <span class='ocrx_word' id='word_1_227' title='bbox 1617 2099 1718 2149; x_wconf 90' lang='lat' dir='ltr'>utnon</span> 
     </span>
     <span class='ocr_line' id='line_1_22' title="bbox 77 2177 1717 2249; baseline 0.009 -27"><span class='ocrx_word' id='word_1_228' title='bbox 77 2180 256 2230; x_wconf 77' lang='lat' dir='ltr'>rectorumve</span> <span class='ocrx_word' id='word_1_229' title='bbox 273 2177 374 2232; x_wconf 79' lang='lat' dir='ltr'>inertia</span> <span class='ocrx_word' id='word_1_230' title='bbox 394 2179 583 2249; x_wconf 69' lang='lat' dir='ltr'>pretermissa</span> <span class='ocrx_word' id='word_1_231' title='bbox 604 2180 744 2241; x_wconf 74' lang='lat' dir='ltr'>elementa</span> <span class='ocrx_word' id='word_1_232' title='bbox 764 2181 819 2235; x_wconf 81' lang='lat' dir='ltr'>vim</span> <span class='ocrx_word' id='word_1_233' title='bbox 835 2182 879 2236; x_wconf 84' lang='lat' dir='ltr'>di·</span> <span class='ocrx_word' id='word_1_234' title='bbox 919 2177 1004 2231; x_wconf 89' lang='lat' dir='ltr'>modo</span> <span class='ocrx_word' id='word_1_235' title='bbox 1021 2183 1182 2242; x_wconf 87' lang='lat' dir='ltr'>renovatus,</span> <span class='ocrx_word' id='word_1_236' title='bbox 1191 2178 1240 2232; x_wconf 91' lang='lat' dir='ltr'>sed</span> <span class='ocrx_word' id='word_1_237' title='bbox 1252 2195 1323 2248; x_wconf 89' lang='lat' dir='ltr'>pene</span> <span class='ocrx_word' id='word_1_238' title='bbox 1331 2185 1446 2233; x_wconf 88' lang='lat' dir='ltr'>renatus</span> <span class='ocrx_word' id='word_1_239' title='bbox 1457 2185 1553 2235; x_wconf 88' lang='lat' dir='ltr'>tantus</span> <span class='ocrx_word' id='word_1_240' title='bbox 1566 2181 1717 2237; x_wconf 87' lang='lat' dir='ltr'>thesaurus</span> 
     </span>
     <span class='ocr_line' id='line_1_23' title="bbox 77 2262 1717 2342; baseline 0.005 -25"><span class='ocrx_word' id='word_1_241' title='bbox 77 2262 181 2318; x_wconf 84' lang='lat' dir='ltr'>etionis</span> <span class='ocrx_word' id='word_1_242' title='bbox 195 2280 354 2321; x_wconf 84' lang='lat' dir='ltr'>aceensum</span> <span class='ocrx_word' id='word_1_243' title='bbox 363 2269 563 2338; x_wconf 86' lang='lat' dir='ltr'>permutantia.</span> <span class='ocrx_word' id='word_1_244' title='bbox 580 2269 640 2323; x_wconf 90' lang='lat' dir='ltr'>Hoc</span> <span class='ocrx_word' id='word_1_245' title='bbox 653 2270 768 2325; x_wconf 91' lang='lat' dir='ltr'>tandem</span> <span class='ocrx_word' id='word_1_246' title='bbox 784 2270 833 2325; x_wconf 91' lang='lat' dir='ltr'>sed</span> <span class='ocrx_word' id='word_1_247' title='bbox 848 2276 880 2326; x_wconf 89' lang='lat' dir='ltr'>ut</span> <span class='ocrx_word' id='word_1_248' title='bbox 920 2266 1005 2329; x_wconf 83' lang='lat' dir='ltr'>(haud</span> <span class='ocrx_word' id='word_1_249' title='bbox 1020 2267 1080 2321; x_wconf 90' lang='lat' dir='ltr'>sine</span> <span class='ocrx_word' id='word_1_250' title='bbox 1089 2267 1169 2337; x_wconf 85' lang='lat' dir='ltr'>gravi</span> <span class='ocrx_word' id='word_1_251' title='bbox 1182 2272 1277 2322; x_wconf 88' lang='lat' dir='ltr'>tamen</span> <span class='ocrx_word' id='word_1_252' title='bbox 1290 2266 1395 2336; x_wconf 86' lang='lat' dir='ltr'>labore)</span> <span class='ocrx_word' id='word_1_253' title='bbox 1406 2268 1441 2323; x_wconf 88' lang='lat' dir='ltr'>ab</span> <span class='ocrx_word' id='word_1_254' title='bbox 1455 2268 1585 2326; x_wconf 91' lang='lat' dir='ltr'>omnibus</span> <span class='ocrx_word' id='word_1_255' title='bbox 1595 2270 1649 2342; x_wconf 90' lang='lat' dir='ltr'>piis</span> <span class='ocrx_word' id='word_1_256' title='bbox 1659 2289 1717 2326; x_wconf 91' lang='lat' dir='ltr'>me·</span> 
     </span>
     <span class='ocr_line' id='line_1_24' title="bbox 76 2352 1716 2432; baseline 0.006 -27"><span class='ocrx_word' id='word_1_257' title='bbox 76 2352 157 2423; x_wconf 86' lang='lat' dir='ltr'>prius</span> <span class='ocrx_word' id='word_1_258' title='bbox 171 2370 258 2424; x_wconf 88' lang='lat' dir='ltr'>quam</span> <span class='ocrx_word' id='word_1_259' title='bbox 271 2355 460 2411; x_wconf 77' lang='lat' dir='ltr'>venustissimo</span> <span class='ocrx_word' id='word_1_260' title='bbox 474 2356 600 2412; x_wconf 82' lang='lat' dir='ltr'>adhrbito</span> <span class='ocrx_word' id='word_1_261' title='bbox 614 2359 778 2430; x_wconf 81' lang='lat' dir='ltr'>exemplari,</span> <span class='ocrx_word' id='word_1_262' title='bbox 789 2360 878 2415; x_wconf 77' lang='lat' dir='ltr'>tantis</span> <span class='ocrx_word' id='word_1_263' title='bbox 919 2354 974 2409; x_wconf 88' lang='lat' dir='ltr'>rito</span> <span class='ocrx_word' id='word_1_264' title='bbox 989 2355 1077 2427; x_wconf 84' lang='lat' dir='ltr'>excipi</span> <span class='ocrx_word' id='word_1_265' title='bbox 1083 2356 1179 2427; x_wconf 89' lang='lat' dir='ltr'>possit.</span> <span class='ocrx_word' id='word_1_266' title='bbox 1186 2356 1353 2412; x_wconf 82' lang='lat' dir='ltr'>Addidirnus</span> <span class='ocrx_word' id='word_1_267' title='bbox 1362 2361 1497 2429; x_wconf 78' lang='lat' dir='ltr'>praterea</span> <span class='ocrx_word' id='word_1_268' title='bbox 1506 2375 1609 2414; x_wconf 91' lang='lat' dir='ltr'>novum</span> <span class='ocrx_word' id='word_1_269' title='bbox 1619 2377 1716 2432; x_wconf 90' lang='lat' dir='ltr'>quem·</span> 
     </span>
    </p>
   </div>
   <div class='ocr_carea' id='block_1_3' title="bbox 76 2443 1814 2523">
    <p class='ocr_par' dir='ltr' id='par_1_3' title="bbox 76 2443 1814 2523">
     <span class='ocr_line' id='line_1_25' title="bbox 76 2443 1814 2523; baseline 0.005 -27"><span class='ocrx_word' id='word_1_270' title='bbox 76 2445 221 2497; x_wconf 72' lang='lat' dir='ltr'>uternam</span> <span class='ocrx_word' id='word_1_271' title='bbox 234 2444 378 2499; x_wconf 71' lang='lat' dir='ltr'>mendis.»</span> <span class='ocrx_word' id='word_1_272' title='bbox 395 2446 482 2516; x_wconf 74' lang='lat' dir='ltr'>cnjus</span> <span class='ocrx_word' id='word_1_273' title='bbox 496 2452 628 2502; x_wconf 81' lang='lat' dir='ltr'>conatum</span> <span class='ocrx_word' id='word_1_274' title='bbox 641 2446 739 2503; x_wconf 78' lang='lat' dir='ltr'>lectori</span> <span class='ocrx_word' id='word_1_275' title='bbox 753 2448 877 2504; x_wconf 75' lang='lat' dir='ltr'>conside.</span> <span class='ocrx_word' id='word_1_276' title='bbox 918 2443 982 2497; x_wconf 90' lang='lat' dir='ltr'>dam</span> <span class='ocrx_word' id='word_1_277' title='bbox 998 2444 1125 2499; x_wconf 89' lang='lat' dir='ltr'>ordinem</span> <span class='ocrx_word' id='word_1_278' title='bbox 1140 2461 1172 2499; x_wconf 87' lang='lat' dir='ltr'>ac</span> <span class='ocrx_word' id='word_1_279' title='bbox 1186 2462 1288 2500; x_wconf 90' lang='lat' dir='ltr'>novum</span> <span class='ocrx_word' id='word_1_280' title='bbox 1303 2445 1424 2500; x_wconf 90' lang='lat' dir='ltr'>indicem</span> <span class='ocrx_word' id='word_1_281' title='bbox 1440 2447 1488 2517; x_wconf 91' lang='lat' dir='ltr'>qui</span> <span class='ocrx_word' id='word_1_282' title='bbox 1502 2464 1614 2519; x_wconf 90' lang='lat' dir='ltr'>semper</span> <span class='ocrx_word' id='word_1_283' title='bbox 1627 2449 1713 2504; x_wconf 91' lang='lat' dir='ltr'>dura·</span> <span class='ocrx_word' id='word_1_284' title='bbox 1808 2512 1814 2523; x_wconf 79' lang='lat'>.</span> 
     </span>
    </p>
   </div>
   <div class='ocr_carea' id='block_1_4' title="bbox 64 2529 1792 5632">
    <p class='ocr_par' dir='ltr' id='par_1_4' title="bbox 64 2529 1792 5632">
     <span class='ocr_line' id='line_1_26' title="bbox 75 2529 1714 2607; baseline 0.004 -22"><span class='ocrx_word' id='word_1_285' title='bbox 75 2529 199 2586; x_wconf 80' lang='lat' dir='ltr'>rendum</span> <span class='ocrx_word' id='word_1_286' title='bbox 215 2532 352 2605; x_wconf 89' lang='lat' dir='ltr'>relinquo.</span> <span class='ocrx_word' id='word_1_287' title='bbox 918 2530 967 2587; x_wconf 89' lang='lat' dir='ltr'>bit.</span> <span class='ocrx_word' id='word_1_288' title='bbox 980 2533 1071 2588; x_wconf 86' lang='lat' dir='ltr'>Nuhis</span> <span class='ocrx_word' id='word_1_289' title='bbox 1082 2532 1298 2589; x_wconf 90' lang='lat' dir='ltr'>sanelaboribus</span> <span class='ocrx_word' id='word_1_290' title='bbox 1306 2535 1491 2606; x_wconf 89' lang='lat' dir='ltr'>pepercimus,</span> <span class='ocrx_word' id='word_1_291' title='bbox 1504 2552 1559 2607; x_wconf 96' lang='lat' dir='ltr'>quo</span> <span class='ocrx_word' id='word_1_292' title='bbox 1567 2536 1644 2592; x_wconf 88' lang='lat' dir='ltr'>istud</span> <span class='ocrx_word' id='word_1_293' title='bbox 1654 2543 1714 2592; x_wconf 89' lang='lat' dir='ltr'>tam</span> 
     </span>
     <span class='ocr_line' id='line_1_27' title="bbox 291 2620 1713 2694; baseline 0.005 -20"><span class='ocrx_word' id='word_1_294' title='bbox 291 2622 589 2681; x_wconf 83' lang='lat' dir='ltr'><strong>PROLEGOMENON</strong></span> <span class='ocrx_word' id='word_1_295' title='bbox 603 2627 662 2681; x_wconf 82' lang='lat' dir='ltr'>XX.</span> <span class='ocrx_word' id='word_1_296' title='bbox 916 2620 1027 2692; x_wconf 86' lang='lat' dir='ltr'>insigne</span> <span class='ocrx_word' id='word_1_297' title='bbox 1041 2638 1111 2694; x_wconf 93' lang='lat' dir='ltr'>opus</span> <span class='ocrx_word' id='word_1_298' title='bbox 1126 2622 1238 2693; x_wconf 89' lang='lat' dir='ltr'>prodire</span> <span class='ocrx_word' id='word_1_299' title='bbox 1257 2629 1353 2694; x_wconf 89' lang='lat' dir='ltr'>posset</span> <span class='ocrx_word' id='word_1_300' title='bbox 1373 2624 1531 2680; x_wconf 90' lang='lat' dir='ltr'>emunctius</span> <span class='ocrx_word' id='word_1_301' title='bbox 1555 2641 1588 2680; x_wconf 89' lang='lat' dir='ltr'>ac</span> <span class='ocrx_word' id='word_1_302' title='bbox 1610 2625 1713 2681; x_wconf 89' lang='lat' dir='ltr'>tersius</span> 
     </span>
     <span class='ocr_line' id='line_1_28' title="bbox 75 2707 1190 2785; baseline 0.003 -23"><span class='ocrx_word' id='word_1_303' title='bbox 75 2707 112 2763; x_wconf 85' lang='lat' dir='ltr'>He</span> <span class='ocrx_word' id='word_1_304' title='bbox 126 2712 214 2764; x_wconf 84' lang='lat' dir='ltr'>tertie</span> <span class='ocrx_word' id='word_1_305' title='bbox 227 2711 346 2767; x_wconf 79' lang='lat' dir='ltr'>editione</span> <span class='ocrx_word' id='word_1_306' title='bbox 373 2714 483 2780; x_wconf 83' lang='lat' dir='ltr'>totino,</span> <span class='ocrx_word' id='word_1_307' title='bbox 513 2731 572 2784; x_wconf 78' lang='lat' dir='ltr'>que</span> <span class='ocrx_word' id='word_1_308' title='bbox 594 2716 629 2769; x_wconf 84' lang='lat' dir='ltr'>ab</span> <span class='ocrx_word' id='word_1_309' title='bbox 650 2720 768 2785; x_wconf 86' lang='lat' dir='ltr'>utreque</span> <span class='ocrx_word' id='word_1_310' title='bbox 780 2718 875 2785; x_wconf 85' lang='lat' dir='ltr'>priore</span> <span class='ocrx_word' id='word_1_311' title='bbox 916 2726 1000 2781; x_wconf 90' lang='lat' dir='ltr'>quam</span> <span class='ocrx_word' id='word_1_312' title='bbox 1014 2711 1190 2766; x_wconf 78' lang='lat' dir='ltr'>hactenus.»</span> 
     </span>
     <span class='ocr_line' id='line_1_29' title="bbox 424 2800 1712 2875; baseline 0.003 -19"><span class='ocrx_word' id='word_1_313' title='bbox 424 2804 527 2857; x_wconf 82' lang='lat' dir='ltr'>uertet.</span> <span class='ocrx_word' id='word_1_314' title='bbox 952 2800 1088 2870; x_wconf 89' lang='lat' dir='ltr'>Equidem</span> <span class='ocrx_word' id='word_1_315' title='bbox 1100 2817 1135 2855; x_wconf 93' lang='lat' dir='ltr'>an</span> <span class='ocrx_word' id='word_1_316' title='bbox 1147 2801 1232 2855; x_wconf 90' lang='lat' dir='ltr'>editio</span> <span class='ocrx_word' id='word_1_317' title='bbox 1242 2801 1301 2856; x_wconf 84' lang='lat' dir='ltr'>haec</span> <span class='ocrx_word' id='word_1_318' title='bbox 1314 2802 1437 2857; x_wconf 86' lang='lat' dir='ltr'>secunda</span> <span class='ocrx_word' id='word_1_319' title='bbox 1447 2801 1621 2858; x_wconf 77' lang='lat' dir='ltr'>coloniensis</span> <span class='ocrx_word' id='word_1_320' title='bbox 1629 2805 1712 2875; x_wconf 89' lang='lat' dir='ltr'>plane</span> 
     </span>
     <span class='ocr_line' id='line_1_30' title="bbox 108 2887 1713 2963; baseline 0.004 -21"><span class='ocrx_word' id='word_1_321' title='bbox 108 2887 209 2942; x_wconf 83' lang='lat' dir='ltr'>Tertia</span> <span class='ocrx_word' id='word_1_322' title='bbox 222 2887 319 2953; x_wconf 89' lang='lat' dir='ltr'>editio,</span> <span class='ocrx_word' id='word_1_323' title='bbox 334 2890 445 2945; x_wconf 89' lang='lat' dir='ltr'>varians</span> <span class='ocrx_word' id='word_1_324' title='bbox 464 2895 508 2945; x_wconf 86' lang='lat' dir='ltr'>est</span> <span class='ocrx_word' id='word_1_325' title='bbox 521 2891 695 2947; x_wconf 80' lang='lat' dir='ltr'>coloniensis</span> <span class='ocrx_word' id='word_1_326' title='bbox 709 2908 782 2949; x_wconf 89' lang='lat' dir='ltr'>anno</span> <span class='ocrx_word' id='word_1_327' title='bbox 802 2891 872 2949; x_wconf 77' lang='lat'>1547</span> <span class='ocrx_word' id='word_1_328' title='bbox 914 2903 985 2943; x_wconf 90' lang='lat' dir='ltr'>nova</span> <span class='ocrx_word' id='word_1_329' title='bbox 995 2889 1040 2954; x_wconf 91' lang='lat' dir='ltr'>sit,</span> <span class='ocrx_word' id='word_1_330' title='bbox 1057 2906 1164 2944; x_wconf 88' lang='lat' dir='ltr'>anvero</span> <span class='ocrx_word' id='word_1_331' title='bbox 1174 2890 1273 2945; x_wconf 88' lang='lat' dir='ltr'>titulus</span> <span class='ocrx_word' id='word_1_332' title='bbox 1287 2896 1396 2945; x_wconf 88' lang='lat' dir='ltr'>tantum</span> <span class='ocrx_word' id='word_1_333' title='bbox 1411 2896 1546 2955; x_wconf 91' lang='lat' dir='ltr'>mutatus,</span> <span class='ocrx_word' id='word_1_334' title='bbox 1563 2893 1713 2963; x_wconf 88' lang='lat' dir='ltr'>quodPro·</span> 
     </span>
     <span class='ocr_line' id='line_1_31' title="bbox 72 2976 1712 3054; baseline 0.004 -24"><span class='ocrx_word' id='word_1_335' title='bbox 72 2991 133 3046; x_wconf 76' lang='lat' dir='ltr'>ques</span> <span class='ocrx_word' id='word_1_336' title='bbox 148 2976 242 3047; x_wconf 84' lang='lat' dir='ltr'>primo</span> <span class='ocrx_word' id='word_1_337' title='bbox 257 2977 363 3049; x_wconf 88' lang='lat' dir='ltr'>prodiit</span> <span class='ocrx_word' id='word_1_338' title='bbox 377 2980 429 3033; x_wconf 89' lang='lat' dir='ltr'>hoc</span> <span class='ocrx_word' id='word_1_339' title='bbox 452 2979 536 3034; x_wconf 89' lang='lat' dir='ltr'>titulo</span> <span class='ocrx_word' id='word_1_340' title='bbox 553 2998 560 3033; x_wconf 74' lang='grc' dir='ltr'><strong><em>ε</em></strong></span> <span class='ocrx_word' id='word_1_341' title='bbox 585 2983 752 3050; x_wconf 76' lang='lat' dir='ltr'>Prototppon</span> <span class='ocrx_word' id='word_1_342' title='bbox 775 2985 872 3036; x_wconf 82' lang='lat' dir='ltr'>veteris</span> <span class='ocrx_word' id='word_1_343' title='bbox 913 2978 1414 3050; x_wconf 83' lang='lat' dir='ltr'>tetypinomenminusnotumesset,</span> <span class='ocrx_word' id='word_1_344' title='bbox 1425 2980 1568 3037; x_wconf 86' lang='lat' dir='ltr'>affirmare</span> <span class='ocrx_word' id='word_1_345' title='bbox 1582 2998 1638 3036; x_wconf 94' lang='lat' dir='ltr'>non</span> <span class='ocrx_word' id='word_1_346' title='bbox 1650 2999 1712 3054; x_wconf 88' lang='lat' dir='ltr'>pos·</span> 
     </span>
     <span class='ocr_line' id='line_1_32' title="bbox 71 3043 1710 3141; baseline 0.004 -22"><span class='ocrx_word' id='word_1_347' title='bbox 71 3065 204 3132; x_wconf 55' lang='grc' dir='ltr'>Κώεω,</span> <span class='ocrx_word' id='word_1_348' title='bbox 222 3070 368 3122; x_wconf 79' lang='lat' dir='ltr'>continens</span> <span class='ocrx_word' id='word_1_349' title='bbox 379 3069 458 3134; x_wconf 83' lang='lat' dir='ltr'>Vites,</span> <span class='ocrx_word' id='word_1_350' title='bbox 475 3073 558 3136; x_wconf 77' lang='lat' dir='ltr'>qesta,</span> <span class='ocrx_word' id='word_1_351' title='bbox 572 3070 698 3141; x_wconf 81' lang='lat' dir='ltr'>dictoque</span> <span class='ocrx_word' id='word_1_352' title='bbox 712 3043 904 3125; x_wconf 84' lang='lat' dir='ltr'>sanctorumG</span> <span class='ocrx_word' id='word_1_353' title='bbox 914 3083 987 3122; x_wconf 87' lang='lat' dir='ltr'>sum.</span> <span class='ocrx_word' id='word_1_354' title='bbox 1003 3068 1085 3123; x_wconf 85' lang='lat' dir='ltr'>Certe</span> <span class='ocrx_word' id='word_1_355' title='bbox 1099 3069 1227 3123; x_wconf 69' lang='lat' dir='ltr'>secundae</span> <span class='ocrx_word' id='word_1_356' title='bbox 1236 3068 1365 3123; x_wconf 87' lang='lat' dir='ltr'>editionis</span> <span class='ocrx_word' id='word_1_357' title='bbox 1374 3069 1440 3123; x_wconf 84' lang='lat' dir='ltr'>folia</span> <span class='ocrx_word' id='word_1_358' title='bbox 1449 3074 1477 3123; x_wconf 91' lang='lat' dir='ltr'>et</span> <span class='ocrx_word' id='word_1_359' title='bbox 1490 3070 1550 3141; x_wconf 84' lang='lat' dir='ltr'>typi</span> <span class='ocrx_word' id='word_1_360' title='bbox 1562 3087 1626 3125; x_wconf 87' lang='lat' dir='ltr'>curn</span> <span class='ocrx_word' id='word_1_361' title='bbox 1636 3071 1710 3141; x_wconf 85' lang='lat' dir='ltr'>prio·</span> 
     </span>
     <span class='ocr_line' id='line_1_33' title="bbox 71 3153 1711 3229; baseline 0.005 -22"><span class='ocrx_word' id='word_1_362' title='bbox 71 3153 120 3206; x_wconf 84' lang='lat' dir='ltr'>Hei</span> <span class='ocrx_word' id='word_1_363' title='bbox 132 3157 294 3210; x_wconf 79' lang='lat' dir='ltr'>emimrum</span> <span class='ocrx_word' id='word_1_364' title='bbox 308 3159 546 3226; x_wconf 76' lang='lat' dir='ltr'>utrimquesecus,</span> <span class='ocrx_word' id='word_1_365' title='bbox 558 3163 670 3214; x_wconf 86' lang='lat' dir='ltr'>auctore</span> <span class='ocrx_word' id='word_1_366' title='bbox 683 3161 872 3229; x_wconf 77' lang='lat' dir='ltr'>courbepsocto</span> <span class='ocrx_word' id='word_1_367' title='bbox 913 3155 952 3210; x_wconf 89' lang='lat' dir='ltr'>ris</span> <span class='ocrx_word' id='word_1_368' title='bbox 966 3156 1096 3211; x_wconf 91' lang='lat' dir='ltr'>editionis</span> <span class='ocrx_word' id='word_1_369' title='bbox 1110 3157 1183 3211; x_wconf 84' lang='lat' dir='ltr'>foliis</span> <span class='ocrx_word' id='word_1_370' title='bbox 1194 3173 1227 3211; x_wconf 89' lang='lat' dir='ltr'>ac</span> <span class='ocrx_word' id='word_1_371' title='bbox 1240 3158 1314 3228; x_wconf 82' lang='lat' dir='ltr'>typis</span> <span class='ocrx_word' id='word_1_372' title='bbox 1327 3159 1409 3228; x_wconf 87' lang='lat' dir='ltr'>plane</span> <span class='ocrx_word' id='word_1_373' title='bbox 1423 3159 1582 3229; x_wconf 87' lang='lat' dir='ltr'>quadrant:</span> <span class='ocrx_word' id='word_1_374' title='bbox 1606 3159 1711 3215; x_wconf 85' lang='lat' dir='ltr'>omissa</span> 
     </span>
     <span class='ocr_line' id='line_1_34' title="bbox 71 3244 1710 3320; baseline 0.004 -23"><span class='ocrx_word' id='word_1_375' title='bbox 71 3248 164 3297; x_wconf 72' lang='lat' dir='ltr'>macto</span> <span class='ocrx_word' id='word_1_376' title='bbox 178 3244 349 3314; x_wconf 70' lang='lat' dir='ltr'>Hieronymo</span> <span class='ocrx_word' id='word_1_377' title='bbox 359 3248 477 3315; x_wconf 84' lang='lat' dir='ltr'>partim,</span> <span class='ocrx_word' id='word_1_378' title='bbox 490 3250 599 3316; x_wconf 84' lang='lat' dir='ltr'>partim</span> <span class='ocrx_word' id='word_1_379' title='bbox 619 3249 684 3302; x_wconf 82' lang='lat' dir='ltr'>eliis</span> <span class='ocrx_word' id='word_1_380' title='bbox 694 3252 775 3317; x_wconf 83' lang='lat' dir='ltr'>utque</span> <span class='ocrx_word' id='word_1_381' title='bbox 793 3251 869 3317; x_wconf 81' lang='lat' dir='ltr'>attis,</span> <span class='ocrx_word' id='word_1_382' title='bbox 911 3250 1023 3300; x_wconf 86' lang='lat' dir='ltr'>tantum</span> <span class='ocrx_word' id='word_1_383' title='bbox 1037 3244 1083 3299; x_wconf 90' lang='lat' dir='ltr'>hic</span> <span class='ocrx_word' id='word_1_384' title='bbox 1097 3246 1324 3318; x_wconf 88' lang='lat' dir='ltr'>estparaphrasis</span> <span class='ocrx_word' id='word_1_385' title='bbox 1339 3245 1465 3301; x_wconf 83' lang='lat' dir='ltr'>Cassiani</span> <span class='ocrx_word' id='word_1_386' title='bbox 1476 3252 1505 3302; x_wconf 89' lang='lat' dir='ltr'>et</span> <span class='ocrx_word' id='word_1_387' title='bbox 1514 3247 1710 3320; x_wconf 83' lang='lat' dir='ltr'>Climaci,quee</span> 
     </span>
     <span class='ocr_line' id='line_1_35' title="bbox 71 3330 1709 3406; baseline 0.002 -18"><span class='ocrx_word' id='word_1_388' title='bbox 71 3330 190 3388; x_wconf 70' lang='lat' dir='ltr'>onnes</span> <span class='ocrx_word' id='word_1_389' title='bbox 200 3348 251 3401; x_wconf 82' lang='lat' dir='ltr'>per</span> <span class='ocrx_word' id='word_1_390' title='bbox 264 3333 412 3403; x_wconf 75' lang='lat' dir='ltr'>desperem</span> <span class='ocrx_word' id='word_1_391' title='bbox 427 3334 616 3404; x_wconf 80' lang='lat' dir='ltr'>Gennepeum.</span> <span class='ocrx_word' id='word_1_392' title='bbox 911 3333 999 3404; x_wconf 92' lang='lat' dir='ltr'>priori</span> <span class='ocrx_word' id='word_1_393' title='bbox 1013 3333 1128 3389; x_wconf 90' lang='lat' dir='ltr'>editioni</span> <span class='ocrx_word' id='word_1_394' title='bbox 1143 3333 1172 3388; x_wconf 92' lang='lat' dir='ltr'>in</span> <span class='ocrx_word' id='word_1_395' title='bbox 1187 3335 1262 3388; x_wconf 88' lang='lat' dir='ltr'>ealce</span> <span class='ocrx_word' id='word_1_396' title='bbox 1276 3335 1484 3406; x_wconf 87' lang='lat' dir='ltr'>adjunctaerat,</span> <span class='ocrx_word' id='word_1_397' title='bbox 1502 3341 1531 3389; x_wconf 89' lang='lat' dir='ltr'>et</span> <span class='ocrx_word' id='word_1_398' title='bbox 1545 3336 1709 3392; x_wconf 91' lang='lat' dir='ltr'>eorumloco</span> 
     </span>
     <span class='ocr_line' id='line_1_36' title="bbox 105 3419 1538 3494; baseline 0.002 -19"><span class='ocrx_word' id='word_1_399' title='bbox 105 3419 264 3476; x_wconf 81' lang='lat' dir='ltr'>Adornavit</span> <span class='ocrx_word' id='word_1_400' title='bbox 276 3422 349 3478; x_wconf 85' lang='lat' dir='ltr'>hanc</span> <span class='ocrx_word' id='word_1_401' title='bbox 359 3422 510 3478; x_wconf 90' lang='lat' dir='ltr'>editionem</span> <span class='ocrx_word' id='word_1_402' title='bbox 519 3424 607 3478; x_wconf 85' lang='lat' dir='ltr'>frater</span> <span class='ocrx_word' id='word_1_403' title='bbox 618 3424 807 3481; x_wconf 87' lang='lat' dir='ltr'>Theodericus</span> <span class='ocrx_word' id='word_1_404' title='bbox 818 3427 870 3481; x_wconf 91' lang='lat' dir='ltr'>Lo·</span> <span class='ocrx_word' id='word_1_405' title='bbox 911 3421 1062 3477; x_wconf 82' lang='lat' dir='ltr'>substituta</span> <span class='ocrx_word' id='word_1_406' title='bbox 1076 3428 1119 3477; x_wconf 89' lang='lat' dir='ltr'>est</span> <span class='ocrx_word' id='word_1_407' title='bbox 1130 3423 1194 3477; x_wconf 86' lang='lat' dir='ltr'>Vita</span> <span class='ocrx_word' id='word_1_408' title='bbox 1206 3422 1336 3477; x_wconf 89' lang='lat' dir='ltr'>Barlaam</span> <span class='ocrx_word' id='word_1_409' title='bbox 1351 3428 1380 3478; x_wconf 89' lang='lat' dir='ltr'>et</span> <span class='ocrx_word' id='word_1_410' title='bbox 1393 3424 1408 3477; x_wconf 91' lang='lat' dir='ltr'>J</span> <span class='ocrx_word' id='word_1_411' title='bbox 1411 3424 1538 3494; x_wconf 89' lang='lat' dir='ltr'>osaphat.</span> 
     </span>
     <span class='ocr_line' id='line_1_37' title="bbox 72 3506 1709 3585; baseline 0.004 -23"><span class='ocrx_word' id='word_1_412' title='bbox 72 3506 122 3562; x_wconf 88' lang='lat' dir='ltr'>her</span> <span class='ocrx_word' id='word_1_413' title='bbox 134 3525 154 3563; x_wconf 88' lang='lat' dir='ltr'>a</span> <span class='ocrx_word' id='word_1_414' title='bbox 167 3509 280 3577; x_wconf 82' lang='lat' dir='ltr'>Stratis,</span> <span class='ocrx_word' id='word_1_415' title='bbox 294 3511 449 3567; x_wconf 75' lang='lat' dir='ltr'>Canthusiae</span> <span class='ocrx_word' id='word_1_416' title='bbox 464 3513 534 3567; x_wconf 76' lang='lat' dir='ltr'>aulae</span> <span class='ocrx_word' id='word_1_417' title='bbox 544 3512 639 3567; x_wconf 79' lang='lat' dir='ltr'>hieriae</span> <span class='ocrx_word' id='word_1_418' title='bbox 649 3512 678 3567; x_wconf 91' lang='lat' dir='ltr'>in</span> <span class='ocrx_word' id='word_1_419' title='bbox 693 3513 781 3568; x_wconf 83' lang='lat' dir='ltr'>Buxia</span> <span class='ocrx_word' id='word_1_420' title='bbox 794 3513 872 3585; x_wconf 91' lang='lat' dir='ltr'>prior</span> <span class='ocrx_word' id='word_1_421' title='bbox 947 3511 1088 3582; x_wconf 88' lang='lat' dir='ltr'>Quidquid</span> <span class='ocrx_word' id='word_1_422' title='bbox 1101 3512 1148 3576; x_wconf 92' lang='lat' dir='ltr'>sit,</span> <span class='ocrx_word' id='word_1_423' title='bbox 1162 3528 1219 3566; x_wconf 91' lang='lat' dir='ltr'>non</span> <span class='ocrx_word' id='word_1_424' title='bbox 1233 3511 1330 3567; x_wconf 92' lang='lat' dir='ltr'>dubito</span> <span class='ocrx_word' id='word_1_425' title='bbox 1346 3512 1466 3566; x_wconf 89' lang='lat' dir='ltr'>multum</span> <span class='ocrx_word' id='word_1_426' title='bbox 1480 3511 1584 3568; x_wconf 88' lang='lat' dir='ltr'>laboris</span> <span class='ocrx_word' id='word_1_427' title='bbox 1599 3513 1709 3569; x_wconf 88' lang='lat' dir='ltr'>insum-</span> 
     </span>
     <span class='ocr_line' id='line_1_38' title="bbox 72 3598 1709 3673; baseline 0.004 -22"><span class='ocrx_word' id='word_1_428' title='bbox 72 3612 104 3650; x_wconf 89' lang='lat' dir='ltr'>ae</span> <span class='ocrx_word' id='word_1_429' title='bbox 122 3598 303 3669; x_wconf 84' lang='lat' dir='ltr'>provincialis</span> <span class='ocrx_word' id='word_1_430' title='bbox 313 3599 447 3666; x_wconf 87' lang='lat' dir='ltr'>visitator,</span> <span class='ocrx_word' id='word_1_431' title='bbox 464 3617 583 3672; x_wconf 90' lang='lat' dir='ltr'>eamque</span> <span class='ocrx_word' id='word_1_432' title='bbox 596 3601 733 3656; x_wconf 90' lang='lat' dir='ltr'>dedicavit</span> <span class='ocrx_word' id='word_1_433' title='bbox 742 3619 872 3658; x_wconf 87' lang='lat' dir='ltr'>reveren·</span> <span class='ocrx_word' id='word_1_434' title='bbox 911 3604 1016 3671; x_wconf 82' lang='lat' dir='ltr'>ptumo</span> <span class='ocrx_word' id='word_1_435' title='bbox 1028 3600 1201 3673; x_wconf 91' lang='lat' dir='ltr'>virooptimo</span> <span class='ocrx_word' id='word_1_436' title='bbox 1210 3601 1240 3656; x_wconf 92' lang='lat' dir='ltr'>in</span> <span class='ocrx_word' id='word_1_437' title='bbox 1255 3600 1394 3655; x_wconf 90' lang='lat' dir='ltr'>veteribus</span> <span class='ocrx_word' id='word_1_438' title='bbox 1409 3601 1613 3673; x_wconf 79' lang='lat' dir='ltr'>exemplaribus</span> <span class='ocrx_word' id='word_1_439' title='bbox 1627 3603 1709 3658; x_wconf 90' lang='lat' dir='ltr'>casti·</span> 
     </span>
     <span class='ocr_line' id='line_1_39' title="bbox 73 3684 1513 3762; baseline 0.003 -21"><span class='ocrx_word' id='word_1_440' title='bbox 73 3684 188 3741; x_wconf 67' lang='lat' dir='ltr'>maimo</span> <span class='ocrx_word' id='word_1_441' title='bbox 216 3694 246 3743; x_wconf 93' lang='lat' dir='ltr'>et</span> <span class='ocrx_word' id='word_1_442' title='bbox 270 3688 458 3744; x_wconf 87' lang='lat' dir='ltr'>illustrissimo</span> <span class='ocrx_word' id='word_1_443' title='bbox 481 3689 600 3762; x_wconf 90' lang='lat' dir='ltr'>principi</span> <span class='ocrx_word' id='word_1_444' title='bbox 622 3690 725 3746; x_wconf 92' lang='lat' dir='ltr'>Othoni</span> <span class='ocrx_word' id='word_1_445' title='bbox 744 3691 772 3746; x_wconf 90' lang='lat' dir='ltr'>S.</span> <span class='ocrx_word' id='word_1_446' title='bbox 787 3691 820 3746; x_wconf 88' lang='lat' dir='ltr'>R.</span> <span class='ocrx_word' id='word_1_447' title='bbox 838 3692 868 3747; x_wconf 88' lang='grc' dir='ltr'>Ε.</span> <span class='ocrx_word' id='word_1_448' title='bbox 910 3688 1021 3759; x_wconf 84' lang='lat' dir='ltr'>gaudis.</span> <span class='ocrx_word' id='word_1_449' title='bbox 1095 3705 1102 3720; x_wconf 92' lang='lat'><strong>·</strong></span> <span class='ocrx_word' id='word_1_450' title='bbox 1506 3695 1513 3704; x_wconf 85' lang='grc'><strong><em>’</em></strong></span> 
     </span>
     <span class='ocr_line' id='line_1_40' title="bbox 73 3774 1710 3852; baseline 0.002 -22"><span class='ocrx_word' id='word_1_451' title='bbox 73 3774 219 3843; x_wconf 80' lang='lat' dir='ltr'>cardinali,</span> <span class='ocrx_word' id='word_1_452' title='bbox 235 3776 364 3849; x_wconf 84' lang='lat' dir='ltr'>episeopo</span> <span class='ocrx_word' id='word_1_453' title='bbox 375 3779 549 3850; x_wconf 70' lang='lat' dir='ltr'>augustano,</span> <span class='ocrx_word' id='word_1_454' title='bbox 560 3779 680 3850; x_wconf 90' lang='lat' dir='ltr'>quemin</span> <span class='ocrx_word' id='word_1_455' title='bbox 690 3778 808 3850; x_wconf 87' lang='lat' dir='ltr'>epistola</span> <span class='ocrx_word' id='word_1_456' title='bbox 819 3797 871 3835; x_wconf 88' lang='lat' dir='ltr'>sua</span> <span class='ocrx_word' id='word_1_457' title='bbox 947 3778 1064 3833; x_wconf 83' lang='lat' dir='ltr'>Constat</span> <span class='ocrx_word' id='word_1_458' title='bbox 1083 3784 1178 3833; x_wconf 88' lang='lat' dir='ltr'>autem</span> <span class='ocrx_word' id='word_1_459' title='bbox 1199 3780 1259 3834; x_wconf 82' lang='lat' dir='ltr'>hrec</span> <span class='ocrx_word' id='word_1_460' title='bbox 1273 3780 1358 3835; x_wconf 88' lang='lat' dir='ltr'>editio</span> <span class='ocrx_word' id='word_1_461' title='bbox 1381 3779 1461 3835; x_wconf 90' lang='lat' dir='ltr'>libris</span> <span class='ocrx_word' id='word_1_462' title='bbox 1474 3780 1608 3852; x_wconf 89' lang='lat' dir='ltr'>quinque,</span> <span class='ocrx_word' id='word_1_463' title='bbox 1623 3780 1666 3834; x_wconf 90' lang='lat' dir='ltr'>uti</span> <span class='ocrx_word' id='word_1_464' title='bbox 1681 3784 1710 3835; x_wconf 88' lang='lat' dir='ltr'>et</span> 
     </span>
     <span class='ocr_line' id='line_1_41' title="bbox 73 3862 1708 3940; baseline 0.003 -22"><span class='ocrx_word' id='word_1_465' title='bbox 73 3862 255 3932; x_wconf 83' lang='lat' dir='ltr'>dedicatoria,</span> <span class='ocrx_word' id='word_1_466' title='bbox 271 3883 356 3938; x_wconf 86' lang='lat' dir='ltr'>quam</span> <span class='ocrx_word' id='word_1_467' title='bbox 366 3866 525 3939; x_wconf 80' lang='lat' dir='ltr'>Retisponae</span> <span class='ocrx_word' id='word_1_468' title='bbox 539 3883 613 3922; x_wconf 86' lang='lat' dir='ltr'>anno</span> <span class='ocrx_word' id='word_1_469' title='bbox 625 3865 693 3924; x_wconf 78' lang='lat'>1546</span> <span class='ocrx_word' id='word_1_470' title='bbox 701 3867 822 3940; x_wconf 84' lang='lat' dir='ltr'>scripsit,</span> <span class='ocrx_word' id='word_1_471' title='bbox 834 3869 870 3924; x_wconf 90' lang='lat' dir='ltr'>de</span> <span class='ocrx_word' id='word_1_472' title='bbox 911 3865 1002 3937; x_wconf 86' lang='lat' dir='ltr'>prima</span> <span class='ocrx_word' id='word_1_473' title='bbox 1015 3867 1099 3922; x_wconf 88' lang='lat' dir='ltr'>editio</span> <span class='ocrx_word' id='word_1_474' title='bbox 1109 3887 1115 3936; x_wconf 88' lang='lat'>;</span> <span class='ocrx_word' id='word_1_475' title='bbox 1126 3868 1174 3922; x_wconf 90' lang='lat' dir='ltr'>sed</span> <span class='ocrx_word' id='word_1_476' title='bbox 1188 3869 1286 3923; x_wconf 86' lang='lat' dir='ltr'>ordine</span> <span class='ocrx_word' id='word_1_477' title='bbox 1300 3870 1421 3924; x_wconf 88' lang='lat' dir='ltr'>multum</span> <span class='ocrx_word' id='word_1_478' title='bbox 1433 3868 1592 3935; x_wconf 85' lang='lat' dir='ltr'>immutato,</span> <span class='ocrx_word' id='word_1_479' title='bbox 1604 3874 1634 3924; x_wconf 92' lang='lat' dir='ltr'>et</span> <span class='ocrx_word' id='word_1_480' title='bbox 1644 3868 1708 3940; x_wconf 91' lang='lat' dir='ltr'>qui·</span> 
     </span>
     <span class='ocr_line' id='line_1_42' title="bbox 72 3953 1651 4028; baseline 0.003 -21"><span class='ocrx_word' id='word_1_481' title='bbox 72 3967 120 4008; x_wconf 82' lang='lat' dir='ltr'>sua</span> <span class='ocrx_word' id='word_1_482' title='bbox 135 3953 166 4008; x_wconf 89' lang='lat' dir='ltr'>in</span> <span class='ocrx_word' id='word_1_483' title='bbox 179 3954 235 4009; x_wconf 90' lang='lat' dir='ltr'>hoe</span> <span class='ocrx_word' id='word_1_484' title='bbox 247 3954 318 4009; x_wconf 92' lang='lat' dir='ltr'>libro</span> <span class='ocrx_word' id='word_1_485' title='bbox 332 3956 502 4012; x_wconf 89' lang='lat' dir='ltr'>recensendo</span> <span class='ocrx_word' id='word_1_486' title='bbox 517 3973 603 4028; x_wconf 90' lang='lat' dir='ltr'>opera</span> <span class='ocrx_word' id='word_1_487' title='bbox 616 3956 722 4011; x_wconf 89' lang='lat' dir='ltr'>edocet.</span> <span class='ocrx_word' id='word_1_488' title='bbox 910 3953 1027 4009; x_wconf 85' lang='lat' dir='ltr'>busdam</span> <span class='ocrx_word' id='word_1_489' title='bbox 1040 3972 1073 4009; x_wconf 88' lang='lat' dir='ltr'>ex</span> <span class='ocrx_word' id='word_1_490' title='bbox 1087 3957 1210 4011; x_wconf 89' lang='lat' dir='ltr'>secunda</span> <span class='ocrx_word' id='word_1_491' title='bbox 1221 3957 1354 4024; x_wconf 86' lang='lat' dir='ltr'>editione,</span> <span class='ocrx_word' id='word_1_492' title='bbox 1372 3962 1400 4012; x_wconf 88' lang='lat' dir='ltr'>et</span> <span class='ocrx_word' id='word_1_493' title='bbox 1411 3957 1524 4012; x_wconf 86' lang='lat' dir='ltr'>aliunde</span> <span class='ocrx_word' id='word_1_494' title='bbox 1539 3956 1651 4012; x_wconf 89' lang='lat' dir='ltr'>additis.</span> 
     </span>
     <span class='ocr_line' id='line_1_43' title="bbox 108 4038 1708 4118; baseline 0.003 -24"><span class='ocrx_word' id='word_1_495' title='bbox 108 4038 218 4097; x_wconf 76' lang='lat' dir='ltr'>«Vitas</span> <span class='ocrx_word' id='word_1_496' title='bbox 238 4043 354 4100; x_wconf 84' lang='lat' dir='ltr'>Petrum</span> <span class='ocrx_word' id='word_1_497' title='bbox 378 4062 430 4116; x_wconf 87' lang='lat' dir='ltr'>ego</span> <span class='ocrx_word' id='word_1_498' title='bbox 450 4062 484 4100; x_wconf 86' lang='lat' dir='ltr'>ex</span> <span class='ocrx_word' id='word_1_499' title='bbox 506 4045 629 4116; x_wconf 87' lang='lat' dir='ltr'>antiquis</span> <span class='ocrx_word' id='word_1_500' title='bbox 654 4050 683 4101; x_wconf 90' lang='lat' dir='ltr'>et</span> <span class='ocrx_word' id='word_1_501' title='bbox 701 4046 756 4100; x_wconf 88' lang='lat' dir='ltr'>lide</span> <span class='ocrx_word' id='word_1_502' title='bbox 774 4045 869 4116; x_wconf 81' lang='lat' dir='ltr'>dignis</span> <span class='ocrx_word' id='word_1_503' title='bbox 945 4043 1056 4099; x_wconf 89' lang='lat' dir='ltr'>Primus</span> <span class='ocrx_word' id='word_1_504' title='bbox 1066 4044 1137 4099; x_wconf 90' lang='lat' dir='ltr'>liber</span> <span class='ocrx_word' id='word_1_505' title='bbox 1146 4051 1257 4101; x_wconf 90' lang='lat' dir='ltr'>constat</span> <span class='ocrx_word' id='word_1_506' title='bbox 1267 4046 1357 4101; x_wconf 91' lang='lat' dir='ltr'>tribus</span> <span class='ocrx_word' id='word_1_507' title='bbox 1368 4046 1504 4118; x_wconf 87' lang='lat' dir='ltr'>partibus,</span> <span class='ocrx_word' id='word_1_508' title='bbox 1518 4062 1637 4118; x_wconf 89' lang='lat' dir='ltr'>quarum</span> <span class='ocrx_word' id='word_1_509' title='bbox 1652 4046 1708 4116; x_wconf 91' lang='lat' dir='ltr'>pri-</span> 
     </span>
     <span class='ocr_line' id='line_1_44' title="bbox 73 4131 1707 4205; baseline 0.002 -20"><span class='ocrx_word' id='word_1_510' title='bbox 73 4131 280 4203; x_wconf 85' lang='lat' dir='ltr'>exemplaribus</span> <span class='ocrx_word' id='word_1_511' title='bbox 302 4134 500 4205; x_wconf 86' lang='lat' dir='ltr'>manuscriptis</span> <span class='ocrx_word' id='word_1_512' title='bbox 523 4139 586 4189; x_wconf 87' lang='lat' dir='ltr'>octo</span> <span class='ocrx_word' id='word_1_513' title='bbox 608 4139 658 4189; x_wconf 90' lang='lat' dir='ltr'>aut</span> <span class='ocrx_word' id='word_1_514' title='bbox 676 4135 770 4189; x_wconf 90' lang='lat' dir='ltr'>decem</span> <span class='ocrx_word' id='word_1_515' title='bbox 785 4134 870 4189; x_wconf 90' lang='lat' dir='ltr'>simul</span> <span class='ocrx_word' id='word_1_516' title='bbox 910 4147 958 4185; x_wconf 84' lang='lat' dir='ltr'>ma</span> <span class='ocrx_word' id='word_1_517' title='bbox 968 4137 1011 4187; x_wconf 91' lang='lat' dir='ltr'>est</span> <span class='ocrx_word' id='word_1_518' title='bbox 1019 4132 1053 4186; x_wconf 90' lang='lat' dir='ltr'>de</span> <span class='ocrx_word' id='word_1_519' title='bbox 1068 4134 1170 4189; x_wconf 89' lang='lat' dir='ltr'>sanctis</span> <span class='ocrx_word' id='word_1_520' title='bbox 1184 4133 1266 4203; x_wconf 87' lang='lat' dir='ltr'>viris;</span> <span class='ocrx_word' id='word_1_521' title='bbox 1283 4135 1405 4189; x_wconf 88' lang='lat' dir='ltr'>secunda</span> <span class='ocrx_word' id='word_1_522' title='bbox 1414 4136 1449 4189; x_wconf 93' lang='lat' dir='ltr'>de</span> <span class='ocrx_word' id='word_1_523' title='bbox 1462 4135 1566 4189; x_wconf 88' lang='lat' dir='ltr'>sanctis</span> <span class='ocrx_word' id='word_1_524' title='bbox 1579 4133 1707 4189; x_wconf 89' lang='lat' dir='ltr'>mulieri·</span> 
     </span>
     <span class='ocr_line' id='line_1_45' title="bbox 72 4217 1708 4295; baseline 0.004 -22"><span class='ocrx_word' id='word_1_525' title='bbox 72 4219 191 4286; x_wconf 85' lang='lat' dir='ltr'>collatis,</span> <span class='ocrx_word' id='word_1_526' title='bbox 211 4237 270 4276; x_wconf 92' lang='lat' dir='ltr'>non</span> <span class='ocrx_word' id='word_1_527' title='bbox 283 4221 384 4293; x_wconf 82' lang='lat' dir='ltr'>exiguo</span> <span class='ocrx_word' id='word_1_528' title='bbox 400 4221 495 4277; x_wconf 89' lang='lat' dir='ltr'>labore</span> <span class='ocrx_word' id='word_1_529' title='bbox 513 4226 656 4294; x_wconf 90' lang='lat' dir='ltr'>utcunque</span> <span class='ocrx_word' id='word_1_530' title='bbox 668 4222 826 4294; x_wconf 81' lang='lat' dir='ltr'>recognovi,</span> <span class='ocrx_word' id='word_1_531' title='bbox 841 4229 870 4277; x_wconf 90' lang='lat' dir='ltr'>et</span> <span class='ocrx_word' id='word_1_532' title='bbox 909 4217 979 4274; x_wconf 90' lang='lat' dir='ltr'>bus:</span> <span class='ocrx_word' id='word_1_533' title='bbox 997 4238 1057 4292; x_wconf 86' lang='lat' dir='ltr'>quae</span> <span class='ocrx_word' id='word_1_534' title='bbox 1070 4227 1190 4295; x_wconf 89' lang='lat' dir='ltr'>utraque</span> <span class='ocrx_word' id='word_1_535' title='bbox 1205 4240 1269 4295; x_wconf 91' lang='lat' dir='ltr'>pars</span> <span class='ocrx_word' id='word_1_536' title='bbox 1284 4223 1422 4294; x_wconf 84' lang='lat' dir='ltr'>permixta</span> <span class='ocrx_word' id='word_1_537' title='bbox 1439 4226 1468 4276; x_wconf 89' lang='lat' dir='ltr'>et</span> <span class='ocrx_word' id='word_1_538' title='bbox 1481 4223 1603 4276; x_wconf 85' lang='lat' dir='ltr'>conflata</span> <span class='ocrx_word' id='word_1_539' title='bbox 1616 4227 1660 4276; x_wconf 89' lang='lat' dir='ltr'>est</span> <span class='ocrx_word' id='word_1_540' title='bbox 1673 4238 1708 4279; x_wconf 78' lang='lat' dir='ltr'>ex</span> 
     </span>
     <span class='ocr_line' id='line_1_46' title="bbox 73 4308 1706 4384; baseline 0.001 -22"><span class='ocrx_word' id='word_1_541' title='bbox 73 4308 266 4380; x_wconf 83' lang='lat' dir='ltr'>eiintegritati</span> <span class='ocrx_word' id='word_1_542' title='bbox 274 4311 431 4366; x_wconf 89' lang='lat' dir='ltr'>restituisse</span> <span class='ocrx_word' id='word_1_543' title='bbox 438 4328 481 4365; x_wconf 92' lang='lat' dir='ltr'>me</span> <span class='ocrx_word' id='word_1_544' title='bbox 491 4312 676 4383; x_wconf 87' lang='lat' dir='ltr'>puto,quavel</span> <span class='ocrx_word' id='word_1_545' title='bbox 684 4312 864 4383; x_wconf 85' lang='lat' dir='ltr'>Hieronymo,</span> <span class='ocrx_word' id='word_1_546' title='bbox 908 4309 980 4364; x_wconf 92' lang='lat' dir='ltr'>libro</span> <span class='ocrx_word' id='word_1_547' title='bbox 995 4311 1085 4382; x_wconf 89' lang='lat' dir='ltr'>primo</span> <span class='ocrx_word' id='word_1_548' title='bbox 1098 4310 1202 4367; x_wconf 79' lang='lat' dir='ltr'>aaroni</span> <span class='ocrx_word' id='word_1_549' title='bbox 1218 4312 1275 4384; x_wconf 91' lang='lat' dir='ltr'>(qui</span> <span class='ocrx_word' id='word_1_550' title='bbox 1290 4312 1439 4367; x_wconf 91' lang='lat' dir='ltr'>estordine</span> <span class='ocrx_word' id='word_1_551' title='bbox 1453 4311 1592 4366; x_wconf 89' lang='lat' dir='ltr'>secundus</span> <span class='ocrx_word' id='word_1_552' title='bbox 1606 4311 1636 4364; x_wconf 92' lang='lat' dir='ltr'>in</span> <span class='ocrx_word' id='word_1_553' title='bbox 1655 4326 1706 4364; x_wconf 92' lang='lat' dir='ltr'>no-</span> 
     </span>
     <span class='ocr_line' id='line_1_47' title="bbox 72 4396 1705 4472; baseline -0.001 -20"><span class='ocrx_word' id='word_1_554' title='bbox 72 4396 238 4466; x_wconf 76' lang='lat' dir='ltr'>Athauaslo,</span> <span class='ocrx_word' id='word_1_555' title='bbox 259 4399 386 4467; x_wconf 87' lang='lat' dir='ltr'>Leontio,</span> <span class='ocrx_word' id='word_1_556' title='bbox 405 4399 594 4471; x_wconf 82' lang='lat' dir='ltr'>Amphilogio,</span> <span class='ocrx_word' id='word_1_557' title='bbox 617 4400 753 4467; x_wconf 79' lang='lat' dir='ltr'>Anthero,</span> <span class='ocrx_word' id='word_1_558' title='bbox 782 4401 866 4455; x_wconf 89' lang='lat' dir='ltr'>Nice·</span> <span class='ocrx_word' id='word_1_559' title='bbox 909 4404 967 4453; x_wconf 87' lang='lat' dir='ltr'>stra</span> <span class='ocrx_word' id='word_1_560' title='bbox 978 4400 1111 4467; x_wconf 89' lang='lat' dir='ltr'>editione)</span> <span class='ocrx_word' id='word_1_561' title='bbox 1127 4407 1154 4456; x_wconf 92' lang='lat' dir='ltr'>et</span> <span class='ocrx_word' id='word_1_562' title='bbox 1168 4400 1230 4456; x_wconf 87' lang='lat' dir='ltr'>aliis</span> <span class='ocrx_word' id='word_1_563' title='bbox 1244 4401 1316 4455; x_wconf 81' lang='lat' dir='ltr'>Vitis</span> <span class='ocrx_word' id='word_1_564' title='bbox 1331 4418 1392 4472; x_wconf 82' lang='lat' dir='ltr'>quae</span> <span class='ocrx_word' id='word_1_565' title='bbox 1405 4400 1434 4455; x_wconf 93' lang='lat' dir='ltr'>in</span> <span class='ocrx_word' id='word_1_566' title='bbox 1448 4400 1570 4455; x_wconf 91' lang='lat' dir='ltr'>secunda</span> <span class='ocrx_word' id='word_1_567' title='bbox 1584 4397 1705 4452; x_wconf 89' lang='lat' dir='ltr'>editione</span> 
     </span>
     <span class='ocr_line' id='line_1_48' title="bbox 70 4484 1705 4561; baseline -0.001 -20"><span class='ocrx_word' id='word_1_568' title='bbox 70 4485 168 4557; x_wconf 79' lang='lat' dir='ltr'>phono,</span> <span class='ocrx_word' id='word_1_569' title='bbox 185 4486 312 4559; x_wconf 79' lang='lat' dir='ltr'>Evagrio,</span> <span class='ocrx_word' id='word_1_570' title='bbox 338 4489 479 4556; x_wconf 89' lang='lat' dir='ltr'>Petronio,</span> <span class='ocrx_word' id='word_1_571' title='bbox 499 4489 642 4561; x_wconf 83' lang='lat' dir='ltr'>Eutropio,</span> <span class='ocrx_word' id='word_1_572' title='bbox 663 4487 819 4555; x_wconf 87' lang='lat' dir='ltr'>Heraclide,</span> <span class='ocrx_word' id='word_1_573' title='bbox 839 4495 867 4544; x_wconf 86' lang='lat' dir='ltr'>ot</span> <span class='ocrx_word' id='word_1_574' title='bbox 909 4493 972 4559; x_wconf 85' lang='lat' dir='ltr'>post</span> <span class='ocrx_word' id='word_1_575' title='bbox 986 4487 1088 4544; x_wconf 90' lang='lat' dir='ltr'>librum</span> <span class='ocrx_word' id='word_1_576' title='bbox 1103 4489 1226 4560; x_wconf 89' lang='lat' dir='ltr'>primum</span> <span class='ocrx_word' id='word_1_577' title='bbox 1246 4488 1350 4544; x_wconf 84' lang='lat' dir='ltr'>Ruffini</span> <span class='ocrx_word' id='word_1_578' title='bbox 1365 4489 1586 4554; x_wconf 83' lang='lat' dir='ltr'>subnectuntur3</span> <span class='ocrx_word' id='word_1_579' title='bbox 1603 4484 1705 4557; x_wconf 88' lang='lat' dir='ltr'>quibus</span> 
     </span>
     <span class='ocr_line' id='line_1_49' title="bbox 71 4573 1705 4651; baseline 0 -22"><span class='ocrx_word' id='word_1_580' title='bbox 71 4573 98 4628; x_wconf 93' lang='lat' dir='ltr'>id</span> <span class='ocrx_word' id='word_1_581' title='bbox 110 4591 204 4646; x_wconf 81' lang='lat' dir='ltr'>genua</span> <span class='ocrx_word' id='word_1_582' title='bbox 211 4575 275 4632; x_wconf 86' lang='lat' dir='ltr'>aliis</span> <span class='ocrx_word' id='word_1_583' title='bbox 290 4577 394 4634; x_wconf 87' lang='lat' dir='ltr'>sanctis</span> <span class='ocrx_word' id='word_1_584' title='bbox 407 4576 538 4635; x_wconf 88' lang='lat' dir='ltr'>Patribus</span> <span class='ocrx_word' id='word_1_585' title='bbox 552 4577 688 4649; x_wconf 91' lang='lat' dir='ltr'>scriptum</span> <span class='ocrx_word' id='word_1_586' title='bbox 701 4594 758 4633; x_wconf 92' lang='lat' dir='ltr'>non</span> <span class='ocrx_word' id='word_1_587' title='bbox 776 4577 867 4633; x_wconf 89' lang='lat' dir='ltr'>ambi·</span> <span class='ocrx_word' id='word_1_588' title='bbox 909 4584 1044 4651; x_wconf 77' lang='lat' dir='ltr'>preterea</span> <span class='ocrx_word' id='word_1_589' title='bbox 1058 4578 1202 4633; x_wconf 89' lang='lat' dir='ltr'>interserit</span> <span class='ocrx_word' id='word_1_590' title='bbox 1215 4578 1310 4633; x_wconf 81' lang='lat' dir='ltr'>Vitam</span> <span class='ocrx_word' id='word_1_591' title='bbox 1325 4578 1443 4649; x_wconf 84' lang='lat' dir='ltr'>Epicteti</span> <span class='ocrx_word' id='word_1_592' title='bbox 1458 4582 1486 4631; x_wconf 92' lang='lat' dir='ltr'>et</span> <span class='ocrx_word' id='word_1_593' title='bbox 1507 4575 1633 4638; x_wconf 75' lang='lat' dir='ltr'>astionis,</span> <span class='ocrx_word' id='word_1_594' title='bbox 1650 4574 1705 4629; x_wconf 89' lang='lat' dir='ltr'>Fa·</span> 
     </span>
     <span class='ocr_line' id='line_1_50' title="bbox 69 4663 1705 4738; baseline -0.001 -19"><span class='ocrx_word' id='word_1_595' title='bbox 69 4663 155 4734; x_wconf 83' lang='lat' dir='ltr'>gitur.</span> <span class='ocrx_word' id='word_1_596' title='bbox 908 4667 998 4733; x_wconf 84' lang='lat' dir='ltr'>biolae,</span> <span class='ocrx_word' id='word_1_597' title='bbox 1016 4671 1044 4722; x_wconf 92' lang='lat' dir='ltr'>et</span> <span class='ocrx_word' id='word_1_598' title='bbox 1064 4667 1213 4723; x_wconf 74' lang='lat' dir='ltr'>Marcelle.</span> <span class='ocrx_word' id='word_1_599' title='bbox 1236 4666 1331 4722; x_wconf 87' lang='lat' dir='ltr'>Tertia</span> <span class='ocrx_word' id='word_1_600' title='bbox 1348 4683 1413 4738; x_wconf 88' lang='lat' dir='ltr'>pars</span> <span class='ocrx_word' id='word_1_601' title='bbox 1428 4665 1554 4720; x_wconf 90' lang='lat' dir='ltr'>continet</span> <span class='ocrx_word' id='word_1_602' title='bbox 1574 4668 1705 4735; x_wconf 82' lang='lat' dir='ltr'>excerpta</span> 
     </span>
     <span class='ocr_line' id='line_1_51' title="bbox 106 4753 1523 4829; baseline -0.001 -21"><span class='ocrx_word' id='word_1_603' title='bbox 106 4773 119 4807; x_wconf 77' lang='grc' dir='ltr'><strong><em>ι</em></strong></span> <span class='ocrx_word' id='word_1_604' title='bbox 134 4753 244 4810; x_wconf 87' lang='lat' dir='ltr'>Deinde</span> <span class='ocrx_word' id='word_1_605' title='bbox 262 4755 293 4810; x_wconf 90' lang='lat' dir='ltr'>in</span> <span class='ocrx_word' id='word_1_606' title='bbox 308 4761 417 4812; x_wconf 89' lang='lat' dir='ltr'>certum</span> <span class='ocrx_word' id='word_1_607' title='bbox 431 4755 558 4812; x_wconf 90' lang='lat' dir='ltr'>ordinem</span> <span class='ocrx_word' id='word_1_608' title='bbox 573 4756 665 4828; x_wconf 86' lang='lat' dir='ltr'>quoad</span> <span class='ocrx_word' id='word_1_609' title='bbox 678 4757 739 4812; x_wconf 84' lang='lat' dir='ltr'>fieri</span> <span class='ocrx_word' id='word_1_610' title='bbox 762 4757 863 4829; x_wconf 91' lang='lat' dir='ltr'>potuit,</span> <span class='ocrx_word' id='word_1_611' title='bbox 907 4774 940 4813; x_wconf 82' lang='lat' dir='ltr'>er</span> <span class='ocrx_word' id='word_1_612' title='bbox 955 4758 1058 4813; x_wconf 87' lang='lat' dir='ltr'>Severo</span> <span class='ocrx_word' id='word_1_613' title='bbox 1073 4756 1206 4827; x_wconf 91' lang='lat' dir='ltr'>Sulpicio,</span> <span class='ocrx_word' id='word_1_614' title='bbox 1219 4761 1247 4810; x_wconf 90' lang='lat' dir='ltr'>et</span> <span class='ocrx_word' id='word_1_615' title='bbox 1259 4756 1274 4809; x_wconf 91' lang='lat' dir='ltr'>J</span> <span class='ocrx_word' id='word_1_616' title='bbox 1277 4770 1367 4809; x_wconf 91' lang='lat' dir='ltr'>oanne</span> <span class='ocrx_word' id='word_1_617' title='bbox 1380 4753 1523 4809; x_wconf 78' lang='lat' dir='ltr'>Cassiano.</span> 
     </span>
     <span class='ocr_line' id='line_1_52' title="bbox 66 4841 1701 4918; baseline -0.001 -21"><span class='ocrx_word' id='word_1_618' title='bbox 66 4843 148 4914; x_wconf 82' lang='lat' dir='ltr'>juxta</span> <span class='ocrx_word' id='word_1_619' title='bbox 164 4843 273 4898; x_wconf 77' lang='lat' dir='ltr'>seriem</span> <span class='ocrx_word' id='word_1_620' title='bbox 299 4851 328 4900; x_wconf 92' lang='lat' dir='ltr'>et</span> <span class='ocrx_word' id='word_1_621' title='bbox 352 4845 491 4901; x_wconf 88' lang='lat' dir='ltr'>rationem</span> <span class='ocrx_word' id='word_1_622' title='bbox 512 4851 673 4918; x_wconf 90' lang='lat' dir='ltr'>temporum</span> <span class='ocrx_word' id='word_1_623' title='bbox 694 4846 808 4918; x_wconf 83' lang='lat' dir='ltr'>digessi,</span> <span class='ocrx_word' id='word_1_624' title='bbox 835 4852 867 4902; x_wconf 91' lang='lat' dir='ltr'>ut</span> <span class='ocrx_word' id='word_1_625' title='bbox 942 4844 1296 4902; x_wconf 90' lang='lat' dir='ltr'>Secunduslibercontinet</span> <span class='ocrx_word' id='word_1_626' title='bbox 1310 4849 1471 4897; x_wconf 88' lang='lat' dir='ltr'>sanctorum</span> <span class='ocrx_word' id='word_1_627' title='bbox 1485 4842 1601 4897; x_wconf 86' lang='lat' dir='ltr'>Petrum</span> <span class='ocrx_word' id='word_1_628' title='bbox 1611 4841 1701 4908; x_wconf 83' lang='lat' dir='ltr'>Vitas,</span> 
     </span>
     <span class='ocr_line' id='line_1_53' title="bbox 68 4930 1704 5008; baseline -0.001 -21"><span class='ocrx_word' id='word_1_629' title='bbox 68 4930 262 4988; x_wconf 82' lang='lat' dir='ltr'>lectoratatim</span> <span class='ocrx_word' id='word_1_630' title='bbox 272 4939 484 5006; x_wconf 80' lang='lat' dir='ltr'>cognossetque</span> <span class='ocrx_word' id='word_1_631' title='bbox 492 4934 864 5008; x_wconf 85' lang='lat' dir='ltr'>quisquePatrumtempore</span> <span class='ocrx_word' id='word_1_632' title='bbox 907 4934 999 5002; x_wconf 90' lang='lat' dir='ltr'>verba,</span> <span class='ocrx_word' id='word_1_633' title='bbox 1012 4934 1163 4997; x_wconf 90' lang='lat' dir='ltr'>doctrinas,</span> <span class='ocrx_word' id='word_1_634' title='bbox 1180 4939 1209 4987; x_wconf 90' lang='lat' dir='ltr'>et</span> <span class='ocrx_word' id='word_1_635' title='bbox 1223 4932 1438 5000; x_wconf 80' lang='lat' dir='ltr'>exhortationes,</span> <span class='ocrx_word' id='word_1_636' title='bbox 1452 4931 1501 5003; x_wconf 91' lang='lat' dir='ltr'>qui</span> <span class='ocrx_word' id='word_1_637' title='bbox 1512 4937 1555 4987; x_wconf 91' lang='lat' dir='ltr'>est</span> <span class='ocrx_word' id='word_1_638' title='bbox 1564 4931 1636 4987; x_wconf 89' lang='lat' dir='ltr'>liber</span> <span class='ocrx_word' id='word_1_639' title='bbox 1648 4935 1704 4985; x_wconf 91' lang='lat' dir='ltr'>ter·</span> 
     </span>
     <span class='ocr_line' id='line_1_54' title="bbox 68 5019 1383 5096; baseline -0.001 -21"><span class='ocrx_word' id='word_1_640' title='bbox 68 5035 121 5092; x_wconf 88' lang='lat' dir='ltr'>per</span> <span class='ocrx_word' id='word_1_641' title='bbox 130 5021 256 5092; x_wconf 81' lang='lat' dir='ltr'>gratiam</span> <span class='ocrx_word' id='word_1_642' title='bbox 267 5021 319 5077; x_wconf 91' lang='lat' dir='ltr'>Dei</span> <span class='ocrx_word' id='word_1_643' title='bbox 331 5022 362 5077; x_wconf 93' lang='lat' dir='ltr'>in</span> <span class='ocrx_word' id='word_1_644' title='bbox 376 5023 429 5078; x_wconf 93' lang='lat' dir='ltr'>hoc</span> <span class='ocrx_word' id='word_1_645' title='bbox 440 5023 564 5079; x_wconf 85' lang='lat' dir='ltr'>iHuxerit</span> <span class='ocrx_word' id='word_1_646' title='bbox 578 5024 692 5092; x_wconf 89' lang='lat' dir='ltr'>mundo,</span> <span class='ocrx_word' id='word_1_647' title='bbox 710 5029 760 5078; x_wconf 90' lang='lat' dir='ltr'>aut</span> <span class='ocrx_word' id='word_1_648' title='bbox 774 5025 866 5096; x_wconf 89' lang='lat' dir='ltr'>potius</span> <span class='ocrx_word' id='word_1_649' title='bbox 906 5024 963 5079; x_wconf 86' lang='lat' dir='ltr'>tius</span> <span class='ocrx_word' id='word_1_650' title='bbox 977 5023 1082 5079; x_wconf 84' lang='lat' dir='ltr'>Rulllni</span> <span class='ocrx_word' id='word_1_651' title='bbox 1098 5023 1128 5077; x_wconf 91' lang='lat' dir='ltr'>in</span> <span class='ocrx_word' id='word_1_652' title='bbox 1142 5026 1239 5076; x_wconf 92' lang='lat' dir='ltr'>nostra</span> <span class='ocrx_word' id='word_1_653' title='bbox 1251 5019 1383 5075; x_wconf 85' lang='lat' dir='ltr'>editione.</span> 
     </span>
     <span class='ocr_line' id='line_1_55' title="bbox 68 5109 1705 5184; baseline -0.002 -20"><span class='ocrx_word' id='word_1_654' title='bbox 68 5124 125 5180; x_wconf 83' lang='lat' dir='ltr'>quo</span> <span class='ocrx_word' id='word_1_655' title='bbox 137 5115 267 5182; x_wconf 85' lang='lat' dir='ltr'>tempore</span> <span class='ocrx_word' id='word_1_656' title='bbox 280 5110 373 5182; x_wconf 87' lang='lat' dir='ltr'>gratia</span> <span class='ocrx_word' id='word_1_657' title='bbox 386 5111 438 5168; x_wconf 86' lang='lat' dir='ltr'>Dei</span> <span class='ocrx_word' id='word_1_658' title='bbox 448 5112 551 5168; x_wconf 88' lang='lat' dir='ltr'>luxerit</span> <span class='ocrx_word' id='word_1_659' title='bbox 563 5112 594 5167; x_wconf 91' lang='lat' dir='ltr'>in</span> <span class='ocrx_word' id='word_1_660' title='bbox 606 5112 719 5168; x_wconf 88' lang='lat' dir='ltr'>illorum</span> <span class='ocrx_word' id='word_1_661' title='bbox 733 5114 863 5184; x_wconf 86' lang='lat' dir='ltr'>singulis.</span> <span class='ocrx_word' id='word_1_662' title='bbox 941 5113 1052 5168; x_wconf 86' lang='lat' dir='ltr'>Tertius</span> <span class='ocrx_word' id='word_1_663' title='bbox 1070 5110 1141 5166; x_wconf 90' lang='lat' dir='ltr'>liber</span> <span class='ocrx_word' id='word_1_664' title='bbox 1154 5115 1197 5165; x_wconf 89' lang='lat' dir='ltr'>est</span> <span class='ocrx_word' id='word_1_665' title='bbox 1210 5109 1338 5176; x_wconf 90' lang='lat' dir='ltr'>Palladii,</span> <span class='ocrx_word' id='word_1_666' title='bbox 1355 5109 1435 5181; x_wconf 91' lang='lat' dir='ltr'>isque</span> <span class='ocrx_word' id='word_1_667' title='bbox 1458 5126 1491 5164; x_wconf 87' lang='lat' dir='ltr'>ex</span> <span class='ocrx_word' id='word_1_668' title='bbox 1511 5109 1628 5181; x_wconf 85' lang='lat' dir='ltr'>antiqua</span> <span class='ocrx_word' id='word_1_669' title='bbox 1640 5122 1705 5162; x_wconf 89' lang='lat' dir='ltr'>ver·</span> 
     </span>
     <span class='ocr_line' id='line_1_56' title="bbox 66 5197 1441 5270; baseline 0 -18"><span class='ocrx_word' id='word_1_670' title='bbox 66 5197 131 5253; x_wconf 84' lang='lat' dir='ltr'>Non</span> <span class='ocrx_word' id='word_1_671' title='bbox 145 5198 240 5254; x_wconf 80' lang='lat' dir='ltr'>solum</span> <span class='ocrx_word' id='word_1_672' title='bbox 258 5204 355 5255; x_wconf 88' lang='lat' dir='ltr'>autem</span> <span class='ocrx_word' id='word_1_673' title='bbox 378 5199 414 5255; x_wconf 92' lang='lat' dir='ltr'>de</span> <span class='ocrx_word' id='word_1_674' title='bbox 426 5200 503 5269; x_wconf 89' lang='lat' dir='ltr'>viris,</span> <span class='ocrx_word' id='word_1_675' title='bbox 529 5200 673 5257; x_wconf 87' lang='lat' dir='ltr'>sedetiam</span> <span class='ocrx_word' id='word_1_676' title='bbox 687 5201 722 5257; x_wconf 88' lang='lat' dir='ltr'>de</span> <span class='ocrx_word' id='word_1_677' title='bbox 741 5202 823 5258; x_wconf 86' lang='lat' dir='ltr'>claris</span> <span class='ocrx_word' id='word_1_678' title='bbox 839 5209 868 5259; x_wconf 93' lang='lat' dir='ltr'>et</span> <span class='ocrx_word' id='word_1_679' title='bbox 908 5201 996 5269; x_wconf 90' lang='lat' dir='ltr'>sione,</span> <span class='ocrx_word' id='word_1_680' title='bbox 1011 5201 1053 5255; x_wconf 90' lang='lat' dir='ltr'>uti</span> <span class='ocrx_word' id='word_1_681' title='bbox 1067 5216 1130 5256; x_wconf 84' lang='lat' dir='ltr'>eam</span> <span class='ocrx_word' id='word_1_682' title='bbox 1143 5197 1229 5254; x_wconf 89' lang='lat' dir='ltr'>habet</span> <span class='ocrx_word' id='word_1_683' title='bbox 1242 5197 1333 5270; x_wconf 87' lang='lat' dir='ltr'>prima</span> <span class='ocrx_word' id='word_1_684' title='bbox 1346 5198 1441 5254; x_wconf 84' lang='lat' dir='ltr'>editio.</span> 
     </span>
     <span class='ocr_line' id='line_1_57' title="bbox 66 5286 1704 5360; baseline -0.001 -18"><span class='ocrx_word' id='word_1_685' title='bbox 66 5287 174 5342; x_wconf 71' lang='lat' dir='ltr'>nucha</span> <span class='ocrx_word' id='word_1_686' title='bbox 193 5286 371 5356; x_wconf 87' lang='lat' dir='ltr'>mulieribus,</span> <span class='ocrx_word' id='word_1_687' title='bbox 399 5289 570 5345; x_wconf 79' lang='lat' dir='ltr'>narrationis</span> <span class='ocrx_word' id='word_1_688' title='bbox 597 5289 682 5360; x_wconf 77' lang='lat' dir='ltr'>huius</span> <span class='ocrx_word' id='word_1_689' title='bbox 705 5291 806 5346; x_wconf 89' lang='lat' dir='ltr'>seriem</span> <span class='ocrx_word' id='word_1_690' title='bbox 821 5291 866 5346; x_wconf 94' lang='lat' dir='ltr'>in·</span> <span class='ocrx_word' id='word_1_691' title='bbox 943 5291 1065 5354; x_wconf 88' lang='lat' dir='ltr'>Quartus</span> <span class='ocrx_word' id='word_1_692' title='bbox 1081 5288 1153 5343; x_wconf 91' lang='lat' dir='ltr'>liber</span> <span class='ocrx_word' id='word_1_693' title='bbox 1166 5293 1218 5354; x_wconf 88' lang='lat' dir='ltr'>est,</span> <span class='ocrx_word' id='word_1_694' title='bbox 1230 5304 1312 5360; x_wconf 87' lang='lat' dir='ltr'>quem</span> <span class='ocrx_word' id='word_1_695' title='bbox 1326 5287 1456 5359; x_wconf 81' lang='lat' dir='ltr'>Pelagius</span> <span class='ocrx_word' id='word_1_696' title='bbox 1472 5287 1500 5343; x_wconf 87' lang='lat' dir='ltr'>S.</span> <span class='ocrx_word' id='word_1_697' title='bbox 1517 5287 1550 5342; x_wconf 86' lang='lat' dir='ltr'>R.</span> <span class='ocrx_word' id='word_1_698' title='bbox 1564 5287 1594 5341; x_wconf 84' lang='grc' dir='ltr'>Ε.</span> <span class='ocrx_word' id='word_1_699' title='bbox 1610 5286 1704 5341; x_wconf 88' lang='lat' dir='ltr'>diaco·</span> 
     </span>
     <span class='ocr_line' id='line_1_58' title="bbox 64 5374 1708 5449; baseline -0.004 -13"><span class='ocrx_word' id='word_1_700' title='bbox 64 5374 157 5430; x_wconf 66' lang='lat' dir='ltr'>stilai·</span> <span class='ocrx_word' id='word_1_701' title='bbox 174 5393 188 5428; x_wconf 59' lang='grc' dir='ltr'><strong>ν</strong></span> <span class='ocrx_word' id='word_1_702' title='bbox 908 5396 971 5448; x_wconf 91' lang='lat' dir='ltr'>nus,</span> <span class='ocrx_word' id='word_1_703' title='bbox 983 5384 1012 5434; x_wconf 91' lang='lat' dir='ltr'>et</span> <span class='ocrx_word' id='word_1_704' title='bbox 1027 5378 1149 5434; x_wconf 79' lang='lat' dir='ltr'>loannes</span> <span class='ocrx_word' id='word_1_705' title='bbox 1162 5377 1288 5449; x_wconf 85' lang='lat' dir='ltr'>ejusdem</span> <span class='ocrx_word' id='word_1_706' title='bbox 1305 5375 1492 5433; x_wconf 89' lang='lat' dir='ltr'>subdiaconus</span> <span class='ocrx_word' id='word_1_707' title='bbox 1507 5376 1630 5431; x_wconf 79' lang='lat' dir='ltr'>eGraeeo</span> <span class='ocrx_word' id='word_1_708' title='bbox 1639 5391 1708 5430; x_wconf 86' lang='lat' dir='ltr'>ver·</span> 
     </span>
     <span class='ocr_line' id='line_1_59' title="bbox 103 5462 1014 5535; baseline 0.002 -15"><span class='ocrx_word' id='word_1_709' title='bbox 103 5462 310 5520; x_wconf 84' lang='lat' dir='ltr'>Secundovero</span> <span class='ocrx_word' id='word_1_710' title='bbox 323 5465 383 5522; x_wconf 81' lang='lat' dir='ltr'>hec</span> <span class='ocrx_word' id='word_1_711' title='bbox 402 5466 501 5523; x_wconf 88' lang='lat' dir='ltr'>eadem</span> <span class='ocrx_word' id='word_1_712' title='bbox 516 5467 603 5523; x_wconf 90' lang='lat' dir='ltr'>editio</span> <span class='ocrx_word' id='word_1_713' title='bbox 625 5467 724 5523; x_wconf 91' lang='lat' dir='ltr'>eodem</span> <span class='ocrx_word' id='word_1_714' title='bbox 738 5468 809 5535; x_wconf 92' lang='lat' dir='ltr'>loco,</span> <span class='ocrx_word' id='word_1_715' title='bbox 838 5474 867 5524; x_wconf 88' lang='lat' dir='ltr'>et</span> <span class='ocrx_word' id='word_1_716' title='bbox 908 5473 1014 5526; x_wconf 80' lang='lat' dir='ltr'>terunt,</span> 
     </span>
     <span class='ocr_line' id='line_1_60' title="bbox 64 5551 1792 5632; baseline -0.002 -22"><span class='ocrx_word' id='word_1_717' title='bbox 64 5552 143 5626; x_wconf 77' lang='lat' dir='ltr'>epod</span> <span class='ocrx_word' id='word_1_718' title='bbox 158 5553 292 5612; x_wconf 88' lang='lat' dir='ltr'>eumdem</span> <span class='ocrx_word' id='word_1_719' title='bbox 309 5555 526 5629; x_wconf 82' lang='lat' dir='ltr'>typographum,</span> <span class='ocrx_word' id='word_1_720' title='bbox 549 5555 650 5613; x_wconf 85' lang='lat' dir='ltr'>iisdem</span> <span class='ocrx_word' id='word_1_721' title='bbox 673 5557 748 5632; x_wconf 79' lang='lat' dir='ltr'>typis</span> <span class='ocrx_word' id='word_1_722' title='bbox 762 5556 867 5630; x_wconf 89' lang='lat' dir='ltr'>prodiit</span> <span class='ocrx_word' id='word_1_723' title='bbox 944 5555 1028 5629; x_wconf 78' lang='lat' dir='ltr'>[oxu]</span> <span class='ocrx_word' id='word_1_724' title='bbox 1038 5554 1160 5622; x_wconf 85' lang='lat' dir='ltr'>Quintus</span> <span class='ocrx_word' id='word_1_725' title='bbox 1173 5552 1246 5611; x_wconf 85' lang='lat' dir='ltr'>liber</span> <span class='ocrx_word' id='word_1_726' title='bbox 1259 5559 1304 5610; x_wconf 88' lang='lat' dir='ltr'>est</span> <span class='ocrx_word' id='word_1_727' title='bbox 1316 5552 1476 5612; x_wconf 89' lang='lat' dir='ltr'>breviorum</span> <span class='ocrx_word' id='word_1_728' title='bbox 1490 5551 1705 5618; x_wconf 87' lang='lat' dir='ltr'>sententiarum,</span> <span class='ocrx_word' id='word_1_729' title='bbox 1789 5611 1792 5615; x_wconf 63' lang='grc'>,</span> 
     </span>
    </p>
   </div>
   <div class='ocr_carea' id='block_1_5' title="bbox 0 0 1914 6120">
    <p class='ocr_par' dir='ltr' id='par_1_5' title="bbox 0 0 1914 6120">
     <span class='ocr_line' id='line_1_61' title="bbox 0 0 1914 6120; baseline 0 4"><span class='ocrx_word' id='word_1_730' title='bbox 0 0 1914 6120; x_wconf 95' lang='lat' dir='ltr'> </span> 
     </span>
    </p>
   </div>
  </div>
 </body>
</html>
