3818 6120
134 289 191 351 489
325 283 427 357 ¹Vl‘l'h
443 278 664 339 SANOE'ORUM
680 270 854 333 BhRthM
871 264 1040 326 tauhun*
1059 265 1103 334 ET
1119 263 1302 322 tostrfltr
1320 267 1433 325 lNllIAE
1450 268 1568 329 REGIS.
1720 271 1776 333 400

135 414 273 471 ditatibus
287 415 317 467 et
333 406 526 481 voluptatibus
537 406 634 478 procul
649 406 834 465 removentes,
851 402 936 469 atque
944 392 1062 456 hmodo
1075 392 1182 455 fecisse,
1199 410 1261 465 quae
1274 394 1373 466 ipsias
1387 397 1444 453 Deo
1463 404 1602 471 praecepta
1618 405 1720 468 essent,
1730 418 1775 457 re-

138 504 209 559 adeo
221 502 303 575 panis
321 501 408 556 etiarn
429 504 459 553 et
470 497 701 552 vestimentorum
719 491 798 564 gravi
821 487 940 561 penuria
979 499 1041 539 rum
1057 482 1145 537 multo
1160 482 1313 554 pluraesse
1326 487 1453 556 quaesibi
1465 488 1603 555 deessent,
1615 506 1700 562 quarn
1714 507 1777 562 qua
1889 472 1897 485 ’

141 593 312 649 hemum,
978 574 1038 644 jam
1048 573 1253 643 prestitissent.
1265 574 1387 629 Rursum
1397 577 1422 631 is
1433 579 1481 649 qui
1495 579 1524 634 in
1534 580 1666 650 religiosa
1676 581 1778 636 exerci-

175 681 259 747 Quod
273 686 306 735 ut
318 678 451 743 facerent,
468 676 570 747 duplex
589 688 637 728 eos
652 687 737 727 causa
755 666 917 741 impellebat
933 682 938 718 :
981 662 1096 727 tatione,
1114 660 1149 717 ob
1164 663 1288 735 eorporis
1297 663 1415 721 fortasse
1429 667 1649 725 imbecillitatem
1663 670 1781 726 inferior

143 771 240 835 altera,
255 774 288 824 ut
302 768 469 823 viticomam
482 764 662 819 affectionum
678 759 811 816 materias
824 755 942 813 minime
983 758 1052 815 erat,
1069 751 1193 823 seipsum
1206 753 1287 807 nihili
1299 753 1446 825 pendebat,
1464 773 1497 812 ac
1510 760 1645 815 miserum
1659 761 1779 828 dicebat,

143 864 300 925 cernentes,
317 872 417 912 aarum
435 854 603 926 cupiditates
623 851 760 906 radicitus
783 865 817 903 ex
840 844 944 900 animis
985 841 1073 896 animi
1094 842 1199 897 scilicet
1213 842 1339 913 ignavis,
1355 861 1388 899 ac
1403 862 1459 901 non
1474 853 1581 904 naturae
1595 849 1782 905 imbecillitati

145 950 200 1006 ruis
211 949 374 1012 evellerent,
388 960 542 1015 earumque
557 939 721 997 memoriam
736 938 942 999 oblitterarent,
985 929 1125 986 delectum
1139 935 1441 1005 suumassignans.1ta
1455 937 1501 990 alii
1511 938 1675 1011 aliis‚atque
1685 957 1783 996 omnes

144 1053 173 1093 ac
186 1036 352 1093 divinarum
364 1040 394 1090 et
404 1033 560 1088 coelestium
574 1046 670 1086 rerum
683 1044 809 1083 amorem
825 1031 854 1081 et
870 1022 945 1078 desi·
986 1021 1342 1078 omnibusmodestiorcssc
1352 1024 1520 1095 prabebant.
1529 1027 1624 1083 Inanis
1633 1047 1716 1100 porro
1725 1032 1785 1103 glo-

142 1125 255 1182 derium
270 1126 301 1179 in
324 1123 425 1195 seipsis
448 1122 619 1185 insererent;
638 1120 735 1184 altera,
752 1121 784 1171 ut
798 1130 849 1186 per
872 1111 946 1168 ailli-
987 1110 1035 1165 riae
1048 1113 1173 1178 allectus,
1188 1120 1238 1168 aut
1249 1114 1410 1172 hominibus
1424 1118 1550 1188 placendi
1564 1121 1699 1188 studium,
1715 1139 1785 1194 quo-

140 1216 268 1272 etionem
281 1229 382 1285 corpus
394 1212 573 1277 conticerent,
590 1207 741 1278 animoque
756 1222 788 1260 ac
801 1204 946 1259 voluntate
987 1215 1054 1253 nam
1064 1202 1179 1257 tandem
1194 1208 1274 1275 pacto
1287 1204 1317 1259 in
1327 1205 1384 1260 illis
1394 1207 1507 1276 inesset,
1515 1210 1618 1282 quippe
1628 1213 1677 1283 qui
1689 1213 1742 1267 hac
1751 1214 1787 1268 de

135 1302 451 1376 mammotrectus
470 1298 570 1371 gloria,
588 1313 673 1368 quam
698 1295 719 1349 ii
735 1294 783 1366 qui
811 1292 947 1364 martyrio
987 1304 1073 1344 causa
1086 1291 1183 1346 orbem
1196 1293 1263 1365 fuga
1275 1294 1456 1368 reliquerant,
1467 1305 1552 1368 atque
1560 1301 1589 1354 in
1598 1301 1717 1359 desertis
1725 1319 1789 1357 mo·

132 1393 287 1467 perfuncti
300 1397 376 1457 sunt,
394 1388 531 1455 obtinent,
548 1386 667 1441 minime
681 1388 812 1439 carerent
826 1401 832 1449 ;
850 1398 948 1436 verum
988 1377 1134 1446 rebantur,
1145 1386 1178 1436 ut
1186 1382 1303 1439 virtutes
1318 1402 1384 1440 suas
1397 1403 1455 1441 non
1468 1389 1639 1457 hominibus,
1656 1392 1705 1446 sed
1719 1392 1787 1458 Deo,

130 1498 208 1539 cum
225 1481 281 1554 ipsi
296 1496 417 1552 quoque,
429 1481 568 1549 quantum
582 1476 610 1530 in
626 1490 656 1529 sc
671 1479 754 1540 esset,
771 1472 877 1528 Christi
887 1486 951 1541 pas·
990 1483 1007 1522 a
1022 1485 1077 1539 quo
1091 1469 1228 1526 neutum
1242 1490 1353 1546 quoque
1368 1477 1486 1547 praemia
1498 1478 1659 1549 sperabant,
1672 1481 1789 1536 demon-

127 1572 255 1628 sionem
269 1567 480 1642 expressissent,
487 1564 575 1637 ipsius
582 1578 693 1634 quoque
706 1561 786 1633 regni
797 1559 949 1633 participes
990 1561 1122 1613 sererent.
1139 1558 1212 1615 Illud
1227 1562 1329 1635 quippe
1344 1564 1429 1636 probe
1444 1575 1556 1634 norant,
1568 1569 1701 1639 religiosa
1714 1586 1792 1626 exer·

128 1666 252 1717 essent.
269 1659 312 1713 hd
325 1657 401 1712 hunc
422 1655 511 1726 igitur
534 1653 649 1708 modum
668 1651 775 1723 optima
789 1649 950 1705 considera·
991 1645 1066 1713 citia,
1081 1664 1143 1719 qua
1165 1649 1259 1706 inanis
1278 1653 1376 1723 gloriae
1395 1670 1481 1710 causa
1495 1655 1644 1725 obeuntur,
1662 1659 1791 1714 mercede

124 1750 226 1807 tione
238 1743 567 1812 adhibita‚monasticam
577 1758 610 1797 ac
619 1740 776 1796 solitariam
787 1739 873 1793 vitam
886 1711 1095 1804 con-Boarere,
1109 1742 1141 1792 ut
1162 1755 1225 1809 quae
1239 1757 1296 1795 non
1314 1743 1375 1807 Dei,
1392 1744 1442 1799 sed
1457 1745 1587 1803 humanae
1601 1747 1691 1802 laudis
1706 1764 1793 1803 eausa

126 1837 250 1896 secuti
262 1842 338 1891 sunt.
991 1824 1070 1879 fiant·
1087 1827 1127 1881 hc
1145 1828 1263 1899 proinde
1276 1831 1440 1903 hujusmodi
1450 1834 1579 1890 homines
1588 1836 1693 1909 duplici
1707 1837 1795 1893 detri-
1831 1848 1836 1855 ·

173 1928 280 1999 Atque
289 1924 338 1979 alii
347 1923 462 1995 quidem
470 1920 521 1977 sub
531 1920 578 1976 dio
586 1919 731 1985 durantes,
743 1917 810 1972 solis
821 1921 901 1983 aestu,
911 1919 952 1969 at-
992 1919 1087 1969 mento
1102 1915 1271 1985 afficiuntur,
1286 1920 1354 1975 dum
1368 1922 1504 1978 nimirum
1518 1939 1619 1996 corpus
1629 1926 1793 1996 conficiunt,

128 2032 201 2089 que
217 2012 384 2086 asperrimis
401 2009 554 2082 frigoribus
573 2024 606 2063 ac
620 2006 732 2079 pluviis,
752 2010 782 2061 et
804 2010 952 2059 ventorum
992 2018 1044 2057 nec
1057 2009 1153 2059 tamen
1161 2009 1319 2065 mercedem
1329 2010 1530 2068 allamfernnt.
1542 2014 1595 2079 Qui
1607 2020 1701 2070 autern
1713 2016 1795 2070 coele-

125 2103 312 2162 turbinibus
329 2098 546 2156 afflictabantur.
563 2097 618 2152 hlii
639 2094 807 2151 constructis
820 2092 951 2164 tuguriis,
993 2090 1045 2145 stis
1059 2093 1156 2162 gloriae
1178 2097 1317 2153 desiderio
1335 2100 1467 2172 flagrant,
1482 2107 1568 2175 atque
1588 2104 1625 2159 ad
1640 2120 1703 2160 eam
1716 2104 1795 2161 omni

129 2189 391 2264 autinspeluncis
400 2187 594 2243 etantrissese
602 2185 782 2245 occulantes,
791 2183 949 2252 vitamage-
993 2181 1795 2257 celeritatecontendunt,tsrrenamomnemethumanam

127 2279 476 2352 bant.Sicquerirtutem
487 2275 734 2343 colentes,omnem
742 2273 954 2328 carnalemcon·
993 2277 1190 2341 aspernantur.

132 2371 321 2429 solationem
328 2374 359 2423 et
368 2367 492 2439 quietem
506 2365 541 2419 ad
555 2368 712 2418 extremum
722 2378 811 2437 usque
823 2359 953 2432 repudia·
1029 2360 1069 2413 Ex
1082 2361 1243 2432 hujusmodi
1254 2381 1337 2435 porro
1351 2366 1513 2425 hominibus
1521 2371 1569 2425 alii
1579 2370 1619 2427 sic
1633 2371 1749 2443 degunt,
1762 2376 1797 2427 ut

133 2466 228 2525 runt,
242 2458 338 2514 crudis
347 2455 469 2511 oleribus
478 2459 507 2509 et
519 2452 625 2519 herbis,
634 2458 685 2507 aut
694 2451 795 2522 pomis,
807 2448 952 2504 autetiam
993 2445 1022 2500 in
1031 2464 1141 2504 secessu
1155 2467 1188 2505 ac
1197 2453 1349 2510 solitudine
1360 2455 1474 2527 pietatis
1488 2464 1631 2515 certamen
1642 2459 1754 2526 obeant,
1766 2466 1796 2516 et

138 2551 228 2605 mccc
242 2563 278 2603 ae
291 2545 442 2601 durissimo
455 2559 528 2615 pane
541 2541 629 2596 vitam
641 2541 810 2603 tolerantes;
827 2555 879 2593 nec
890 2554 954 2593 sua·
994 2535 1030 2589 ab
1038 2537 1185 2595 hominum
1191 2544 1374 2599 contubernio
1386 2562 1436 2617 per
1448 2564 1531 2603 omne
1540 2549 1604 2605 vitae
1610 2555 1723 2622 tempus
1734 2565 1796 2605 sese

137 2640 231 2695 rium
241 2636 369 2691 ciborum
378 2633 509 2706 qualitati
521 2632 658 2687 duntaxat
667 2629 798 2685 nuntium
810 2627 954 2682 remittcn-
994 2634 1166 2696 removeant,
1174 2636 1259 2703 atque
1269 2632 1305 2687 ad
1316 2633 1406 2689 Deum
1415 2639 1651 2710 appropinquent.
1665 2639 1719 2694 hlii
1728 2654 1795 2709 pro·
1859 2701 1860 2706 ἵ

137 2726 264 2795 tea,sed
280 2741 337 2797 prae
351 2721 517 2779 exuberanti
527 2717 833 2792 quadamcontinentia
846 2714 955 2785 magni·
995 2715 1040 2769 cul
1053 2715 1127 2799 inter
1144 2734 1174 2773 se
1188 2723 1356 2777 constructis
1375 2724 1509 2792 aediculis,
1525 2727 1679 2783 Dominicis
1695 2727 1795 2783 diebus

140 2816 284 2875 tudinem
290 2813 378 2868 animi
389 2812 433 2866 sui
446 2810 481 2865 ad
492 2811 701 2881 ipsamquoque
712 2805 900 2879 quantitatem
910 2819 955 2857 cx·
996 2804 1032 2857 al
1053 2821 1139 2859 unam
1153 2812 1182 2861 et
1201 2810 1329 2866 eamdem
1349 2813 1495 2869 ecclesiam
1507 2822 1639 2889 pergunt,
1654 2832 1686 2872 ac
1700 2816 1796 2871 divina

140 2902 467 2962 tendentesTantulum
481 2898 558 2953 enirn
578 2898 723 2961 duntaxat,
737 2895 824 2950 etiam
837 2910 871 2948 ex
885 2890 954 2962 ipsis
996 2894 1139 2964 mysteria,
1155 2897 1208 2951 hoc
1222 2903 1265 2953 est
1279 2899 1457 2957 incruentum
1473 2905 1536 2975 puri
1549 2905 1674 2977 corporis
1688 2921 1721 2960 ac
1733 2921 1797 2977 pre.

142 2993 258 3051 vilibus
283 2992 459 3062 maximeque
479 2986 644 3043 necessariis
659 2985 727 3040 cibis
750 2981 954 3055 percipiebant,
995 2980 1061 3036 tiosi
1072 2983 1220 3054 sanguinis
1235 2986 1340 3043 christi
1351 2991 1521 3047 sacrificium
1536 2994 1695 3065 percipiunt
1710 3012 1717 3048 r
1735 3010 1798 3065 qua

143 3088 296 3158 quantum
307 3080 344 3136 ad
352 3078 529 3135 tolerandam
542 3076 646 3131 tarnem
660 3075 729 3130 satis
739 3080 822 3129 esset.
834 3066 985 3136 Quidamss
995 3071 1253 3142 quidemDominus
1262 3076 1315 3146 piis
1325 3077 1354 3133 in
1364 3086 1542 3149 peccatorum
1550 3083 1754 3148 remissionem,
1765 3098 1799 3136 ac

144 3173 233 3230 enirn
256 3186 355 3226 eorum
380 3168 521 3239 integram
540 3164 746 3220 hebdomadam
765 3178 815 3235 per
830 3160 955 3216 inediam
996 3161 1807 3236 tumanirnitumcorporisillurninationernetsanctitlca·.

142 3261 356 3332 transigentes,
372 3256 517 3313 Dominico
528 3255 643 3310 demum
658 3254 703 3308 dic
717 3252 810 3307 cibum
824 3250 958 3305 admitte·
997 3248 1682 3325 tionemdonavithtquedivinorumoraculorum
1692 3259 1796 3315 exerci-

145 3350 235 3408 bant.
251 3349 374 3414 Quidam
387 3346 430 3401 bis
441 3350 552 3401 tantum
563 3342 739 3399 hebdomada
747 3356 859 3412 quaque
870 3337 957 3410 ipsius
999 3338 1114 3405 tatione,
1130 3339 1364 3415 mirabilibusque
1374 3346 1499 3402 consiliis
1509 3353 1538 3402 et
1552 3347 1793 3405 cohortationibus

147 3439 360 3506 rneminerant3
370 3436 419 3491 alii
432 3434 549 3490 alternis
562 3432 661 3488 diebus
671 3430 724 3486 sub
738 3446 882 3502 vesperam
895 3428 958 3483 ede·
999 3432 1327 3501 mutuosesepascentes,
1336 3440 1365 3488 et
1376 3435 1487 3491 occulta
1496 3436 1621 3493 hostium
1633 3437 1708 3493 bella
1717 3444 1796 3510 pate·

152 3528 237 3597 bant,
251 3528 294 3584 sic
305 3524 437 3583 utcibum
451 3524 588 3579 duntaxat
601 3522 798 3593 degustarent;
814 3516 958 3591 precibus·
998 3514 1132 3572 facientes
1153 3518 1198 3589 (ne
1212 3519 1276 3591 quis
1289 3520 1419 3579 videlicet
1436 3525 1562 3583 luctandi
1576 3527 1668 3583 adhuc
1681 3527 1798 3599 ignarus

155 3634 215 3693 que
240 3632 275 3672 ac
301 3615 404 3687 rigihrs
424 3611 628 3699 propemodum
644 3626 709 3665 cum
724 3608 832 3680 angchs
847 3622 959 3679 quoque
1000 3602 1034 3659 ab
1052 3604 1087 3660 iis
1101 3612 1269 3678 superetur),
1288 3610 1405 3667 domum
1419 3630 1518 3671 rursus
1540 3616 1644 3688 singuli
1665 3617 1796 3684 redeunt,

155 3712 312 3772 certantes,
324 3702 475 3776 amneauri
490 3708 518 3757 et
524 3699 634 3772 argenti
642 3698 828 3771 possessione,
840 3695 959 3768 emptio·
999 3693 1110 3749 virtutis
1124 3696 1180 3750 mel
1191 3695 1222 3751 in
1236 3704 1382 3769 pectorum
1396 3718 1513 3760 suorum
1526 3704 1596 3761 favis
1610 3706 1735 3761 studiose
1752 3722 1800 3761 rc-

157 3785 959 3868 nibusqueetvenditionibusprorsusvalerejussis,inter
999 3783 1169 3852 condentes,
1194 3787 1451 3864 suavissimumque
1480 3793 1605 3850 fructum
1631 3811 1664 3851 sc
1691 3794 1797 3850 ooelesti

155 3890 290 3947 homines
304 3886 419 3944 omnino
431 3900 462 3940 se
475 3900 537 3940 esse
549 3881 791 3938 obliviscebantur.
1001 3888 1100 3928 mensa
1114 3873 1232 3946 dignm
1255 3881 1413 3937 excolentes
1430 3899 1437 3951 ;
1457 3883 1511 3939 alii
1533 3890 1629 3940 autam
1656 3883 1800 3941 cenobia·

194 3976 312 4036 invidia
324 3981 421 4032 autam
429 3986 459 4030 et
467 3973 555 4029 animi
568 3970 693 4038 elationi,
707 3987 768 4042 qua
778 3966 959 4041 potissimum
1002 3977 1064 4017 cam
1079 3962 1165 4018 vitam
1183 3972 1388 4029 comectantur.

158 4068 301 4125 bononem
327 4080 444 4137 operum
463 4063 579 4119 comites
599 4058 659 4118 esse
673 4059 773 4124 solent,
790 4058 868 4112 locus
886 4056 961 4111 inter
1037 4050 1092 4115 Qui
1115 4053 1228 4122 quidem
1250 4057 1373 4113 maximo
1395 4076 1515 4117 numero
1542 4062 1572 4117 in
1590 4078 1678 4119 unum
1701 4062 1799 4133 coacti,

163 4155 316 4213 eosnullus
327 4162 397 4210 erat.
411 4154 509 4225 Neque
524 4152 600 4207 enirn
614 4150 637 4204 is
651 4148 738 4220 quiin
753 4146 816 4202 vitae
827 4144 962 4201 monasti·
1002 4138 1086 4194 unius
1100 4140 1224 4211 prefecti
1234 4149 1319 4216 atque
1330 4146 1464 4203 antistitis
1480 4150 1539 4221 (qui
1554 4151 1685 4207 omnibus
1697 4151 1803 4207 virtute

164 4239 458 4303 enormitaticnibus
466 4240 628 4299 interiorem
637 4239 729 4293 locum
737 4234 860 4303 tenebat,
867 4235 964 4291 adver·
1003 4232 1130 4299 prostat)
1146 4229 1265 4302 imperio
1279 4249 1309 4288 se
1329 4234 1404 4305 ipsos
1419 4235 1543 4293 subdunt
1559 4256 1565 4292 :
1582 4256 1615 4294 ac
1629 4240 1802 4295 voluntatem

166 4334 375 4404 sussumcujns
387 4330 525 4387 illustrior
534 4329 623 4384 virtus
633 4332 704 4392 erat,
714 4325 809 4380 livoris
819 4323 964 4395 cogitatio·
1003 4315 1260 4375 suamobedientiae
1270 4331 1804 4401 mucroneprorsustruncantes.seque

167 4440 230 4481 nem
239 4422 272 4479 in
283 4421 410 4478 animum
422 4416 602 4475 admittebat:
612 4432 662 4472 nec
672 4430 770 4470 rursus
779 4430 845 4469 eum
855 4413 903 4485 qui
912 4407 1079 4468 vir-Dvelut
1096 4407 1224 4478 emptitia
1238 4411 1379 4483 mancipia
1393 4416 1467 4470 ultro
1485 4421 1658 4487 reputantes,
1674 4434 1731 4472 non
1742 4418 1804 4489 jam

169 4512 276 4571 tatibus
285 4509 407 4583 pollebat
420 4506 583 4580 armgantia
592 4510 688 4572 W)
697 4504 821 4558 etsastus
831 4502 965 4557 adeamus
1006 4494 1059 4551 sibi
1076 4494 1144 4567 ipsis
1159 4496 1263 4565 vivunt,
1281 4501 1330 4557 scd
1344 4501 1371 4557 ei
1386 4504 1431 4559 cni
1445 4503 1480 4560 ob
1493 4506 1597 4562 Christi
1606 4522 1732 4562 amorem
1742 4522 1804 4562 sese

170 4598 366 4657 imbecilliores
380 4596 521 4663 atterebat,
537 4602 622 4669 atque
640 4592 670 4649 in
684 4593 757 4648 hanc
769 4591 897 4647 fraudem
912 4591 967 4645 im·
1007 4585 1207 4653 submiserunt,
1223 4588 1267 4643 vel
1281 4596 1314 4645 ut
1325 4591 1419 4664 aptius
1432 4594 1540 4667 loquar,
1556 4595 1656 4652 vivunt
1668 4597 1730 4668 jam
1748 4612 1806 4651 non

169 4690 290 4765 pellebat
307 4694 341 4746 ut
353 4688 512 4763 proximum
531 4684 611 4742 nihili
625 4684 769 4755 penderet,
786 4686 837 4737 aut
854 4681 889 4736 de
903 4680 968 4736 reli·
1007 4673 1147 4746 sibiipsis,
1159 4675 1227 4732 virit
1240 4683 1336 4736 autem
1350 4681 1380 4736 in
1394 4681 1439 4738 bis
1448 4683 1576 4739 Christus
1585 4686 1658 4757 (Gal.
1667 4688 1710 4755 ιι),
1721 4701 1807 4758 quern

168 4780 245 4852 mora
256 4776 456 4836 exercitatione
468 4775 649 4855 gloriaretur,
666 4770 701 4827 ob
720 4787 809 4844 eaque
827 4787 889 4843 qua
902 4785 966 4825 cnm
1008 4764 1093 4819 rebus
1105 4764 1237 4821 omnibus
1250 4768 1389 4841 abjuratis
1406 4772 1496 4827 secuti
1516 4778 1591 4828 sunt.
1617 4774 1691 4829 Nam
1710 4773 1741 4830 in
1754 4774 1808 4830 boc

171 4867 450 4943 ltudepraestitiaset,
460 4864 610 4937 magnifice
622 4868 708 4934 atque
720 4868 885 4932 arroganter
894 4860 968 4915 dese
1008 4856 1122 4914 demum
1136 4876 1261 4915 secessus
1276 4875 1294 4914 a
1308 4859 1413 4915 mundo
1431 4860 1568 4928 consistit,
1585 4866 1617 4917 ut
1630 4868 1746 4936 propter
1759 4879 1808 4919 ea-

171 4959 295 5016 antiret
311 4956 385 5013 Nam
398 4955 448 5029 qui
465 4954 569 5011 virtute
587 4953 708 5008 alterum
728 4948 922 5013 antecellebat,
940 4948 968 5003 id
1010 4961 1175 5003 rumrerum
1185 4964 1247 5020 quae
1255 4952 1358 5002 natura
1367 4947 1544 5006 sublimiores
1551 4957 1618 5007 sunt
1625 4953 1810 5024 cupiditatem

171 5050 260 5105 totum
272 5062 332 5103 non
346 5045 405 5102 suis
419 5043 571 5109 laboribus,
584 5043 632 5098 sed
645 5041 696 5096 Dci
705 5040 801 5095 virtuti
816 5039 968 5104 ascribens,
1011 5037 1200 5092 voluntarium
1211 5037 1254 5092 sui
1265 5036 1353 5108 ipsius
1364 5037 1460 5092 odium
1471 5038 1610 5112 quispiam
1621 5041 1769 5114 concipiat,
1778 5058 1811 5098 ac

172 5134 268 5194 tamti
277 5140 374 5192 mente
387 5134 440 5190 hoc
454 5133 506 5190 sibi
521 5129 717 5205 persuadebat,
730 5145 760 5184 se
771 5128 843 5184 nihil
857 5128 971 5184 omnino
1011 5132 1144 5181 naturam
1154 5125 1275 5197 abjuret.
1288 5125 1324 5180 Hi
1337 5125 1425 5196 igitur
1434 5129 1598 5199 angelorum
1610 5129 1701 5185 instar
1709 5131 1740 5189 in
1752 5131 1812 5186 vita

174 5224 390 5294 chaeremonem
400 5225 489 5279 multo
496 5223 578 5295 plura
587 5220 640 5276 sibi
650 5218 885 5291 praestandaesse,
891 5218 973 5288 juxta
1012 5219 1169 5281 vomantur,
1186 5215 1309 5285 psalmos
1321 5215 1451 5271 videlicet
1460 5222 1489 5272 et
1497 5216 1618 5290 hymnos
1628 5219 1811 5276 concordibus

176 5310 239 5370 hlud
258 5314 334 5387 quod
350 5312 390 5369 ait
408 5312 544 5368 Dominus
560 5328 566 5364 :
585 5310 655 5365 Cum
668 5307 789 5362 feceritis
803 5307 899 5361 omnia
912 5322 974 5378 qua
1014 5304 1116 5358 animis
1138 5303 1258 5358 Domino
1281 5310 1424 5372 canentes,
1450 5309 1479 5360 et
1496 5308 1688 5365 confessorum
1709 5323 1813 5364 nornen

177 5408 310 5475 precepta
323 5407 390 5458 sunt
405 5401 494 5467 vobis,
508 5400 593 5456 dicite
609 5416 615 5453 ι
642 5397 721 5452 Servi
736 5396 851 5451 inutiles
865 5412 973 5463 sumus,
1015 5398 1130 5464 propter
1143 5390 1306 5448 obedientia
1317 5393 1473 5450 certamina
1486 5395 1655 5453 obtinentes.
1669 5394 1814 5469 inquibus

182 5502 237 5557 qna
250 5488 400 5545 debuimus
409 5486 500 5544 facere
509 5487 626 5543 lecimus
639 5486 713 5554 (luc.
724 5485 802 5554 aur).
815 5482 977 5555 hequidam
1017 5481 1104 5535 etiam
1115 5481 1292 5537 Dominicum
1306 5482 1376 5540 illud
1387 5485 1532 5541 oraculum
1541 5487 1669 5559 expletur
1681 5504 1687 5540 ι
1700 5483 1815 5540 ubicun-

183 5576 323 5633 stiamhoc
340 5575 395 5633 sibi
409 5576 626 5650 persuadebant,
642 5588 673 5629 se
687 5586 724 5628 ne
739 5586 773 5627 ea
791 5569 906 5643 quidem
919 5570 977 5627 ullo
1019 5584 1073 5642 quo
1085 5568 1192 5626 fuerint
1205 5570 1261 5627 duo
1275 5571 1389 5629 veltres
1402 5574 1604 5645 congregatille
1616 5571 1814 5639 nominameo,

376 5677 510 5740 Person:
525 5676 663 5741 Llllllll.
1627 5672 1667 5738 id
