3832 6120
143 270 196 328 sss
341 265 428 322 nra
446 260 671 331 sancroauu
687 250 1049 327 neumasensium
1069 254 1113 312 cr
1131 256 1315 327 scamma
1334 264 1446 322 iunia
1464 267 1580 327 anuis.
1727 276 1779 335 mi

139 400 195 451 ate
206 393 354 465 iubentur,
369 410 386 447 ο
400 409 458 460 rex,
474 393 577 458 iacere,
592 393 706 449 minimo
727 411 744 449 a
765 395 845 452 hobis
858 377 1094 454 todi-Acontius
1100 399 1163 437 eam
1169 384 1344 444 celeritatem
1350 391 1542 449 adhibuerunt
1548 398 1778 459 athomiuemai»

138 491 213 541 mum
228 484 413 554 231,qu
428 484 678 542 apominonosoo
694 485 833 556 tmpemta
848 493 934 550 sunt3
977 471 1102 544 riperent
1116 491 1237 546 eumque
1247 477 1283 530 ad
1293 478 1385 548 ipsum
1397 483 1576 539 adducerent.
1593 488 1634 543 De
1648 507 1703 560 quo
1713 508 1785 553 cum,

137 574 185 644 qui
200 589 253 628 „05
264 573 459 645 pomponiano
472 574 594 640 studeto,
610 581 695 645 atquo
705 592 802 630 omnes
811 577 936 646 volupia.
977 564 1107 634 quisruim
1119 572 1201 632 essct,
1215 584 1355 638 quamque
1369 571 1532 640 religionem
1547 577 1661 643 coleret,
1677 586 1779 651 etquo-

134 667 176 720 ως
188 669 218 716 ot
230 663 400 734 oppiditotoo
413 663 443 723 io
456 668 595 734 potoototo
605 670 710 731 tonora,
725 665 934 725 fortitudipem.
976 669 1040 707 nam
1053 656 1165 711 nomine
1177 667 1333 721 vocaretur,
1344 659 1524 728 quaesivisset,
1533 666 1778 727 Christianumille

134 751 933 829 quecolerasclaboremomnemetatllictiouemjustitiae
974 761 1005 799 ⁸ss
1034 762 1096 800 0⁵⁵⁰
1113 747 1256 818 Pf⁰s⁰⁵S¹¹S
1280 754 1332 812 ests
1360 748 1595 823 Dimallumque
1620 755 1778 831 nuncupari

133 856 220 897 cause
233 841 374 897 sustinere
386 843 477 898 docet.
492 843 932 920 Quoigiturgrauiorauobispie-
974 847 1225 918 (quomadmodum
1236 838 1364 895 videlicet
1378 836 1412 890 ab
1428 839 1496 908 ipsis
1506 842 1662 905 instructus
1676 852 1779 937 lueratq

133 930 301 987 misnense
320 933 394 989 mala
407 934 546 1001 intuleris,
574 954 607 992 eo
625 941 784 1008 preclarius
802 943 836 996 de
852 944 932 998 nobis
973 954 1028 1008 quo
1039 933 1262 1005 nomissegssudiO
1272 929 1401 1000 Perfusus
1411 932 1585 1000 dracheqot
1595 940 1709 1008 quidem
1719 957 1777 1011 prm

132 1021 253 1077 metitus
267 1021 363 1078 fuerit·
377 1023 513 1087 Quocirca
527 1028 661 1098 quidquid
678 1030 755 1085 lubet
764 1031 825 1100 tac;
841 1052 932 1105 nequo
973 1043 1004 1080 se
1018 1026 1135 1087 ferebat,
1149 1032 1261 1096 accepto
1268 1041 1310 1089 eo,
1319 1025 1528 1095 quamprimum
1540 1027 1678 1097 adregem
1687 1046 1778 1084 rever·

132 1110 209 1164 euim
220 1112 430 1168 committemus
441 1115 581 1185 ntaliqnid
591 1119 934 1187 quodareotoabhorroot
976 1116 1056 1177 titur,
1071 1116 1153 1185 eique
1172 1116 1266 1185 ipsum
1277 1114 1396 1168 exhibet,
1416 1115 1517 1185 Aitque
1536 1132 1583 1168 rex
1599 1117 1779 1172 audientibus

130 1197 279 1277 faciamus,
293 1219 326 1256 ac
340 1211 453 1273 peccato
467 1222 518 1259 nos
528 1206 700 1262 addicamus.
717 1210 775 1264 Noc
788 1213 864 1266 onim
876 1214 936 1267 loro
977 1205 1011 1258 iis
1024 1206 1072 1275 qui
1087 1204 1230 1259 astabant:
1247 1206 1325 1258 Tunc
1344 1221 1376 1258 es
1393 1204 1440 1258 ille
1459 1205 1593 1259 damonia
1612 1207 1779 1261 administer

130 1290 184 1344 hoe
199 1292 293 1345 scelus
307 1309 368 1347 esse
384 1302 474 1364 putes,
491 1295 514 1349 si
527 1296 737 1354 colluctatorem
750 1317 783 1354 oo
797 1304 935 1356 commih-
977 1294 1126 1348 Barlaam?
1141 1295 1190 1347 llle
1205 1300 1299 1347 autem
1306 1294 1464 1363 respondit:
1475 1294 1698 1348 Doiadminister
1704 1313 1776 1362 sum,

132 1385 229 1434 ionem
244 1389 374 1436 nostrum
388 1383 440 1437 tibi
452 1385 481 1438 in
495 1389 756 1443 manustradamus,
768 1391 873 1445 vorum
884 1393 936 1448 hoo
977 1400 1011 1438 ac
1024 1400 1080 1438 non
1093 1383 1262 1448 demonum,
1279 1383 1461 1453 quamobrem
1476 1400 1512 1437 ne
1526 1400 1572 1438 me
1587 1385 1718 1438 conviciis
1732 1386 1778 1439 iu-

130 1470 248 1524 aomine
261 1470 376 1525 minime
389 1489 441 1528 nos
455 1473 593 1539 irridebis,
614 1479 741 1547 quamvis
767 1480 851 1534 otiam
873 1498 935 1535 sex.
977 1490 1078 1527 cessas.
1091 1473 1313 1526 Plurimascnim
1320 1472 1690 1542 mihigratiasageredebcs,
1706 1491 1776 1545 qno·

131 1566 229 1613 centus
240 1568 346 1615 mortes
358 1562 438 1616 nobis
448 1563 561 1618 inferas.
572 1567 669 1636 Neque
679 1568 753 1621 enim
762 1570 833 1623 odoo
844 1571 936 1641 ignovi
978 1562 1055 1616 uiam
1069 1562 1158 1615 silium
1169 1567 1249 1616 tunm
1260 1579 1355 1615 errore
1367 1566 1451 1631 atque
1461 1563 1617 1631 impostura
1627 1563 1778 1617 liberatum

130 1663 239 1715 sumus,
251 1654 283 1703 ut
293 1657 500 1707 tormentorum
509 1660 624 1708 tuorum
633 1665 710 1711 metu
723 1659 928 1731 philosophiam
977 1652 1013 1705 ad
1027 1651 1079 1705 Dei
1093 1652 1201 1706 cultum
1215 1651 1332 1716 erudivi,
1349 1656 1435 1721 atque
1447 1667 1511 1704 cum
1524 1668 1588 1704 vero
1599 1652 1656 1705 Deo
1671 1652 1700 1705 in
1713 1668 1778 1721 gra·

132 1744 258 1792 naatmm
274 1740 435 1809 prodamus,
453 1749 538 1812 etque
552 1745 659 1815 aliquid
674 1746 767 1801 divina
786 1749 848 1818 lege
863 1750 934 1805 indi.
977 1741 1046 1794 tium
1061 1741 1209 1794 reductum
1225 1741 1301 1794 omni
1317 1741 1427 1794 virtutis
1443 1756 1546 1809 genere
1560 1740 1678 1794 institui.
1702 1742 1776 1795 Rur-
1877 1744 1880 1750 “

131 1842 219 1896 gnum
234 1836 438 1899 perpetremus.
451 1832 592 1888 Adversus
606 1835 665 1888 haeo
683 1853 855 1908 quaeounqoo
875 1846 936 1893 tor.
978 1847 1039 1884 sum
1055 1838 1150 1884 autern
1166 1847 1215 1883 rex
1224 1830 1289 1883 irati
1298 1829 1513 1899 animispeciem
1522 1830 1771 1900 preferensdixit:

133 1922 294 1971 mentorum
307 1918 497 1976 instrumenta
510 1922 634 1988 nostiae
648 1926 779 1995 expedias
794 1928 867 1981 tioot,
881 1930 936 1983 No.
977 1920 1033 1973 Par
1045 1936 1112 1973 sane
1127 1926 1189 1973 erat
1201 1923 1242 1983 ut,
1260 1919 1310 1972 tibi
1322 1919 1460 1972 sermonis
1474 1919 1565 1972 omnis
1589 1935 1621 1972 ae
1635 1920 1774 1974 defensio·

134 2002 174 2058 bis
188 2006 293 2076 quippe
308 2008 400 2062 vivero
415 2009 647 2078 Christusoot,ao
661 2016 935 2086 mompraestoottgsj.
977 2009 1021 2062 ais
1041 2009 1173 2063 facultate
1198 2009 1322 2079 praecisa,
1342 2009 1403 2062 aine
1428 2009 1486 2062 ulla
1504 2009 1725 2078 interrogatione
1746 2015 1775 2062 te

137 2109 210 2147 mum
225 2095 335 2150 lucrum
352 2099 462 2166 trhittp.
474 2103 505 2166 1).
977 2103 1067 2152 morte
1082 2099 1354 2152 multaremilerum
1369 2115 1419 2168 pro
1431 2099 1678 2152 meahumanitate
1692 2098 1776 2152 tunti-

171 2183 527 2254 Obhujusmodiverbarex
538 2189 844 2257 tirroreintlammatus
854 2197 934 2251 theo
974 2205 1040 2258 sper
1052 2193 1080 2241 tc
1095 2188 1163 2249 fero,
1181 2204 1328 2258 quousque
1344 2188 1379 2240 ad
1395 2192 1502 2241 certum
1519 2188 1640 2241 diemde
1654 2195 1682 2242 te
1697 2205 1773 2259 quae-

141 2274 209 2343 teges
218 2290 317 2328 eorum
330 2275 442 2345 linguas
450 2279 591 2348 amputari
596 2280 687 2351 jubet,
698 2284 847 2355 ooulooqoo
859 2287 930 2351 oroi,
974 2278 1093 2332 ationem
1101 2277 1234 2331 habuero
1242 2280 1282 2330 llc
1292 2277 1431 2347 siquidem
1441 2277 1511 2330 mihi
1521 2276 1774 2348 obtemperandum

143 2379 286 2434 manusque
300 2365 431 2419 simulac
456 2367 541 2437 pedes
555 2371 689 2424 truncari.
708 2372 770 2435 Qua
791 2376 932 2429 sententio
973 2367 1094 2432 duxeris,
1111 2367 1221 2421 reniam
1241 2367 1398 2432 obtinebis3
1422 2367 1466 2420 sin
1491 2368 1594 2431 minus,
1620 2367 1774 2437 pessimam

144 2454 321 2521 pronuntiata,
334 2454 931 2519 lictorcsetsatellitescircumstantesinbu·
973 2463 1093 2511 “mrtem
1109 2462 1233 2526 Oppetfls·
1251 2458 1315 2510 Haee
1330 2458 1448 2519 loeutuss
1467 2456 1568 2509 brachi
1584 2472 1648 2509 eum
1673 2456 1771 2520 tradit,

146 2557 214 2594 mane
227 2557 259 2595 ac
272 2543 424 2597 crudeliter
438 2544 514 2614 ipsos
528 2547 742 2603 demutilabant.
756 2553 796 2604 Ac
818 2553 931 2622 linguas
972 2547 1142 2616 mandatque
1157 2553 1189 2599 ut
1203 2563 1268 2600 curn
1282 2562 1367 2616 quarn
1383 2546 1599 2615 diligentissime
1621 2546 1768 2599 custodiat

149 2629 244 2698 quidem
256 2647 354 2686 eorum
364 2633 474 2687 uncinis
482 2651 515 2688 cx
526 2652 575 2689 ore
585 2643 723 2693 extremas
729 2639 851 2694 belluino
859 2659 930 2712 quo.
1007 2635 1145 2689 Postridie
1159 2642 1255 2689 autem
1269 2635 1345 2688 illinc
1359 2635 1394 2689 ad
1401 2635 1536 2705 palatium
1548 2651 1631 2688 suurn
1644 2650 1773 2688 reversus

150 2718 202 2772 dam
213 2720 320 2774 &ritate
334 2721 544 2789 abscindebant,
561 2727 656 2781 oeulos
668 2733 762 2782 sutem
773 2729 871 2785 ferreis
879 2748 931 2785 nn·
972 2730 1023 2777 est·
1037 2724 1162 2793 Repente
1170 2724 1377 2793 igituroaptum
1392 2739 1452 2776 esse
1466 2723 1646 2776 Barlaamum
1657 2738 1773 2777 rumore

150 2807 231 2876 guibus
237 2810 382 2873 eruebant,
391 2828 424 2865 ac
433 2812 552 2884 denique
560 2814 929 2889 instrumentisquibusdam
971 2812 1114 2866 serebatur
1134 2813 1205 2865 ⁸d0⁰
1217 2813 1316 2882 utilffl
1324 2829 1434 2882 ‘lumiue
1445 2812 1518 2880 “³81⁸
1531 2812 1605 2869 ffliuss
1618 2813 1670 2866 im
1681 2826 1713 2866 ¹⁰
1722 2827 1770 2867 θη·

151 2912 229 2957 eurum
243 2916 342 2954 manus
356 2916 389 2954 ac
404 2902 489 2972 pedes
509 2903 647 2969 luxantes,
672 2908 874 2977 amputabant:
901 2917 930 2965 ot
971 2902 1030 2955 dita
1044 2901 1209 2971 gravissimo
1225 2901 1312 2955 animi
1328 2902 1424 2955 dolore
1446 2901 1613 2967 afficeretur,
1638 2918 1690 2956 nec
1712 2903 1772 2957 ullo

151 2983 209 3040 aad
221 2988 299 3042 iniec
314 2991 464 3044 venerandi
480 2998 508 3045 et
520 2994 649 3061 generosi
661 2995 721 3055 viri,
743 3003 879 3069 tanquam
893 3001 928 3054 ad
971 2991 1193 3061 modolaminis
1204 2991 1344 3044 moderari
1355 2998 1458 3061 posset,
1471 3005 1566 3044 verum
1576 2991 1770 3060 gemtabusao

151 3076 228 3144 epulas
241 3079 338 3145 vocati,
354 3084 469 3134 strenuo
479 3081 726 3138 eticrtianimoari
736 3088 929 3143 oruoiatoooo
970 3081 1091 3135 luctibus
1107 3081 1196 3134 Deum
1211 3080 1381 3141 obsecraret,
1397 3081 1546 3151 ipsumque
1560 3087 1591 3133 ut
1605 3081 1665 3134 seni
1685 3096 1768 3150 opem

151 3164 273 3233 edebam,
286 3169 397 3222 mutuis
406 3170 647 3226 cohortationibus
662 3188 723 3228 oooo
735 3182 877 3240 amentes,
886 3185 928 3233 ot.
969 3169 1055 3225 terret
1067 3170 1263 3224 obtesuretur.
1288 3171 1347 3223 Nec
1360 3186 1425 3223 vero
1440 3169 1583 3238 lugentem
1597 3186 1663 3223 euru
1677 3169 1769 3223 bonus

151 3268 193 3321 que
204 3256 363 3311 camertem
375 3275 426 3329 pro
442 3259 554 3313 Christo
568 3260 744 3316 subeundam
758 3264 822 3318 sorti
842 3272 928 3337 otqoo
968 3260 1015 3314 ille
1031 3261 1106 3314 Deus
1116 3260 1241 3329 despexit
1254 3277 1260 3325 ;
1278 3259 1413 3328 benignus
1428 3259 1503 3312 enim
1512 3265 1555 3311 est
1568 3259 1604 3311 iis
1617 3259 1665 3329 qui
1679 3259 1769 3328 ipsius

150 3339 266 3414 intrepido
280 3347 378 3400 animo
387 3352 545 3417 pergentes.
968 3365 1049 3420 opem
1063 3350 1091 3402 in
1107 3349 1150 3403 die
1166 3348 1357 3402 tribulationis
1371 3353 1541 3418 exspectant,
1556 3354 1642 3418 atque
1656 3364 1704 3401 eos
1718 3349 1766 3417 qui

177 3433 364 3504 lnbnjrismodi
376 3436 785 3508 variissuppliciissacrosancti
796 3446 926 3499 monaehi
968 3437 1056 3510 ipsius
1070 3445 1147 3493 metu
1162 3439 1270 3508 praediti
1287 3443 1354 3490 sunt
1365 3438 1501 3506 agnoscit.
1517 3435 1598 3490 Unde
1616 3436 1702 3489 ctiam
1717 3437 1765 3505 J‘u-

151 3518 199 3589 lii),
212 3539 326 3578 numero
338 3525 435 3579 decern
447 3532 476 3579 et
488 3533 607 3596 septem,
622 3529 709 3583 fortes
721 3548 753 3584 ac
775 3534 925 3588 tolerantia
967 3531 1030 3584 veni
1044 3547 1089 3600 per
1103 3535 1271 3583 nocturnum
1280 3524 1612 3587 visumornniadeclarat,
1624 3525 1766 3595 roburque

149 3611 257 3678 ifflditts
273 3614 384 3669 animas
397 3631 465 3670 suaa
479 3617 599 3673 Domino
618 3623 858 3679 commendarunt.
884 3627 923 3680 ihr
951 3607 1518 3691 ¹ipn'additmtqueadpictatiscertamen
1532 3616 1762 3669 cumcontlrmat.

149 3713 191 3767 quo
201 3704 341 3775 peropima
352 3711 463 3759 constat
476 3707 601 3761 animum
611 3709 716 3779 pietate
731 3713 878 3781 praeditum
886 3716 924 3768 vi·
965 3695 1147 3780 Enperrectus
1163 3709 1257 3777 itaque
1271 3722 1318 3760 cor
1327 3721 1410 3759 sunm
1422 3706 1506 3776 paulo
1518 3710 1583 3759 ante
1589 3705 1724 3759 moestitia
1733 3723 1766 3760 ac

150 3787 211 3851 fietis
222 3792 412 3848 affectionibus
426 3795 574 3866 imperare,
597 3800 832 3867 quomadmodum
856 3805 922 3874 qui-
965 3800 1062 3852 dolore
1076 3798 1265 3869 profligatum,
1282 3795 1415 3850 laetitiaet
1428 3795 1530 3848 fiducia
1544 3795 1764 3866 suanssimoque

150 3875 199 3931 tem
210 3883 330 3936 anosnu's
338 3883 572 3940 decretisalienus
582 3888 704 3956 prodidit
711 3891 870 3959 (deeeptus),
881 3911 923 3948 se·
964 3888 1070 3942 lumine
1085 3893 1177 3952 wo
1189 3886 1332 3957 pertusum
1340 3885 1454 3955 reperit.
1472 3886 1529 3938 Rex
1545 3890 1640 3939 autem
1664 3885 1707 3938 his
1724 3885 1765 3939 ita

150 3964 332 4025 stemmatis
340 3988 374 4026 ac
387 3979 495 4043 septem
506 3974 627 4029 liliorum
637 3979 792 4033 certamina
803 3997 923 4036 cumme-
963 3978 1060 4048 gestis,
1075 3984 1159 4047 atque
1168 3977 1238 4030 inita
1246 3975 1407 4045 huJusmodi
1419 3975 1598 4045 cogitatione,
1610 3975 1761 4045 gaudebat,

149 4068 248 4122 merens,
268 4061 316 4130 qui
329 4077 387 4115 nna
402 4078 466 4116 curn
475 4069 566 4117 matre
578 4065 639 4135 pari
654 4068 767 4121 omnino
782 4072 922 4127 sententia
963 4069 1096 4138 praeclara
1110 4065 1332 4120 consideratione
1343 4082 1372 4118 se
1382 4065 1423 4118 uti
1434 4065 1607 4129 existimans,
1621 4065 1763 4135 amplissi-

147 4145 242 4210 pfedite
250 4164 299 4219 pro
310 4150 408 4220 petria
418 4151 836 4222 legisdefcnsionedimicarunt
853 4161 921 4224 Qui·
962 4173 1095 4226 mamque
1109 4157 1212 4210 llracbi
1227 4155 1347 4225 gratiam
1362 4155 1476 4207 liabens.
1492 4155 1605 4217 Verum,
1624 4160 1655 4207 ut
1674 4155 1760 4207 divini

149 4227 187 4284 bus
197 4235 465 4294 tolerantiaetanimi
476 4243 671 4312 magnitudine
680 4246 921 4305 nihiloiuseriores
962 4247 1075 4301 Doridis
1088 4246 1179 4299 uerbis
1195 4250 1267 4305 utar,
1279 4243 1397 4296 mentita
1409 4248 1452 4295 est
1465 4241 1599 4311 iniquitas
1612 4243 1664 4296 sibi
1673 4244 1757 4314 (Paul.

149 4317 260 4380 biennii
275 4328 373 4382 Patres
386 4345 419 4383 ac
433 4346 562 4400 supernae
576 4334 731 4389 Jerusalem
747 4337 819 4391 cives
834 4338 1044 4430 exsti-naxia),
1062 4341 1146 4405 atque
1158 4334 1268 4404 justitia
1283 4334 1415 4386 adversus
1434 4332 1611 4402 iniquitatem
1636 4333 1759 4401 palmam

147 4412 229 4471 “mnt-
391 4432 394 4436 “
962 4427 1037 4488 tulit,
1051 4442 1166 4496 prorsus
1181 4423 1309 4476 videlicet
1328 4438 1389 4475 earn
1408 4427 1538 4475 sternens
1558 4437 1590 4475 ac
1614 4422 1757 4491 dejiciens,

173 4499 227 4556 Gna.
242 4505 338 4562 xxiv.
354 4508 454 4562 -His
467 4509 554 4580 igitur
569 4512 616 4581 pia
644 4519 733 4568 morte
756 4516 916 4586 pertunctis,
962 4517 1101 4588 periitque
1127 4513 1260 4567 memoria
1296 4513 1356 4582 ejus
1380 4528 1444 4565 cum
1470 4512 1565 4565 sonitu
1594 4511 1673 4577 (Paul.
1700 4511 1758 4583 1le

148 4589 219 4642 med
230 4592 393 4660 primarium
404 4594 596 4649 consiliarium
611 4613 694 4651 sunm
704 4601 915 4660 Arachendixit:
960 4604 1197 4678 quemadmodum
1214 4602 1352 4657 sermonis
1365 4618 1516 4672 progressu
1531 4617 1548 4654 a
1562 4600 1642 4655 nobis
1662 4607 1757 4656 osten·

148 4670 259 4735 Quoniam
272 4683 351 4752 prius
364 4683 513 4738 eonsilium
526 4685 645 4740 minime
657 4692 799 4758 successit,
816 4694 851 4747 ad
867 4713 918 4765 po-
959 4696 1050 4752 detur.

146 4764 226 4820 Mus
237 4771 361 4825 annuum
375 4771 474 4842 adjice,
491 4789 524 4827 ac
537 4775 694 4831 Nachorem
718 4785 917 4840 accersendum
993 4787 1084 4840 Biduo
1099 4784 1201 4856 quippe
1216 4787 1278 4853 post
1292 4797 1339 4836 rex
1354 4781 1388 4834 ad
1404 4780 1455 4834 uni
1475 4780 1609 4851 palatium
1629 4785 1756 4848 accessit,

147 4864 205 4907 Μ.
216 4859 335 4914 bruches
349 4861 446 4931 igitur,
462 4862 631 4934 intempesta
643 4873 724 4921 nocte
736 4870 842 4940 adeius
857 4891 918 4944 spe·
959 4891 1048 4947 eoque
1062 4875 1115 4950 ipsi
1130 4873 1239 4927 obviam
1251 4871 1414 4943 prodeunte,
1429 4876 1510 4941 pater
1524 4887 1588 4927 enm
1605 4888 1657 4927 suo
1678 4891 1757 4929 more

146 4937 234 4999 lentem
244 4964 273 5002 se
283 4950 411 5014 eontulit,
426 4951 563 5021 siquidem
569 4953 597 5007 in
604 4955 755 5011 solitudine
761 4959 914 5027 habitabat,
959 4965 1075 5018 minime
1085 4963 1283 5023 osculatusest.¹
1296 4977 1401 5021 verum,
1413 4961 1571 5031 indignanti
1586 4969 1670 5034 atque
1684 4963 1756 5019 irato

145 5027 284 5091 diaboii
299 5055 414 5110 operam
428 5040 507 5095 dane.
523 5042 650 5114 Cumque
660 5045 713 5116 ipsi
726 5049 873 5104 consilinm
888 5052 916 5105 id
959 5052 1067 5115 similis,
1084 5049 1394 5120 inregiumcubiculum
1409 5049 1564 5120 ingressum
1574 5054 1756 5109 moestornltn

143 5133 209 5176 omne
219 5128 290 5196 quod
302 5128 442 5199 cepissent
453 5130 632 5197 declarasset,
649 5135 832 5208 simulatque
846 5140 917 5194 dilu·
958 5141 1091 5196 consedit.
1109 5142 1148 5194 llc
1163 5139 1263 5193 deinde
1277 5139 1364 5191 accito
1376 5138 1444 5206 filio,
1460 5139 1503 5193 his
1524 5140 1560 5194 ad
1575 5158 1639 5196 eum
1664 5143 1756 5198 verbis

143 5206 180 5273 ¹5¹³
193 5213 225 5266 ed
237 5232 330 5286 regem
342 5234 373 5272 se
387 5219 500 5290 recepit.
520 5222 557 5276 At
584 5228 644 5276 lum
669 5226 793 5295 quaesitis
819 5245 916 5283 rursus
959 5231 1065 5286 utitur:
1083 5230 1145 5293 Fili,
1165 5244 1292 5298 quaenam
1308 5227 1367 5281 haec
1386 5229 1461 5282 fama
1475 5234 1526 5291 est.
1541 5248 1603 5300 qnae
1614 5231 1650 5285 ad
1673 5248 1755 5287 aures

139 5299 212 5368 equis,
223 5304 257 5358 ud
268 5304 676 5377 investigandumBarlaamum
683 5315 918 5372 seseabiresimu-
958 5337 1035 5374 meus
1050 5318 1213 5389 permeavit,
1233 5317 1414 5390 animumque
1424 5335 1518 5373 meum
1534 5337 1653 5375 maerore
1667 5322 1755 5374 conilv

139 5385 202 5444 levit
221 5393 289 5447 Gom
308 5401 403 5449 autem
419 5398 540 5465 exiisset,
558 5417 590 5455 ae
611 5401 808 5458 locaamtaria
821 5408 917 5476 perlu·
958 5409 997 5463 cit
1006 5408 1021 5460 l·
1031 5422 1121 5477 neque
1134 5406 1209 5459 enirn
1224 5406 1352 5460 existimo
1363 5408 1452 5462 ullum
1473 5425 1597 5479 unquam
1612 5409 1753 5462 hominem

134 5485 227 5535 stum
237 5483 326 5538 virum
339 5501 428 5539 uuum
442 5503 475 5540 ex
486 5489 618 5559 voragine
634 5493 755 5561 quadam
771 5497 917 5565 egredien-
958 5498 993 5551 ob
1007 5496 1057 5549 filii
1067 5503 1160 5549 ortum
1170 5496 1507 5567 tantogaudiopersusnm
1518 5497 1752 5566 finisse,quantam

132 5574 184 5623 ἲ*
194 5573 336 5644 ΝΜ
348 5575 439 5638 ΟΜ
451 5591 515 5631 mm
528 5580 657 5651 persequi
674 5582 814 5649 ,iussisset
830 5586 921 5656 ipsiu,
958 5590 1072 5657 egatus
1085 5600 1169 5638 musa
1187 5585 1358 5655 voluptatem
1377 5585 1501 5656 percepi;
1516 5602 1568 5638 nec
1581 5599 1692 5638 narsum
1707 5582 1751 5636 ul·
