3832 6120
144 353 178 411 83
586 349 636 404 'IN
653 348 759 405 Vl'iAS
778 347 927 404 Parnon
945 347 1216 404 PRCLEGCMENA
1234 346 1332 402 XXVI.
1743 336 1779 396 si

142 479 315 536 Camberone
325 475 430 530 ordinis
440 473 529 529 sancti
543 470 680 528 Bernardi
693 470 768 542 apud
782 470 897 536 Athum,
908 469 936 523 in
943 471 1009 531 Aer
1020 471 1091 532 idue
1104 470 1289 541 primatium
1301 468 1409 536 iiaichi,
1419 466 1549 522 monachi
1558 465 1659 537 captivi
1670 483 1677 530 ;
1689 464 1778 518 Fron·

140 568 314 632 membrana,
330 565 406 629 folio,
422 562 578 618 recentiore
599 578 695 615 manu.
716 558 884 614 Continebat
904 575 937 612 ex
978 561 1060 629 tonii,
1075 565 1177 614 sanctas
1189 559 1312 614 Mariam.
1325 558 1439 613 Libram
1452 555 1615 621 secundum,
1628 570 1713 625 quern
1727 554 1778 608 tri·

139 659 211 713 libro
221 657 310 730 primo
319 654 399 708 Vitas
413 652 501 707 sancti
514 649 700 714 Pauli,sancti
711 647 835 712 Antonii,
846 648 936 701 sancti
978 650 1038 704 huit
1050 651 1112 704 divo
1126 651 1307 720 Hieronymo.
1323 647 1440 703 Librum
1460 645 1600 717 quintum,
1615 645 1663 715 qui
1678 641 1777 703 inscri-

138 745 300 815 Hiiarionis,
316 742 427 809 Malciii,
448 742 563 796 ioannis
583 738 813 810 Eleemosynarii‚
829 737 932 791 Pauiae.
976 738 1298 794 bisunianensem
1315 743 1476 792 sauciorum
1491 738 1617 800 Petrum,
1632 734 1777 802 perfactio·

136 836 254 905 Librum
269 831 423 888 secundum
437 831 491 885 hoc
503 830 606 884 tilulo:
631 831 774 896 incipiunt
793 832 870 880 actus
883 824 932 882 SS.
976 845 1073 897 aesque
1098 829 1306 895 riroaacbarum,
1322 843 1390 896 quus
1416 828 1455 881 da
1475 826 1564 882 &aaa
1589 826 1620 878 tu
1640 825 1775 878 latinum

135 927 278 991 Patrumu
290 923 485 978 Pasiburaiano
498 919 630 973 renuncia
640 919 748 984 aditi,et
758 918 796 970 ud
805 917 934 970 Pidonrm
976 921 1122 972 transtulit
1137 919 1229 971 brutus
1247 919 1433 984 Hieronymus
1446 916 1597 984 presbyter.
1611 912 1729 968 Rectius
1742 911 1772 967 in

136 1017 225 1069 missi
239 1012 353 1076 Librum
371 1009 497 1064 tertium.
513 1007 589 1062 Nulli
605 1011 680 1061 certo
700 1005 807 1059 auctori
824 1004 869 1058 hic
893 1005 934 1058 in·
974 1006 1101 1060 tineiibri
1115 1007 1214 1060 decimi
1231 1006 1339 1061 octavi:
1355 1007 1499 1073 Hucusque
1515 1005 1547 1058 de
1561 1004 1651 1059 draco
1668 1005 1701 1055 a’a
1719 1002 1772 1056 iu-

136 1102 275 1158 scribitur.
292 1099 407 1154 Librum
429 1101 571 1168 quartum,
587 1095 635 1166 qui
658 1094 859 1148 Posthumiano
879 1093 933 1147 tri·
975 1099 1064 1150 tiresum
1073 1095 1490 1161 transtulitPeiupircsdiaconus
1501 1094 1624 1147 Ecclesia
1633 1092 1769 1154 hamane,

135 1192 241 1247 buitur.
974 1190 998 1237 et
1019 1186 1121 1238 oiririne
1144 1187 1267 1253 deinceps
1293 1185 1412 1237 ioannes
1437 1183 1632 1236 subdiaconus.
1656 1178 1774 1237 Librum

171 1281 222 1335 Ma.
234 1279 508 1340 Claromarescanus,
519 1291 551 1328 ex
565 1272 677 1327 abbatia
687 1278 788 1326 sanctae
795 1272 889 1326 hiariae
899 1271 934 1326 de
974 1280 1093 1328 sextum.

135 1370 354 1428 claromaresco,
378 1366 460 1435 juxta
480 1362 682 1424 Audomarum‚
708 1361 814 1414 ordinis
844 1361 934 1415 saneti
1010 1364 1061 1416 his.
1078 1363 1329 1417 carthusianorum
1345 1363 1453 1416 Nostra
1482 1361 1607 1415 Dominae
1624 1359 1659 1413 de
1675 1357 1776 1411 Gratia

134 1457 279 1521 Bernardi,
293 1453 413 1518 infolio,
429 1450 602 1515 membrana,
617 1451 779 1503 charactere
791 1449 871 1515 bono,
884 1450 933 1504 sed
974 1468 1060 1523 prope
1072 1452 1188 1522 [rrxxxrr]
1205 1452 1358 1514 liruxelias,
1372 1450 1492 1511 in-solio,
1506 1449 1628 1519 scriptus
1641 1447 1671 1501 in
1683 1462 1774 1501 mem-

133 1564 189 1610 non
202 1545 281 1599 vaide
295 1542 395 1599 reteri.
414 1539 582 1595 Continebat
605 1556 637 1593 es
653 1538 723 1592 libro
738 1538 831 1609 primo
855 1538 933 1592 Vitas
974 1540 1060 1594 brana
1079 1558 1153 1595 anno
1173 1540 1277 1594 Christi
1296 1537 1371 1606 iton,
1393 1541 1456 1594 Kal.
1472 1537 1643 1600 Decembris,
1657 1552 1708 1607 per
1726 1535 1774 1590 Pr.

132 1634 242 1691 Thaisis
250 1631 413 1697 meretricis,
422 1629 512 1683 iiariae
519 1628 815 1698 AEgyptiacae,iiiarinm
821 1627 930 1698 pueiiae.
974 1628 1088 1682 Petrum
1103 1629 1209 1683 Wcins.
1223 1629 1355 1683 Continet
1369 1645 1401 1683 ex
1415 1628 1506 1699 primo
1521 1626 1591 1680 libro
1601 1626 1681 1679 Vitas
1692 1625 1776 1679 Pauli

130 1724 247 1789 Librum
263 1717 505 1785 secundum,nuili
517 1717 624 1771 auctori
636 1716 816 1787 inscriptum;
828 1716 931 1769 librum
973 1717 1056 1788 primi
1072 1719 1205 1782 eremitae,
1227 1723 1340 1772 auctore
1356 1718 1418 1771 diro
1438 1717 1622 1787 Hieronymo,
1646 1713 1776 1776 Antonii,

131 1812 247 1867 tertium
258 1789 1086 1877 etianianonymurn31iiirumquartumsimiiiterssuuctore
1101 1807 1264 1871 Athanasio,
1278 1807 1431 1877 interprete
1444 1806 1562 1876 Evagrio
1574 1824 1580 1871 3
1597 1804 1686 1858 saneti
1698 1802 1777 1856 iiiia·

133 1915 315 1972 anonymum.
975 1879 1070 1962 rionis,
1095 1902 1208 1949 auctore
1235 1897 1299 1949 divo
1319 1896 1512 1966 llieronym03
1543 1893 1645 1948 Alaichi
1671 1891 1775 1963 captivi

167 1989 220 2043 Ms.
232 1992 334 2041 sanctae
345 1984 440 2040 Mariae
455 1982 575 2038 Bibrach
588 1982 617 2036 in
630 1982 791 2048 Germania,
804 1982 832 2036 in
847 1999 933 2036 mem·
974 1985 1112 2047 monachi,
1124 1990 1238 2039 auctore
1252 1985 1366 2051 codem;
1383 1984 1473 2038 sancti
1484 1982 1637 2047 Pachumii,
1653 1981 1775 2036 Abrahae

46 2069 53 2093 ⁴
131 2076 230 2141 brana,
246 2075 322 2139 liiiio,
334 2075 496 2128 charactere
506 2077 657 2143 utcumque
668 2077 787 2125 vetusto.
802 2071 933 2125 Contine·
974 2073 1104 2127 monachi
1118 2079 1147 2127 et
1161 2073 1294 2135 eremita,
1312 2073 1452 2127 Simeonis
1466 2072 1585 2143 Stylitae,
1597 2070 1712 2125 Macarii
1722 2069 1777 2124 Ro·

131 2166 180 2220 bat
194 2183 226 2220 ex
240 2165 312 2219 libro
327 2164 416 2235 primo
431 2163 510 2228 Vitas
524 2161 613 2225 Pauli,
629 2161 752 2227 Antonii,
768 2160 929 2225 Hilarionis
973 2163 1059 2228 niani,
1074 2163 1226 2226 Frontonii,
1239 2168 1341 2216 sanctae
1351 2163 1542 2232 Euphrosyne
1553 2159 1678 2230 virginis,
1690 2157 1776 2212 Thai-

131 2255 244 2321 hlalchi,
260 2253 398 2316 Frontini,
409 2250 519 2306 Thateis
536 2249 698 2303 meretricis.
714 2250 816 2304 Totum
828 2249 932 2303 librum
973 2247 1773 2321 sismeretrieis,Pelagiaemerctricis,Mariaefflgyptiacae,

131 2342 295 2409 secundum,
311 2347 402 2396 totum
421 2340 524 2394 librum
545 2338 696 2410 septimum
722 2338 874 2393 Paschasii.
896 2339 933 2392 Et
973 2340 1087 2394 Alauna
1102 2341 1227 2410 uirginis,
1242 2340 1345 2394 Paulae.
1357 2340 1472 2394 Librum
1483 2335 1774 2392 secundum.Librum

132 2432 260 2505 qaedam
272 2431 328 2485 alia
339 2430 471 2484 aristeus
480 2427 565 2481 variis
579 2427 667 2480 libris.
973 2430 1112 2499 quintum.
1121 2431 1225 2484 Deerat
1235 2430 1407 2509 quidcmsuo
1419 2427 1516 2483 ordine
1525 2427 1636 2480 libellus
1645 2425 1774 2479 decimus

101 2528 104 2532 '
165 2521 217 2575 bis.
234 2517 455 2575 Rcbdoriiiensis
469 2517 621 2588 in-qnarto,
636 2532 816 2589 pergameno,
835 2517 931 2570 chara·
971 2526 1065 2572 sextus
1080 2519 1114 2572 de
1129 2519 1307 2584 Paenitentia,
1333 2518 1381 2572 sed
1397 2517 1425 2572 in
1440 2515 1629 2586 manuscripto
1642 2530 1773 2584 compre·

131 2614 207 2675 ctare
228 2608 296 2662 satis
311 2605 424 2661 recenti.
445 2605 578 2660 Continet
601 2621 634 2658 cx
651 2604 723 2658 libro
745 2604 835 2675 primo
853 2604 931 2659 Vitas
971 2607 1147 2661 hendebatur
1159 2607 1210 2662 sub
1222 2607 1313 2661 libello
1329 2607 1448 2678 septimo
1460 2606 1508 2677 qui
1521 2605 1608 2659 estde
1619 2603 1771 2669 Patientia,

133 2695 240 2781 [cxxxi]
252 2696 342 2761 Pauli,
360 2693 521 2760 lliiarionis,
536 2693 648 2759 Malchi,
661 2692 800 2748 Simeonis
811 2693 927 2764 stylita,
973 2713 1027 2767 qno
1042 2697 1124 2750 titulo
1139 2697 1168 2750 in
1183 2697 1324 2751 nonnullis
1334 2694 1532 2766 manuscriptis
1543 2695 1629 2748 etiam
1641 2692 1714 2747 liber
1726 2706 1773 2747 xvi

132 2784 333 2863 Euphrosynae.
343 2782 452 2836 libram
461 2782 624 2847 secundum,
635 2798 718 2852 quam
728 2782 931 2836 tribuitsaneto
971 2785 1143 2839 inscribitur.
1159 2785 1274 2840 Librum
1285 2791 1404 2839 sertum.
1417 2785 1468 2838 Hic
1479 2789 1575 2838 autem
1585 2783 1686 2837 titulus
1701 2781 1774 2836 libro

132 2874 320 2944 Hieronym03
335 2872 440 2926 librum
454 2871 569 2925 tertium
585 2875 613 2923 et
627 2876 769 2941 quartum.
821 2871 823 2874 ⁴
973 2881 1094 2928 sextoet
1117 2874 1214 2945 quinto
1228 2874 1444 2945 praefigebatur:
1460 2875 1496 2928 lic
1519 2875 1607 2928 vertis
1629 2875 1775 2926 seniorum

167 2963 219 3017 iiis.
240 2954 330 3016 'sancti
349 2960 424 3014 Petri
451 2960 481 3014 in
499 2961 631 3025 liunster,
650 2959 725 3021 tolio,
750 2975 929 3030 pergameno,
972 2969 1132 3017 satiatorum
1143 2966 1269 3018 Petrum.
1283 2962 1358 3030 Orroei
1370 2980 1436 3031 opus
1450 2965 1482 3016 da
1494 2963 1583 3018 Gracc
1594 2965 1625 3015 in
1639 2963 1774 3015 tatianam

132 3051 289 3119 recentiore
311 3050 482 3104 charactere.
507 3049 639 3103 Continet
664 3054 779 3117 tuntum,
802 3054 932 3120 excerpta
974 3053 1672 3119 trasariuiiiPsiapiusdiaconusEcclesiaiiomuua,
1687 3056 1774 3103 eatre-

134 3140 262 3212 quaedam
287 3156 319 3194 ex
345 3139 417 3193 Vitis
443 3139 570 3193 Patrum.
592 3139 631 3192 Er
648 3137 718 3192 libro
742 3139 832 3217 primo
852 3138 931 3192 vina
942 3146 963 3204 (l
975 3157 1049 3194 rnusn
1062 3146 1170 3209 petriani
1184 3144 1302 3195 Joaurrcs
1317 3143 1500 3195 subdiaconus
1516 3142 1672 3193 transtulit.

132 3228 223 3299 Pauli,
234 3228 359 3296 Antonii,
372 3227 676 3290 HilarionisQuaedam
687 3244 720 3282 ex
729 3227 799 3282 libro
810 3228 932 3282 secundo
1010 3230 1058 3283 iia.
1079 3230 1333 3295 Ruraemundanus‚
1359 3245 1391 3283 ex
1416 3229 1533 3299 collegio
1557 3233 1653 3283 nostro
1678 3228 1775 3283 nure

133 3325 162 3373 et
176 3317 304 3401 septimo.
974 3318 1085 3373 mundae
1108 3319 1137 3372 in
1162 3335 1341 3389 pergameno,
1358 3318 1475 3399 infolio,
1499 3335 1516 3372 a
1539 3317 1644 3372 recenti
1661 3333 1773 3371 manus

167 3408 234 3463 tiss.
249 3406 409 3475 insulenses
424 3405 480 3460 duo
495 3404 700 3460 membranacei
711 3406 858 3477 clarissimi
869 3405 929 3473 viri,
973 3413 1084 3462 constat
1103 3408 1225 3479 quinque
1242 3407 1330 3473 libris,
1352 3408 1393 3462 uti
1417 3407 1509 3478 prima
1524 3406 1619 3461 editio.
1647 3406 1685 3460 Ex
1705 3423 1773 3477 qua,

132 3496 257 3566 mihique
278 3493 450 3558 amicissimi,
466 3494 584 3548 'bassani
603 3495 795 3558 Dastartiauu,
811 3492 928 3559 in-iolio,
973 3496 1048 3566 quod
1068 3512 1157 3567 pauca
1176 3497 1368 3575 typographiae
1398 3495 1517 3550 infantia
1542 3495 1776 3578 imprimerentur

133 3601 189 3639 non
203 3574 283 3637 ualde
294 3582 406 3648 vetusti,
416 3597 536 3652 quornm
546 3583 617 3635 aiter
626 3581 787 3635 continebat
797 3581 849 3635 :iis
860 3581 931 3635 libro
973 3586 1152 3656 exemplaria,
1165 3587 1275 3640 videtur
1287 3586 1451 3656 «exscriptus.
1463 3586 1495 3639 ln
1506 3586 1561 3638 sine
1574 3584 1625 3638 has
1635 3589 1774 3654 praeterea

132 3674 224 3744 primo
247 3676 358 3725 tantum
385 3670 479 3723 Vitam
508 3670 600 3727 itariae
627 3670 806 3741 AEgyptiacae,
838 3670 932 3725 itariae
973 3674 1052 3727 Vitare
1073 3674 1290 3746 complectitur:
1307 3674 1387 3728 Pauli
1410 3673 1495 3745 primi
1519 3673 1652 3738 eremita,
1681 3673 1774 3727 sancti

133 3752 226 3831 neptis
239 3759 367 3820 Abrahae,
378 3758 498 3829 Pelagiae
509 3758 673 3823 meretricis,
685 3766 713 3812 et
721 3759 832 3813 'l'haisis
844 3776 932 3813 mere-
974 3762 1096 3824 Antonii,
1131 3763 1292 3828 iiiiarionis,
1318 3763 1429 3828 Malchi,
1459 3762 1611 3829 Pachumii,
1640 3761 1773 3829 Abrahae,

132 3850 220 3904 tricis.
239 3849 278 3903 lix
292 3847 445 3919 appendice
468 3848 560 3902 solum
575 3846 730 3902 Heraclidis
755 3848 929 3902 Paradisum.
974 3852 1127 3917 Frontonii,
1139 3853 1268 3907 Bariaam
1285 3857 1313 3907 et
1323 3853 1466 3923 iosaphat,
1477 3851 1592 3906 Thaidis
1605 3851 1773 3919 meretricis,

133 3939 213 4005 Alter
238 3952 312 4002 vero,
334 3952 367 3989 ex
386 3935 457 3989 libro
480 3937 571 4006 primo
591 3942 703 3991 tantum
724 3937 810 3990 vitam
829 3942 932 3992 sssnctae
975 3941 1093 4010 Pelagine
1106 3942 1270 4008 meretricis,
1287 3942 1381 3996 Mariae
1397 3942 1577 4013 AEgyptiacas,
1594 3941 1699 3995 Paulas.

134 4025 248 4081 Marinae
271 4024 396 4094 virginis,
417 4029 446 4077 et
467 4030 569 4078 sanctas
598 4025 691 4079 Paulae
718 4026 816 4080 viduae.
832 4027 932 4079 Totum
1010 4032 1061 4085 ils.
1087 4031 1208 4097 Sinnius,
1230 4030 1393 4084 monasterii
1420 4030 1615 4100 religiosarum
1631 4031 1666 4084 de
1694 4030 1775 4095 Sion,

134 4115 238 4170 librum
259 4113 389 4185 quintum
414 4112 518 4186 Pelagii
535 4114 563 4167 S.
581 4114 614 4168 R.
636 4115 666 4168 E.
690 4114 809 4168 diaconi.
832 4115 933 4168 Totum
975 4120 1081 4174 ordinis
1095 4121 1184 4175 sancti
1203 4119 1354 4190 Augustini
1370 4120 1503 4184 Cortraci,
1525 4119 1647 4186 in-ioiio,
1663 4119 1774 4186 charta,

134 4203 237 4273 librum
253 4207 361 4257 sextum
377 4202 492 4257 ioannis
505 4203 533 4257 S·
554 4203 587 4256 R·
605 4203 626 4256 Ε
653 4202 825 4258 subdiaconi·
974 4211 1135 4264 charactere
1149 4210 1312 4273 recentiore,
1328 4210 1449 4281 scriptus
1462 4225 1536 4263 anno
1547 4206 1623 4265 ilos.
1638 4208 1778 4263 Convenit

169 4294 221 4349 bis.
239 4292 333 4348 Sancti
347 4292 474 4362 Sepulcri
488 4293 588 4362 maior,
605 4309 638 4346 ex
654 4293 823 4347 monasterio
838 4292 933 4348 Sancti
975 4300 1056 4370 plana
1069 4316 1132 4352 cnm
1143 4298 1235 4369 prima
1244 4298 1376 4358 editione.
1388 4315 1421 4352 eir
1431 4315 1520 4371 eaque
1532 4298 1705 4368 descriptum
1718 4312 1776 4352 non

135 4383 272 4459 Sepulcri,
286 4380 361 4451 quod
376 4381 521 4434 Cameraci
541 4387 593 4448 est,
609 4382 715 4436 ordinis
735 4382 824 4437 sancti
844 4383 933 4436 Bene·
975 4389 1081 4442 dubito.
1098 4389 1130 4442 ln
1146 4389 1201 4441 tine
1218 4388 1268 4441 has
1284 4388 1397 4442 Petrum
1407 4388 1486 4442 Vitas
1500 4387 1595 4442 addit:
1610 4385 1700 4440 sancti
1716 4386 1777 4440 An·

134 4471 210 4535 dicti,
230 4469 350 4532 in-tolio,
368 4469 541 4533 chartaceus
554 4470 659 4524 recenti
683 4488 779 4526 manu.
802 4471 933 4525 Continet
945 4470 1053 4541 liconii,
1070 4477 1159 4530 sancti
1179 4476 1331 4545 Pachomii,
1348 4477 1468 4548 Epicteti
1487 4482 1514 4531 ei
1530 4477 1664 4531 Astionis.

136 4578 168 4615 ex
192 4560 262 4615 libro
290 4560 381 4630 primo
403 4559 508 4613 Vitas:
538 4560 640 4614 hialchi
665 4562 794 4614 monachi
822 4562 931 4639 captivi,
1010 4568 1101 4636 Atque
1116 4566 1174 4620 hanc
1197 4565 1342 4620 dictasint
1364 4566 1399 4620 de
1420 4566 1618 4637 manuscriptis
1632 4565 1713 4621 libris
1728 4568 1779 4640 qui

136 4655 249 4704 auctore
277 4648 340 4702 diva
371 4648 562 4720 Hieronymo;
592 4655 694 4703 sanctae
729 4651 931 4722 Euphrosynen,
976 4655 1100 4725 integros
1115 4654 1250 4724 quasdam
1266 4654 1405 4709 librasset
1421 4655 1780 4728 magnamiibrorumpar·

135 4737 250 4792 Thaidis
263 4737 425 4805 meretricis,
442 4738 540 4792 lilariae
555 4738 734 4809 AEfflptiacae,
751 4739 865 4794 Marinae
879 4739 935 4793 vir·
976 4750 1034 4797 tem
1053 4760 1086 4797 ex
1110 4743 1152 4804 iis,
1175 4760 1243 4814 quas
1267 4744 1376 4807 damus,
1394 4744 1685 4814 comprehenderunt,
1711 4760 1780 4800 nam

135 4824 220 4895 ginis.
244 4824 360 4891 Librum
387 4824 551 4891 secundum,
571 4843 654 4896 quem
680 4825 780 4881 tribuit
799 4827 934 4893 Palladia,
977 4832 1094 4887 subinde
1110 4838 1138 4886 et
1152 4832 1208 4886 alia
1223 4833 1415 4904 manuscripta
1428 4833 1548 4887 citamus
1562 4849 1624 4904 quae
1638 4828 1792 4889 relunam'

136 4915 232 4996 aitque
246 4913 281 4968 ab
295 4914 467 4989 Hieronymo
476 4916 511 4970 de
521 4916 617 4970 Graeco
632 4915 661 4969 in
674 4915 806 4970 Latinum
819 4932 934 4970 conver·
978 4923 1072 4975 Vitam
1082 4921 1214 4992 aliquam,
1224 4923 1265 4976 rei
1278 4922 1369 4976 simile
1380 4923 1447 4992 quid
1461 4923 1516 4977 huc
1526 4928 1655 4994 spectans
1664 4928 1779 4978 tantum

135 5019 209 5058 sum.
230 5001 345 5069 Librum
364 5004 490 5067 tertium,
510 5005 614 5059 librum
642 5010 784 5075 quartum.
809 5005 847 5059 Ex
866 5005 937 5060 libro
978 5011 1092 5071 habent,
1102 5011 1476 5066 ntiinvenicsBertinianum
1485 5012 1558 5082 apud
1568 5013 1780 5089 Audamaropo-

136 5091 244 5162 quinto,
256 5091 304 5173 qui
315 5091 468 5147 octodecim
481 5093 583 5148 libeliis
595 5099 714 5159 consuit,
727 5093 812 5148 habet
825 5099 935 5148 tantum
977 5099 1036 5164 lim,
1053 5101 1273 5155 Laurentianum
1283 5101 1357 5171 apud
1369 5101 1514 5168 Leodium,
1531 5102 1674 5172 Brugenso
1687 5102 1779 5157 socie·

136 5181 197 5235 sine
210 5180 270 5234 ulia
283 5180 442 5235 libellorum
455 5181 633 5237 distinctione
648 5199 781 5238 numeros
797 5198 871 5237 ccxc.
882 5183 936 5238 iio·
975 5189 1166 5254 assignassem,
1184 5197 1212 5243 et
1225 5189 1247 5243 si
1263 5206 1324 5260 quae
1343 5190 1408 5244 alia.

135 5272 291 5340 cantusque
304 5271 513 5325 Adrrrouiiioner
526 5278 688 5326 sanctoruni
704 5275 821 5326 Petrum
843 5273 875 5326 de
890 5273 936 5325 di·
1012 5279 1186 5333 praeterhac
1199 5279 1390 5349 manuscripta
1397 5279 1506 5346 Latina,
1519 5279 1654 5333 nonnulla
1665 5296 1780 5351 quoque

136 5374 211 5413 verso
220 5374 316 5426 pauore
330 5362 478 5423 uirtutum,
488 5376 555 5429 quus
566 5363 692 5430 Priapius
706 5363 839 5414 (timenus
849 5362 936 5415 Eccle-
977 5366 1074 5421 Graeca
1088 5373 1186 5421 nactus
1196 5383 1268 5431 suin,
1285 5383 1300 5420 e
1315 5366 1417 5437 quibus
1432 5368 1533 5422 Latina
1548 5374 1614 5422 sunt
1629 5385 1777 5438 expressa,

137 5450 184 5502 sia
198 5448 325 5503 Romana
339 5449 371 5502 dc
385 5447 514 5503 Graecia
527 5451 659 5503 Latinum
671 5453 827 5503 transtulit.
932 5452 935 5459 '
977 5455 1024 5509 sed
1040 5472 1138 5525 pauca,
1155 5471 1243 5525 eaque
1259 5455 1327 5508 satis
1338 5455 1512 5526 imperfecta,
1530 5472 1592 5525 qua
1608 5454 1780 5511 subindead

174 5537 223 5593 iiis.
245 5537 339 5591 Sancti
369 5537 494 5609 Sepulcri
519 5537 620 5605 minor,
642 5539 671 5591 in
701 5538 874 5605 membrana,
893 5538 935 5593 in·
976 5545 1163 5598 iucemcitnta
1177 5544 1311 5601 invenies.
1331 5545 1404 5599 Nam
1424 5545 1479 5599 alia
1497 5545 1780 5615 quadamseriusad

28 5671 34 5690 ,
136 5630 247 5696 quarto,
256 5640 342 5680 manu
357 5643 468 5698 quoque
482 5628 597 5681 recenti.
610 5626 811 5698 Complectitur
820 5632 931 5682 autenm
976 5649 1076 5688 manus
1090 5649 1166 5686 meas
1181 5648 1343 5704 pervenere.

1768 5800 1778 5827 b
