3818 6120
134 263 187 325 895
707 269 754 324 DE
772 268 867 325 VlTlS
887 266 1037 326 Parada
1053 269 1161 326 LIBER
1179 271 1213 324 V.
1721 270 1773 331 896

134 393 170 451 Et
183 392 231 449 ille
244 391 406 466 respondit:
419 392 476 448 Ista
486 397 620 449 creaturae
634 399 709 463 sunt,
719 398 748 450 et
756 395 865 450 erratis.
878 395 933 450 Sed
941 398 965 457 Α
974 411 1026 467 per
1034 395 1191 452 adhibitum
1205 393 1257 452 tibi
1267 396 1362 468 ignem
1373 396 1485 454 amittes
1495 399 1775 472 aeruginemQuodsi

134 482 248 539 obsecro
274 498 338 549 vos,
369 482 572 550 convertimini,
602 491 631 539 et
660 485 803 556 agnoscite
832 502 929 540 vemm
968 486 1063 556 justus
1076 492 1146 542 eset
1162 487 1221 542 haec
1234 486 1347 558 pateris,
1362 488 1397 543 de
1411 505 1513 559 magno
1528 489 1565 544 ad
1579 491 1692 561 majora
1715 506 1776 562 pro·

133 572 233 639 Deum,
250 571 297 643 qui
311 576 341 626 et
354 571 410 626 ists
423 573 537 640 creavit,
550 578 689 628 etcaetera
700 575 804 629 omnia.
821 575 865 630 Illi
881 591 930 631 au·
971 576 1100 630 moveris.
1116 577 1225 631 Aurum
1245 593 1284 644 es,
1298 577 1347 631 sed
1358 593 1409 648 per
1431 577 1526 649 ignem
1553 577 1701 650 probatior
1710 579 1774 635 eris.

132 666 191 715 tem
207 659 376 729 deridentes,
393 661 524 717 dixerunt
539 680 544 715 :
561 662 784 718 Condemnatum
801 669 830 719 et
843 663 930 719 cruci·
970 664 1058 720 Datus
1072 670 1116 720 est
1129 667 1205 720 anim
1219 664 1271 720 tibi
1285 666 1402 737 angelus
1408 667 1527 735 Satanae,
1539 666 1672 723 stimulus
1685 669 1776 724 carnis

133 750 219 804 lixum
231 749 300 805 dicis
309 766 370 806 esse
379 768 476 806 vemm
486 751 594 806 Deum?
610 753 711 820 Etiam,
722 753 823 824 inquit,
835 754 929 824 ipsum
971 758 1025 809 tuae
1039 758 1065 821 (I
1077 756 1138 809 dor.
1155 759 1214 819 χιι).
1227 755 1342 810 Exsulta
1351 756 1459 823 videns,
1474 755 1727 812 cuisimilisfactus
1737 775 1774 826 es,

133 837 182 912 qui
196 839 333 895 crucifixit
344 845 373 895 ct
387 840 488 895 occidit
500 847 630 907 mortem,
643 841 719 896 hunc
732 842 795 896 dico
809 859 869 896 asse
882 858 930 897 ve·
971 843 1050 897 Pauli
1066 842 1242 899 enimsimile
1257 845 1361 900 donum
1375 844 1504 900 meruisti
1519 846 1659 918 accipere.
1690 846 1720 902 si
1741 847 1776 905 ie·

132 944 197 983 rum
212 928 311 984 Deum.
325 929 369 985 Illi
384 935 480 985 autem
494 936 553 985 tam
566 931 621 1003 ipsi
637 948 722 1003 quam
736 930 870 986 iratribus
881 930 929 1003 qui
971 932 1076 999 bribus,
1093 933 1118 988 si
1131 934 1223 1004 rigore
1237 934 1349 1005 frigoris
1364 934 1701 1006 castigaris,memoresto
1711 936 1775 1008 quid

132 1033 197 1074 cum
218 1035 251 1074 eo
274 1024 355 1074 erant
375 1018 527 1075 inferentes
548 1027 699 1088 tormenta,
722 1020 856 1092 cogebant
882 1038 929 1076 eos
971 1021 1117 1093 Scriptura
1135 1023 1203 1078 dicit
1219 1041 1224 1076 :
1238 1023 1428 1078 Transivimus
1439 1023 1597 1095 perignem
1608 1029 1637 1080 et
1649 1041 1772 1096 aquam,

132 1106 299 1162 sacrificare.
312 1108 347 1162 Et
353 1107 424 1162 duos
434 1109 547 1180 quidem
558 1108 659 1164 fratres
670 1114 733 1180 post
741 1110 864 1181 plurima
873 1116 930 1164 tor·
970 1112 1114 1167 residuum
1128 1117 1171 1167 est
1185 1113 1259 1183 quod
1274 1113 1410 1183 sequitur,
1426 1118 1459 1170 ut
1472 1113 1644 1169 inducamur
1653 1113 1685 1168 in
1697 1113 1775 1170 resri-

134 1202 230 1252 menta
244 1197 481 1270 decapitaverunt,
498 1215 595 1253 senem
610 1204 705 1254 autem
720 1199 818 1254 diebus
834 1199 930 1254 multis
972 1201 1081 1271 getium
1098 1203 1179 1263 [Prot.
1195 1205 1265 1270 xxv).
1281 1200 1434 1256 obtinuisti
1449 1202 1582 1273 primum,
1593 1208 1725 1275 exspecta
1737 1221 1776 1259 se·

131 1285 311 1358 torquebant.
327 1287 429 1343 Postea
442 1304 507 1343 vero
517 1293 678 1343 statuerunt
688 1305 752 1344 eum
766 1290 794 1344 in
810 1289 931 1360 quodam
973 1289 1106 1357 cundum,
1127 1307 1213 1361 agens
1229 1308 1291 1362 quae
1306 1290 1440 1347 virtutum
1469 1296 1543 1346 sunt.
1572 1291 1675 1347 Clama
1697 1291 1777 1348 verba

132 1374 203 1442 loco,
216 1380 246 1431 et
257 1374 430 1447 sagittabant
443 1376 473 1430 in
484 1376 545 1447 ipso
555 1377 634 1447 quasi
645 1377 679 1432 ad
690 1378 801 1449 signum
814 1396 819 1430 ε
832 1395 907 1434 unus
916 1397 934 1434 a
974 1379 1130 1451 Propheta,
1142 1379 1261 1435 dicentis
1278 1398 1284 1432 :
1299 1381 1412 1451 Pauper
1423 1386 1453 1434 et
1465 1380 1546 1451 inops
1561 1384 1592 1436 et
1615 1380 1716 1435 dolens
1728 1398 1776 1454 ego

132 1462 225 1533 dorso,
241 1469 270 1520 et
284 1465 385 1520 altera
398 1472 519 1536 pectore.
532 1466 605 1521 Dicit
619 1469 660 1521 eis
674 1483 778 1522 senex:
791 1468 929 1532 Quoniam
973 1485 1036 1523 sum
1053 1471 1126 1533 (Psal
1131 1469 1396 1538 anxiarer-fectus
1405 1469 1482 1525 enim
1489 1469 1545 1524 eris
1555 1486 1608 1542 par
1615 1469 1776 1542 huiusmodi

132 1550 198 1608 facti
212 1553 280 1609 estis
288 1554 318 1610 in
328 1571 464 1610 consensu
473 1556 503 1609 in
513 1572 611 1623 unum,
626 1561 659 1611 ut
672 1555 822 1611 effundatis
834 1562 930 1624 58ss
970 1557 1190 1613 tribulationem.
1204 1559 1253 1612 Ait
1269 1558 1344 1613 enim
1364 1577 1369 1612 :
1391 1555 1424 1614 ln
1450 1558 1635 1614 tribulatione
1656 1559 1776 1618 dilatasti

133 1643 301 1714 sanguinem
322 1643 510 1712 innocentem,
535 1647 657 1700 crastina
671 1647 700 1700 in
716 1651 858 1700 momento
877 1648 930 1701 hac
971 1664 1015 1701 me
1027 1649 1111 1713 (Prot.
1127 1650 1172 1716 rvi.
1189 1648 1273 1703 lnhis
1288 1665 1354 1719 crgo
1368 1647 1489 1702 maxime
1504 1647 1647 1703 exercitiis
1671 1649 1775 1707 animas

132 1732 211 1800 hora,
236 1751 297 1805 quae
315 1735 398 1789 modo
417 1741 469 1802 est,
492 1735 553 1790 sine
573 1736 638 1790 liliis
660 1736 818 1792 remanebit
839 1720 1081 1792 mateanostras
1094 1735 1254 1808 probemus,
1265 1743 1330 1792 ante
1342 1739 1436 1793 oculos
1449 1737 1523 1792 enirn
1531 1736 1674 1792 habemus
1686 1738 1776 1794 sdver-

132 1826 235 1888 vana,
252 1825 281 1877 et
293 1822 450 1894 privabitur
463 1823 564 1878 affectu
578 1829 680 1890 vestro,
702 1830 730 1878 et
749 1825 869 1896 propriis
883 1839 930 1879 sa·
970 1826 1077 1881 sarium
1091 1831 1229 1882 nostrum.

131 1910 211 1982 gittis
220 1910 514 1983 invicemsanguincm
523 1919 648 1968 vestrum
659 1913 817 1968 eltundetis.
829 1913 873 1967 Illi
883 1929 931 1969 au·
1008 1913 1050 1972 17.
1059 1915 1135 1970 Dixit
1144 1916 1269 1970 itcmm¹:
1281 1915 1309 1970 Si
1324 1915 1475 1971 intlrmitas
1490 1917 1613 1973 molesta
1622 1916 1708 1973 nobis
1720 1917 1774 1973 tue·

131 2004 191 2056 tem
205 1997 411 2055 subsannantes
426 2000 510 2055 verba
524 2002 595 2072 eJ'us,
611 2002 741 2056 axicmnt
754 2002 783 2056 in
796 2001 928 2069 crastino,
971 2004 1018 2072 rit,
1025 2021 1081 2060 non
1095 2004 1304 2071 contristemur,
1319 2009 1456 2076 tanquam
1470 2005 1519 2078 qui
1539 2023 1592 2078 pro
1608 2005 1770 2062 infirmitate

132 2093 165 2145 ut
171 2093 349 2145 venarentur.
362 2090 397 2145 Et
406 2091 523 2162 contigit
531 2092 701 2147 utevaderet
708 2107 781 2146 unus
789 2108 885 2147 cervus
896 2092 931 2147 dc
972 2099 1001 2148 et
1010 2094 1125 2149 vulnere
1144 2095 1331 2164 corporisnon
1341 2095 1483 2166 possimus
1492 2101 1571 2151 stare
1586 2096 1622 2151 ad
1635 2095 1769 2152 orandum

131 2183 192 2235 rete
205 2195 312 2247 eorum,
330 2184 359 2234 et
371 2181 559 2235 ascenderunt
576 2197 672 2253 equos,
690 2187 719 2236 et
735 2180 886 2236 currebant
900 2183 932 2237 ut
972 2189 1022 2237 ant
1037 2183 1214 2254 psallendum
1229 2183 1265 2237 ad
1277 2200 1382 2238 vocem.
1398 2184 1461 2239 llaec
1480 2189 1578 2240 autem
1593 2184 1770 2241 omnianobis

131 2269 403 2341 comprehenderent
417 2285 529 2324 cervum
547 2286 554 2324 :
580 2270 706 2342 quicum
719 2271 875 2342 jactassent
888 2287 931 2325 sa·
972 2288 1022 2344 pro
1037 2271 1206 2326 destruendo
1232 2271 1356 2344 corporis
1371 2272 1509 2328 desiderio
1531 2274 1699 2330 necessaria
1713 2279 1770 2330 sunt

129 2358 215 2430 gittas
229 2363 293 2431 post
306 2358 408 2432 ipsum,
425 2357 544 2414 invicem
566 2358 618 2413 sibi
633 2359 662 2413 in
676 2375 723 2414 cor
737 2359 885 2426 dederunt,
902 2363 932 2413 et
972 2361 1104 2432 quoniam
1111 2361 1220 2432 jejunia
1238 2367 1267 2417 et
1289 2361 1399 2417 labores
1409 2367 1524 2435 propter
1535 2367 1639 2436 turpes
1656 2363 1767 2419 delecta·

129 2447 234 2504 mortui
250 2453 318 2503 sunt
323 2449 406 2520 Juxta
415 2447 530 2503 verbum
544 2449 617 2519 quod
632 2449 800 2519 predixerat
813 2464 906 2503 senex.
970 2451 1062 2505 tiones
1072 2450 1154 2506 nobis
1163 2451 1317 2507 constituta
1326 2457 1401 2507 sunt.
1421 2451 1449 2508 Si
1464 2452 1555 2524 igitur
1568 2454 1712 2526 aegritudo
1723 2453 1770 2509 ista

163 2533 209 2593 13.
225 2535 300 2592 Dixit
314 2535 400 2590 abbas
414 2536 530 2591 Pastor:
554 2536 627 2600 Quia
642 2536 730 2591 virtus
744 2537 875 2592 monachi
899 2537 929 2592 in
971 2540 1106 2608 retundit,
1120 2541 1263 2613 superllua
1273 2540 1307 2595 de
1321 2540 1365 2596 his
1380 2541 1563 2597 observandis
1571 2543 1649 2598 ratio
1663 2548 1716 2599 est.
1736 2542 1769 2598 Si

127 2623 331 2681 tentationibus
346 2629 474 2697 apparet.
970 2634 1018 2684 cut
1028 2630 1102 2685 enim
1118 2645 1221 2701 magno
1237 2635 1265 2685 at
1278 2629 1344 2686 torti
1360 2630 1546 2686 medicamina
1573 2632 1724 2704 agritudo,
1737 2632 1769 2688 ita

168 2712 413 2771 14.Dixititerum
428 2713 477 2784 qui
497 2729 584 2785 supra
598 2712 664 2785 quia
678 2713 802 2769 Isidorus
816 2713 930 2787 presby·
971 2715 1136 2785 egritudine
1163 2716 1287 2787 corporis
1309 2715 1378 2771 vitia
1406 2716 1581 2773 reciduntur.
1613 2718 1769 2774 Ethaecest

131 2807 176 2859 ter
189 2803 224 2858 da
232 2801 471 2875 Scythiallocutus
482 2802 519 2858 sit
530 2802 681 2873 aliquando
691 2802 802 2876 plebem
810 2804 930 2859 fratrum
972 2821 1076 2875 magna
1090 2803 1188 2871 virtus,
1212 2804 1324 2875 quando
1339 2805 1368 2861 in
1392 2805 1611 2862 infirmitatibus
1626 2806 1769 2863 tolerantis

131 2893 227 2948 dicens
243 2911 249 2946 :
267 2893 391 2959 Fratres,
407 2892 535 2963 nunquid
551 2907 607 2947 non
622 2893 657 2947 ad
677 2892 865 2948 laborandum
887 2910 931 2948 ve·
971 2893 1067 2957 suerit,
1084 2897 1113 2948 et
1133 2894 1291 2964 gratiarum
1314 2893 1387 2949 actio
1407 2893 1531 2950 mittitur
1555 2895 1593 2951 ad
1623 2894 1768 2953 unumst

131 2981 225 3038 nimus
238 2980 268 3037 in
277 2982 329 3037 hoc
343 2982 426 3038 loco?
440 2983 475 3037 Et
488 2997 562 3037 nunc
585 2981 675 3048 video,
693 2982 759 3053 quia
774 2982 868 3036 nullus
883 2982 929 3037 hic
972 2983 1129 3038 amittimus
1144 2984 1248 3050 oculos,
1264 2999 1320 3039 non
1335 2983 1768 3055 feramusgmviteruxtollentiae

129 3071 211 3129 labor
227 3077 279 3129 est.
300 3073 358 3144 Ego
380 3072 467 3143 igitur
481 3072 596 3128 collecta
622 3072 693 3144 pelle
718 3088 780 3126 mea
794 3072 865 3127 vado
880 3072 928 3127 ubi
941 3043 1046 3127 Cenirn
1057 3072 1278 3127 instrumentum
1284 3072 1440 3141 ambimus,
1450 3073 1500 3128 sed
1514 3073 1705 3130 interioribus
1715 3091 1768 3130 ocu·

131 3167 174 3218 est
188 3161 277 3231 labor,
295 3161 371 3217 etibi
384 3163 496 3218 invenio
506 3163 644 3234 requiem.
971 3162 1006 3216 lis
1018 3161 1139 3232 gloriam
1153 3161 1266 3216 Domini
1279 3162 1467 3234 speculemur.
1483 3163 1569 3218 Surdi
1579 3163 1650 3220 facti
1663 3162 1767 3220 sumus?

169 3249 211 3310 15.
228 3252 304 3307 Dixit
327 3257 425 3307 sancta
445 3251 603 3325 Spncletica
622 3269 627 3306 :
644 3251 673 3306 Si
697 3251 727 3305 in
755 3251 930 3307 monasterio
972 3267 1028 3306 non
1041 3250 1249 3318 contristemur,
1266 3251 1471 3322 quiaauditum
1484 3268 1591 3308 vanum
1618 3253 1765 3309 amisimm.

131 3357 195 3398 cum
210 3340 272 3397 aliis
285 3342 415 3407 versaris,
431 3357 488 3397 non
498 3345 590 3396 mater
598 3342 691 3395 locum
702 3358 709 3408 3
720 3340 831 3394 laederis
842 3340 927 3406 enim,
972 3340 1074 3395 Manus
1088 3345 1186 3395 vestrae
1203 3357 1235 3395 ox
1250 3341 1344 3413 aliqua
1359 3341 1489 3413 passione
1511 3340 1672 3398 debilitatae
1691 3340 1767 3398 suutl

131 3431 155 3486 si
166 3430 252 3487 iacias
266 3432 328 3487 hoc.
356 3431 466 3487 Etenim
489 3431 562 3486 sicut
586 3430 692 3502 gallina
706 3430 730 3485 si
747 3428 933 3501 dereliquerit
972 3429 1021 3485 sed
1044 3430 1192 3485 interiores
1213 3435 1327 3501 paratas
1341 3429 1496 3485 habeamus
1514 3431 1655 3488 adversus
1669 3430 1764 3488 inimici

132 3536 183 3577 ova
195 3536 249 3577 sua
263 3521 331 3590 fota,
353 3520 414 3575 sine
427 3519 511 3593 pullis
526 3536 560 3574 ea
575 3519 651 3574 exire
670 3518 738 3573 iacit
754 3538 761 3586 ;
778 3519 818 3572 ita
832 3534 931 3573 mona·
973 3519 1152 3574 tentationes.
1163 3520 1318 3575 Infirmitus
1327 3524 1527 3593 totumoorpus
1538 3526 1673 3578 nostrum
1685 3519 1766 3577 tenet?

130 3609 199 3664 chus
213 3609 256 3665 vel
270 3609 347 3681 virgo
362 3609 486 3681 frigescit
497 3615 526 3665 ct
539 3608 726 3664 mortificatur
747 3608 777 3663 in
803 3608 867 3674 lide,
896 3607 931 3662 de
973 3609 1023 3665 sed
1034 3613 1130 3664 nostro
1144 3609 1271 3664 interiori
1281 3609 1389 3665 homini
1398 3611 1505 3666 sanitas
1520 3612 1635 3667 crescit.

129 3699 190 3754 loco
204 3699 240 3754 ad
255 3699 348 3755 locum
362 3699 543 3754 transeundo.
1010 3699 1051 3755 18.
1067 3698 1143 3754 Dixit
1155 3699 1259 3754 iterum
1280 3716 1342 3772 quae
1352 3698 1475 3773 supra¹2
1493 3699 1550 3765 Qui
1560 3701 1591 3756 in
1606 3701 1765 3757 sscmoisu

164 3783 210 3844 19.
227 3785 303 3842 Dixit
315 3787 420 3844 iterum
432 3787 518 3843 alind:
526 3787 659 3842 Diabolus
667 3802 730 3840 cum
741 3803 792 3858 per
801 3787 930 3842 stimulos
973 3789 1069 3860 aliqua
1082 3788 1201 3844 crimina
1215 3789 1425 3871 commiserunt,
1447 3789 1535 3845 etiam
1555 3790 1690 3847 nolentes
1712 3789 1766 3845 mit

130 3875 306 3947 paupertatis
325 3891 382 3930 non
401 3875 529 3943 moverit,
545 3876 656 3931 divitias
671 3875 786 3930 adhibet
800 3875 835 3930 ad
848 3876 929 3932 sedu·
969 3883 1070 3934 tuntur
1082 3877 1111 3932 in
1126 3894 1276 3946 carcerem,
1293 3884 1379 3935 etnos
1392 3895 1443 3951 pro
1460 3884 1576 3952 peccato
1590 3885 1690 3936 nostro
1701 3878 1765 3935 redi-

131 3963 251 4020 cendnm
267 3966 393 4034 (Rastia,
415 3968 438 4024 l.
457 3965 597 4020 111n.15'l
614 3965 740 4033 ,Pascb.,
757 3981 780 4020 c.
796 3964 832 4021 20
850 3982 879 4020 a.
893 3965 927 4036 l).
969 3985 1070 4040 gamus
1091 3967 1276 4040 nosmetipsos
1303 3969 1334 4023 in
1358 3969 1526 4037 custodiam,
1551 3974 1586 4024 nt
1614 3968 1767 4026 voluntaria

131 4052 240 4110 Etdum
254 4071 305 4128 per
318 4054 503 4110 contumelias
513 4059 542 4110 et
555 4054 769 4127 opprobrianon
784 4055 925 4128 praevelat,
969 4059 1072 4113 mentis
1085 4068 1187 4112 nostrae
1201 4057 1324 4113 vindicta
1331 4058 1441 4113 suturas
1455 4074 1473 4113 a
1490 4057 1574 4113 nobis
1586 4075 1688 4130 poenas
1698 4074 1766 4113 amo

129 4143 227 4200 laudes
243 4149 272 4200 et
284 4143 404 4216 gloriam
414 4144 538 4200 adhibet.
547 4143 697 4199 sinautem
704 4145 929 4200 satietatemcor·
968 4153 1040 4202 reat.
1058 4147 1086 4202 Si
1089 4147 1213 4219 jejunas,
1222 4147 1467 4203 nontibiinvenias
1475 4148 1657 4204 occasionem
1664 4145 1768 4205 dicendi
1787 4182 1791 4193 ·

129 4234 206 4307 poris
220 4234 359 4302 immittit,
376 4237 406 4289 et
414 4251 478 4290 cum
486 4234 718 4290 delectationibus
727 4235 860 4290 seducere
871 4248 928 4290 non
969 4234 1459 4309 quiaexacerbatnsinaegritudinem
1467 4236 1625 4305 incurristi,
1641 4237 1767 4310 quoniam

129 4329 230 4398 potest,
246 4342 298 4399 per
309 4325 462 4395 molestias,
479 4342 541 4398 quac
556 4330 654 4381 contra
665 4331 761 4381 votum
784 4325 925 4393 eveniunt,
938 4332 998 4424 Det
1012 4327 1060 4398 qui
1075 4343 1131 4382 non
1144 4328 1277 4398 jejunant
1289 4326 1397 4382 similes
1416 4326 1601 4398 aegritudines
1618 4326 1768 4383 incurrant.

129 4413 930 4487 animamconatursubverteralnllrmitatesautemquas·
971 4415 1113 4471 lnchoasti
1124 4415 1230 4486 aliquid
1240 4415 1395 4472 bonilnon
1415 4416 1555 4472 revoceris
1578 4434 1634 4490 per
1658 4414 1767 4488 impedi·

128 4504 196 4560 dam
209 4521 309 4576 graves
322 4504 479 4577 expetendo
488 4505 621 4561 adversus
634 4521 700 4561 eum
710 4505 757 4579 qui
775 4505 928 4560 tentandus
971 4508 1067 4560 menta
1079 4503 1194 4569 inimici,
1220 4503 1353 4576 quoniam
1363 4508 1392 4558 et
1401 4503 1461 4577 ipse
1475 4503 1613 4559 inimicus
1637 4502 1765 4578 patientis

129 4599 173 4651 est
181 4593 305 4663 adhibet,
321 4599 354 4650 ut
366 4611 418 4667 per
431 4611 478 4649 eas
492 4594 686 4666 pusillanimes
704 4592 811 4650 {aciens
832 4611 928 4649 mona-
971 4593 1196 4648 tuadestruetur.
1207 4593 1318 4648 Etenim
1325 4593 1372 4665 qui
1382 4593 1515 4665 navigare
1523 4593 1672 4666 coeparint,
1681 4592 1766 4667 primo

128 4684 204 4753 chos,
218 4683 367 4741 conturbet
379 4684 546 4740 charitatem
560 4700 659 4739 eorum
672 4700 756 4756 quum
774 4683 880 4739 habent
893 4684 928 4738 ad
971 4684 1127 4756 pandentes
1135 4682 1195 4738 vela
1201 4698 1367 4755 prosperum
1373 4686 1486 4738 ventum
1493 4681 1650 4739 inveniunt
1658 4702 1667 4749 ,·
1677 4685 1766 4755 poste

128 4772 230 4831 Deum.
244 4774 300 4831 Sed
319 4774 445 4847 quamvis
464 4774 628 4830 concidatur
637 4790 748 4846 corpus,
762 4779 791 4829 et
806 4772 929 4828 febribus
970 4777 1065 4829 autem
1082 4771 1240 4827 contrarius
1248 4771 1529 4828 ventuscisoccurrit.
1543 4772 1602 4829 Sed
1611 4778 1704 4829 nautae
1714 4785 1763 4827 noa

129 4862 227 4919 validis
241 4864 444 4934 inflammetur,
460 4863 576 4937 insuper
588 4863 674 4919 etiam
690 4862 859 4918 intolerabili
881 4863 929 4918 siti
969 4880 1034 4918 mox
1045 4867 1162 4934 propter
1172 4861 1316 4917 incursum
1322 4860 1456 4916 contrarii
1465 4861 1611 4928 venti,aut
1622 4860 1764 4918 exonerant

129 4950 421 5027 ailligatur,siquidem
431 4959 561 5027 peccator
575 4970 605 5009 as
617 4952 665 5025 qui
675 4952 871 5020 haecsustineS,
887 4969 930 5009 re·
970 4957 1020 5008 aut
1031 4953 1166 5007 deserunt
1183 4951 1287 5017 navim,
1305 4951 1354 5006 sad
1365 4951 1513 5023 paululum
1532 4951 1706 5007 sustinentes
1723 4951 1765 5005 aut

129 5040 244 5098 cordare
252 5041 340 5099 futuri
351 5043 445 5099 saculi
454 5060 561 5117 poenas,
577 5047 606 5098 et
624 5048 761 5098 aeternum
779 5041 884 5115 ignem,
901 5047 929 5097 et
970 5039 1765 5115 pugnantesadversusprocellam,iterumrectumcursuu

126 5128 272 5202 J'udicialia
284 5137 435 5202 tormcnla;
448 5139 477 5189 et
495 5134 599 5189 itanon
609 5132 722 5188 deficies
732 5132 766 5187 ad
778 5149 812 5187 ea
822 5149 884 5204 quae
898 5132 928 5188 in
969 5130 1177 5187 inveniuntlta
1191 5146 1258 5202 crgo
1273 5135 1302 5185 et
1321 5146 1372 5185 nos
1398 5130 1429 5185 in
1446 5131 1628 5189 contrarium
1642 5128 1762 5204 spiritum

128 5219 261 5292 praesenti
274 5221 442 5293 contingunt
454 5241 460 5290 ;
478 5221 626 5295 iusuperet
638 5222 738 5293 gaude,
752 5221 819 5294 quia
832 5221 929 5278 risita-
970 5221 1154 5287 incurrentes,
1168 5236 1280 5274 crucem
1286 5234 1337 5290 pro
1343 5219 1403 5275 velo
1409 5218 1663 5290 erigamusfis!
1680 5216 1764 5275 ctsiae

129 5310 170 5366 vit
182 5315 212 5364 te
225 5309 310 5365 Deus.
320 5310 432 5367 Etillud
442 5311 661 5368 famosissimum
670 5311 777 5367 dictum
792 5311 822 5366 in
833 5311 931 5383 lingua
970 5309 1094 5383 periculo
1102 5309 1195 5364 saeculi
1209 5308 1292 5363 istius
1306 5308 1450 5380 navigium
1464 5308 1679 5382 explicabimus.

129 5399 241 5467 habeto,
257 5397 346 5466 idest,
361 5400 508 5472 castigans
525 5401 670 5474 castigavit
684 5419 729 5457 me
739 5401 885 5470 Dominus,
901 5406 930 5457 et
1007 5397 1050 5456 l9.
1067 5397 1202 5454 Dicebant
1215 5397 1250 5453 de
1262 5396 1404 5454 abbatissa
1415 5397 1505 5455 beatae
1514 5394 1763 5468 memoriaevirgine

129 5490 214 5547 morti
228 5506 284 5545 non
310 5489 426 5545 tradidit
438 5505 483 5544 ma
505 5492 587 5559 (Ptol.
603 5494 701 5562 cxvu).
728 5491 757 5548 Si
773 5490 877 5548 serrum
888 5508 928 5563 es,
971 5491 1050 5556 Sara,
1068 5489 1142 5559 quod
1153 5503 1240 5561 supra
1262 5487 1373 5543 alveum
1383 5487 1510 5544 fluminis
1522 5489 1671 5565 sexaginta
1685 5499 1763 5542 sunm

167 5578 176 5616 ¹
191 5579 277 5641 Deest
285 5577 338 5638 hoc
351 5577 382 5639 in
396 5577 519 5638 editione
531 5579 692 5638 Parisiensi.
1007 5578 1018 5614 ³
1032 5579 1117 5635 Deest
1130 5578 1184 5635 hoc
1196 5576 1226 5634 ia
1241 5575 1308 5635 edit.
1319 5574 1481 5635 Parisiensi.
