3818 6120
129 267 179 330 ⁹⁵¹
694 278 743 334 aa
760 277 855 335 vnis
873 275 1024 334 ramum
1041 273 1150 332 mann
1167 271 1202 326 v.
1277 231 1279 235 ’
1711 259 1767 320 aaa

127 392 174 454 bis
187 397 235 471 qui
248 398 388 471 primitias
407 398 513 457 habent
533 402 761 472 conversationis,
783 401 1021 476 quomodoAvia.
1035 403 1070 458 Et
1084 399 1155 456 dixit
1161 396 1304 453 abstinens
1312 390 1534 450 illaadfratrem
1543 403 1647 445 suum:
1664 386 1695 444 si
1715 387 1768 443 ha·

129 485 294 543 obedientia
305 486 439 546 laborem.
970 490 1126 547 buissemus
1141 485 1247 559 aliquid
1260 486 1412 549 vetustum,
1426 481 1600 553 jactaremus
1609 491 1698 550 super
1708 493 1770 532 cor·

168 574 211 634 16.
226 578 316 633 Senex
325 579 442 650 quidam
453 580 597 636 solitarius
607 581 706 638 habuit
721 584 871 660 quemdam
877 583 929 637 mi·
968 596 1021 653 pus
1035 578 1115 634 illud.
1128 577 1163 632 Et
1172 572 1345 646 respondens
1358 570 1406 625 ille
1415 568 1548 624 obediens
1566 567 1667 634 frater,
1684 564 1768 622 dixit:

131 667 253 723 nistrrnn
268 673 431 724 manentem
445 669 475 725 in
490 671 675 743 possessione.
692 673 816 744 Contigit
833 678 929 728 autem
969 669 1059 741 Magis
1074 682 1196 731 oremus,
1211 668 1240 719 θῑ
1252 661 1372 718 1018114111
1387 662 1526 729 mulget·
1542 657 1580 713 Et
1603 660 1716 712 ΜΨ
1737 656 1771 712 “d

129 756 218 812 semel
227 762 268 823 ut,
283 757 415 813 tardante
438 759 578 827 ministro,
601 761 754 816 deficerent
771 763 930 818 necessaria
971 759 1138 822 orationem,
1155 759 1240 826 atque
1252 755 1366 807 orantes
1379 750 1497 815 intente,
1508 746 1632 802 surrexit
1645 749 1771 801 mortuus

111 847 192 902 ¹seni
205 846 306 916 (Buff,
324 850 343 902 l.
362 861 403 915 ιιι,
414 864 445 903 n.
460 847 535 915 illl.
551 849 658 905 Etcum
674 855 786 923 tempus
797 852 930 907 intereas·
969 847 1027 902 ille.
1044 847 1104 913 Quo
1126 845 1198 900 tacto
1213 840 1388 914 gloriabatur
1400 837 1448 893 illa
1464 835 1610 892 abstinens
1632 835 1734 902 frater,
1745 840 1772 891 et

130 936 223 1004 sisset,
242 940 273 991 et
286 953 344 992 non
359 937 467 993 veniret
480 938 609 994 minister
621 940 678 1005 illc,
694 940 926 1012 defeceruntquae
970 937 1057 992 dixit:
1072 937 1127 991 Pro
1141 930 1316 989 continentia
1331 943 1395 983 mea
1412 926 1565 982 suscitatus
1585 931 1630 981 est
1645 930 1770 981 morbiue

131 1025 291 1082 neccssaria
304 1024 426 1081 habebat
437 1043 522 1082 senex
531 1029 566 1083 ad
576 1028 691 1097 victum,
705 1034 733 1085 et
745 1030 818 1102 quod
834 1046 930 1102 opera·
970 1026 1025 1082 hic.
1040 1025 1142 1084 Omnia
1152 1027 1248 1079 autem
1266 1021 1325 1076 hac
1338 1017 1471 1074 revelarit
1483 1016 1560 1072 Deus
1567 1012 1666 1070 abbati
1679 1029 1770 1070 mona·

131 1117 211 1170 retur
220 1113 425 1170 manibussuis.
434 1114 488 1180 Qui
497 1132 561 1172 cum
570 1116 744 1189 affligeretur
755 1135 811 1174 non
826 1117 931 1174 haben·
970 1115 1049 1171 sterii
1059 1130 1169 1187 eorum,
1180 1115 1209 1167 et
1218 1109 1340 1183 qualiter
1347 1105 1498 1163 tentaverit
1507 1106 1626 1160 fratrem
1634 1120 1721 1159 sunm
1738 1104 1771 1159 dc

132 1203 168 1259 do
183 1203 259 1275 quod
272 1203 423 1273 laboraret,
431 1221 522 1277 neque
535 1206 610 1261 unde
624 1206 737 1268 viveret,
757 1208 828 1263 dixit
848 1208 933 1264 disci-
973 1203 1129 1269 crocodilis,
1148 1206 1176 1257 ct
1188 1197 1328 1273 quomodo
1347 1195 1498 1252 suscitatus
1511 1197 1555 1250 est
1577 1197 1721 1251 marmus.
1740 1193 1772 1248 lit

132 1292 200 1366 pulo
215 1309 266 1348 sno
279 1311 286 1348 ε
301 1292 350 1348 Vis
362 1299 394 1350 ut
406 1293 491 1349 vadas
513 1295 549 1349 sd
572 1296 778 1367 possessionem
799 1297 887 1365 illam,
905 1303 933 1353 et
973 1281 1613 1353 cumvenissentinmonastcrium,dixitabbas
1620 1281 1771 1338 abstinmm

133 1397 214 1437 voces
228 1381 309 1437 nobis
324 1382 494 1452 ministrum,
510 1385 559 1456 qui
574 1386 646 1440 solet
659 1387 761 1441 afferre
776 1403 837 1458 quae
861 1404 932 1458 opus
972 1387 1032 1442 illi:
1045 1387 1137 1451 Quare
1150 1385 1189 1440 ita
1201 1380 1292 1438 fecisti
1304 1379 1385 1435 fratri
1397 1385 1446 1434 tuo
1458 1378 1471 1432 i
1485 1379 1520 1434 Et
1534 1393 1598 1433 ecce
1611 1381 1712 1432 tamen
1725 1392 1772 1449 pro

134 1476 202 1526 sunt
215 1470 317 1526 nobis?
331 1470 368 1526 Et
380 1472 428 1527 ille
437 1474 596 1546 respondit:
607 1475 752 1540 Quomodo
760 1475 930 1547 jubessacio.
974 1474 1134 1533 obedientia
1152 1475 1213 1545 ejus
1231 1476 1360 1527 mortuus
1372 1468 1420 1524 ille
1432 1466 1564 1524 surrexit.
1698 1474 1700 1477 ’

135 1559 287 1616 Diderebat
299 1561 391 1617 adhuc
400 1579 500 1630 senex;
515 1579 571 1619 non
579 1580 752 1636 praesumens
764 1566 934 1621 mitterefra·
1012 1564 1054 1622 18.
1071 1564 1151 1620 Alter
1157 1562 1272 1636 quidam
1279 1557 1497 1624 saecularisvitte,
1506 1555 1616 1611 habens
1625 1555 1773 1623 tresillios,

134 1654 217 1705 trem
234 1648 272 1706 Et
289 1666 353 1706 eum
365 1651 414 1707 diu
426 1653 598 1709 sustinerent
621 1659 648 1709 et
660 1655 865 1711 tribularentur
875 1672 931 1711 non
974 1653 1148 1709 renuntiavit
1162 1651 1272 1718 saeculo,
1289 1648 1406 1705 eivenit
1420 1646 1456 1702 ad
1465 1645 1683 1710 monasterium,
1699 1645 1776 1701 relin-

134 1739 263 1796 reniente
277 1739 417 1809 ministro,
428 1741 500 1797 dixit
510 1743 613 1798 iterum
622 1761 707 1799 senex
716 1745 752 1800 ad
765 1727 963 1817 discipulumB
977 1759 1066 1817 quens
1080 1742 1152 1799 lilios
1164 1758 1230 1798 suos
1238 1741 1268 1796 in
1278 1738 1398 1797 civitate.
1411 1738 1522 1793 Etcum
1537 1735 1654 1791 iecisset
1663 1739 1722 1790 tres
1730 1751 1776 1791 an·

136 1843 238 1883 suum:
253 1828 302 1883 Vis
320 1829 362 1884 ire
377 1830 511 1902 usquead
523 1832 739 1903 possessionem,
757 1834 935 1888 etadducere
976 1850 1027 1889 nos
1042 1833 1072 1888 in
1082 1831 1264 1897 monasterio,
1279 1831 1426 1901 coeperunt
1438 1826 1464 1881 ei
1475 1825 1665 1897 cogitationes
1678 1825 1777 1881 suan·
1812 1831 1820 1844 ³

78 1964 84 1978 .
137 1916 223 1973 euml
237 1917 272 1972 Et
289 1917 336 1972 illa
351 1919 513 1990 respondit:
537 1920 611 1985 Quid
634 1921 675 1976 vis
698 1922 778 1978 lacio.
807 1922 937 1977 Timebat
976 1922 1029 1979 lios
1039 1921 1245 1977 admemoriam
1253 1915 1568 1990 frequenteradducere,
1579 1915 1778 1970 etoonstrisuc·

138 2005 225 2062 etiam
239 2007 430 2078 etdisoipulus
440 2008 487 2064 ille
494 2009 663 2066 descendere
673 2012 708 2065 ad
719 2012 934 2084 possessionem,
976 2013 1061 2068 batur
1072 2027 1122 2083 pro
1136 2011 1177 2066 eis
1191 2009 1280 2076 valde,
1295 2022 1388 2078 neque
1402 2006 1478 2061 enim
1486 2005 1596 2061 dixerat
1605 2003 1778 2060 abbatiiilios

138 2110 175 2151 ne
189 2094 426 2152 scandalizaretur
434 2096 565 2166 aliunde3
579 2098 628 2153 sed
644 2116 679 2155 ne
691 2098 855 2155 inobediens
864 2106 938 2157 esset
977 2117 1007 2157 se
1021 2100 1134 2156 habere.
1149 2099 1255 2155 Videas
1268 2101 1363 2153 autem
1378 2111 1443 2151 eum
1464 2093 1550 2149 abbas
1567 2093 1693 2161 tristem,
1713 2093 1779 2148 dicit

139 2184 218 2239 Patri
230 2200 291 2253 suo,
306 2185 446 2256 acquievit
459 2185 547 2245 obire.
561 2187 637 2243 Dixit
654 2188 680 2243 ei
696 2205 782 2244 senex
796 2208 802 2243 :
819 2190 896 2246 Vade
909 2195 938 2246 et
978 2190 1021 2246 ei:
1038 2189 1112 2255 Quid
1123 2188 1208 2243 babes
1221 2186 1295 2259 quod
1305 2184 1395 2240 tristis
1408 2184 1458 2239 est
1471 2183 1507 2238 Et
1519 2182 1650 2239 narravit
1665 2182 1692 2238 ei
1714 2182 1778 2255 quia

139 2271 222 2329 crede
234 2272 264 2328 in
276 2274 366 2329 Deum
380 2280 494 2347 patrum
508 2281 631 2344 tuorum,
645 2278 712 2350 quia
722 2284 850 2350 proteget
864 2284 892 2334 te
902 2278 937 2335 ab
978 2284 1036 2335 tres
1046 2277 1224 2344 ssoeohlios
1233 2273 1513 2340 haberetincivitatc,
1523 2279 1554 2328 et
1563 2272 1778 2344 quiarclleteos

140 2362 217 2418 omui
232 2363 389 2419 tentatione
401 2383 407 2432 ;
425 2371 454 2420 et
467 2364 541 2420 sacta
553 2367 680 2422 oratione
690 2367 792 2422 direxit
802 2385 876 2424 eum.
887 2369 940 2423 Vc-
980 2368 1015 2424 ad
1028 2367 1299 2437 monasteriumejus
1313 2365 1471 2419 adducere:
1486 2362 1623 2434 praecepit
1632 2359 1780 2417 autemab

140 2455 221 2507 niens
232 2457 328 2507 autem
342 2453 430 2508 frater
444 2454 473 2507 in
488 2455 704 2526 possessionem,
721 2457 867 2527 requisivit
891 2457 939 2512 ubi
979 2456 1068 2512 basut
1077 2455 1229 2511 adduceret
1242 2470 1299 2510 cos.
1311 2453 1364 2518 Qui
1380 2469 1443 2508 cum
1452 2451 1624 2524 perrexisset
1638 2451 1676 2506 ad
1689 2450 1781 2506 cirita·

140 2544 270 2596 maneret
280 2541 408 2596 minister
421 2541 487 2609 ille;
513 2549 542 2598 et
560 2542 667 2599 invenit
691 2545 844 2617 hospitium
867 2546 937 2617 ejus.
980 2551 1048 2613 tem,
1061 2544 1169 2600 invenit
1181 2544 1252 2600 duos
1267 2560 1301 2598 ex
1315 2542 1356 2598 eis
1367 2543 1428 2613 jam
1442 2558 1502 2598 esse
1512 2540 1673 2609 defunctos,
1694 2557 1780 2596 unum

128 2629 306 2701 'Contigerat
327 2633 422 2686 autem
446 2648 511 2687 eum
533 2649 596 2687 cum
620 2633 679 2688 suis
706 2633 837 2689 omnibus
862 2640 939 2691 extra
980 2651 1045 2691 sero
1060 2634 1235 2690 solummodo
1250 2631 1431 2689 remansisse.
1446 2632 1536 2696 Quem
1550 2630 1782 2687 aasumensrenit

145 2718 348 2790 possessionem
364 2719 493 2787 inveniri,
508 2726 624 2794 excepta
636 2738 692 2778 una
706 2724 764 2777 filia
779 2725 849 2795 ejus.
871 2724 939 2790 Qum
980 2724 1016 2779 ad
1031 2724 1234 2780 monasterium
1247 2741 1254 2791 ;
1269 2730 1299 2777 ct
1312 2721 1460 2794 requirens
1474 2719 1617 2788 abbatem,
1642 2736 1701 2775 non
1719 2736 1781 2775 eum

143 2807 429 2880 pulsantemiratrem
439 2810 594 2877 utaudirit,
607 2811 723 2867 venitad
732 2813 943 2886 ostiumetape-
983 2812 1090 2869 invenit
1099 2813 1166 2867 illic.
1182 2809 1369 2883 Interrogavit
1381 2815 1476 2866 autem
1484 2808 1586 2865 iratres
1596 2807 1647 2864 nbi
1657 2808 1783 2865 essetab·

143 2897 202 2952 rult
214 2897 249 2952 ci.
267 2895 381 2953 Etcum
396 2899 585 2971 interrogaret
595 2917 658 2955 eam
672 2901 706 2956 de
720 2908 800 2974 patro
816 2919 875 2967 suo,
895 2904 944 2959 illa
982 2901 1043 2957 bas.
1055 2903 1090 2957 Et
1098 2902 1140 2957 illi
1155 2901 1301 2957 dixerunt:
1314 2900 1408 2973 Usque
1422 2899 1458 2954 ad
1474 2898 1629 2971 pistrinum
1651 2898 1781 2971 perrexit

48 3033 53 3048 ,
142 2986 255 3042 hortata
268 2985 390 3059 estham
403 2993 435 3044 ut
448 2988 568 3045 intraret
581 2990 743 3063 hospitium,
759 2991 844 3047 simul
857 2992 943 3048 etiam
983 2991 1222 3047 illeverotollens
1237 2991 1327 3046 tilium
1341 3005 1425 3045 suum
1439 3005 1522 3061 quem
1533 2987 1701 3057 adduxerat,
1717 2987 1783 3046 ablit

143 3080 173 3131 et
184 3074 316 3132 trahebat
326 3092 400 3132 cum.
415 3078 465 3133 llle
479 3095 608 3135 veronon
621 3080 814 3152 acquiescebat
824 3081 940 3137 intrare.
950 3050 972 3110 G
983 3082 1012 3138 in
1027 3081 1189 3154 pistrinum.
1201 3081 1236 3136 Et
1250 3080 1347 3135 ridens
1356 3076 1512 3135 eumabbas
1526 3077 1699 3145 venientem,
1711 3078 1782 3134 salu·

144 3165 199 3221 Sed
211 3182 275 3220 cum
299 3165 349 3222 diu
370 3183 434 3222 euin
458 3173 579 3239 cogeret,
599 3169 746 3241 praevaluit
766 3170 943 3226 introducere
983 3171 1062 3226 tavit.
1079 3171 1114 3227 Et
1125 3174 1225 3225 tenens
1238 3169 1374 3225 infantem
1387 3185 1470 3240 quem
1482 3167 1649 3235 adduxerat,
1674 3166 1781 3241 ample·

144 3270 209 3311 eum
224 3255 260 3310 ad
274 3271 314 3311 se.
331 3255 364 3311 Et
378 3257 523 3329 complexa
537 3274 600 3313 eum
617 3258 702 3330 coepit
718 3275 784 3313 eum
793 3259 898 3314 illicere
905 3261 942 3315 ed
982 3264 1118 3315 natusest
1131 3259 1251 3315 eumEt
1266 3259 1334 3314 dicit
1345 3258 1417 3330 patri
1436 3258 1515 3328 ejus:
1539 3258 1629 3311 Amas
1643 3256 1729 3311 euml
1748 3257 1781 3312 lit

144 3344 369 3400 commistionem
386 3345 510 3418 corporis
523 3347 586 3414 sui3
603 3347 755 3403 illeautem
764 3347 943 3405 ridenstrahi
984 3349 1031 3404 illc
1043 3349 1131 3404 dixit:
1143 3348 1378 3404 Etiamllursum
1391 3345 1462 3401 dixit
1482 3345 1524 3401 ei:
1541 3345 1666 3402 Omnino
1690 3344 1782 3416 nitigis

145 3450 175 3489 se
185 3434 220 3489 ad
235 3434 384 3502 luxuriam,
401 3440 430 3490 et
445 3436 661 3507 cogitationibus
672 3437 813 3506 conlundi,
821 3438 943 3510 ingemi·
983 3438 1071 3494 euml
1084 3436 1122 3493 Et
1135 3437 1281 3510 respondit
1291 3455 1298 3491 τ
1310 3436 1411 3492 Etiam·
1422 3436 1488 3491 Ilaec
1497 3434 1619 3490 audiens
1629 3433 1725 3501 abbas,
1736 3450 1782 3507 po-

145 3539 226 3578 scens
240 3521 378 3578 clamabat
394 3524 430 3579 ad
443 3524 545 3593 Deum,
555 3525 667 3581 dicens:
684 3526 812 3594 Domine,
829 3532 944 3600 propter
984 3532 1046 3581 stea
1058 3525 1131 3580 dixit
1144 3525 1168 3580 ei
1180 3542 1187 3576 :
1201 3525 1279 3580 Tolle
1293 3540 1372 3596 ergo,
1388 3523 1412 3579 si
1426 3539 1505 3579 amas
1520 3539 1597 3590 eum,
1614 3528 1645 3579 et
1658 3521 1740 3577 mitte
1752 3521 1781 3577 iu

145 3611 287 3668 orationes
296 3612 453 3668 Patrismci
468 3613 556 3668 libem
570 3631 615 3669 me
629 3615 658 3669 in
671 3614 741 3670 hora
754 3616 818 3671 ista.
835 3617 944 3672 Etcum
984 3615 1108 3682 furnum,
1118 3614 1158 3668 sic
1167 3613 1249 3668 modo
1259 3629 1323 3670 cum
1333 3613 1415 3668 ardet
1427 3612 1536 3668 furnus.
1545 3612 1581 3667 Et
1592 3616 1695 3668 muana
1704 3615 1782 3685 pater

145 3699 198 3757 hoc
211 3701 338 3769 dixisset,
354 3701 448 3757 subito
458 3702 588 3757 inventus
600 3708 644 3758 est
657 3704 692 3758 ad
707 3706 812 3760 flumen
824 3721 944 3777 pergens
985 3703 1074 3759 filium
1089 3719 1181 3768 suum,
1188 3703 1305 3774 jactavit
1314 3701 1414 3758 eumin
1428 3701 1543 3757 turnum
1553 3701 1713 3758 ardentem.
1725 3701 1782 3757 Sta·

147 3790 183 3845 ad
206 3790 419 3859 monasterium,
442 3797 471 3847 et
493 3791 608 3848 restitus
631 3792 733 3848 illaesus
754 3792 790 3848 ad
813 3793 943 3852 abbatem
984 3793 1037 3849 tim
1051 3798 1146 3850 antem
1160 3793 1250 3848 iactus
1265 3791 1419 3847 estfurnus
1439 3791 1515 3847 velut
1529 3806 1595 3858 ms;
1618 3807 1652 3847 ex
1675 3807 1733 3863 qua
1752 3806 1782 3845 ra

147 3896 239 3935 suum·
985 3882 1131 3955 acquisivit
1143 3883 1263 3955 gloriam
1278 3882 1308 3937 in
1326 3885 1453 3954 tempore
1469 3879 1528 3948 iilo,
1544 3879 1781 3953 quemadmodum

184 3967 227 4027 17.
239 3968 300 4025 Duo
311 3967 412 4025 iratres
421 3970 547 4026 carnales
556 3976 692 4026 venerunt
702 3971 829 4029 habitare
839 3973 869 4029 in
887 3990 945 4029 mo·
985 3971 1128 4027 Abraham
1142 3972 1312 4044 patriarcha.

148 4058 272 4114 nasterio
280 4059 401 4130 quodam
413 4079 419 4115 :
430 4076 463 4114 ex
474 4059 574 4132 quibus
584 4077 657 4116 unus
664 4066 725 4116 erat
733 4063 872 4135 praeclara
882 4079 945 4118 con·
1021 4061 1067 4119 19.
1078 4061 1154 4117 Dixit
1168 4059 1282 4134 quiidam
1294 4077 1381 4116 senex
1394 4079 1400 4115 :
1419 4060 1490 4126 Quia
1504 4059 1595 4114 frater
1609 4059 1659 4132 qui
1672 4059 1710 4116 ad
1724 4057 1783 4115 oba⁴

148 4148 283 4215 tinentiae,
300 4148 545 4206 alterobedientiue
558 4166 667 4221 magma
679 4151 774 4223 (hoff,
802 4156 822 4207 l.
848 4165 891 4219 ιιι,
914 4167 943 4207 n.
987 4148 1123 4204 dientiam
1130 4149 1222 4205 Patris
1236 4148 1371 4221 spiritalis
1380 4148 1506 4204 animum
1516 4147 1639 4215 dederit,
1650 4149 1784 4221 majorem

148 4236 223 4309 tis).
240 4238 292 4294 Cui
308 4238 418 4294 dicebat
431 4239 533 4294 Pater:
548 4239 603 4294 Fac
617 4240 679 4307 hoc,
693 4247 722 4295 et
741 4239 877 4308 faciebat3
895 4246 943 4295 et:
987 4240 1144 4294 mercedem
1153 4238 1238 4294 habet
1248 4254 1332 4310 quam
1343 4237 1447 4310 illequi
1462 4237 1538 4293 solus
1552 4236 1582 4292 in
1599 4253 1785 4294 emmoreces·

149 4327 204 4383 Fac
217 4326 300 4400 illud,
314 4326 485 4396 etfaciebat3
502 4328 641 4384 hianduca
654 4346 745 4396 mane,
758 4335 787 4384 ct
796 4330 947 4384 manduca·
988 4328 1056 4383 serit
1072 4331 1192 4397 theim.
1204 4342 1245 4394 ιιι,
1261 4344 1290 4382 n.
1308 4326 1379 4397 llll,
1393 4325 1511 4382 Dicebat
1520 4331 1633 4382 autem:
1644 4327 1793 4392 Quianam.

147 4414 206 4472 bat.
222 4417 264 4472 De
282 4430 339 4489 qua
351 4434 382 4472 re
397 4434 529 4488 magnam
549 4418 710 4489 opinionem
723 4419 753 4474 in
776 4418 946 4474 monasterio
958 4409 1062 4472 Draxit
1077 4416 1178 4488 aliquis
1196 4416 1313 4471 Petrum
1324 4415 1425 4472 vidisse
1436 4432 1467 4471 se
1486 4420 1611 4488 quatuor
1634 4417 1747 4472 ordines
1758 4417 1785 4471 iu

148 4504 279 4575 habebat,
291 4506 358 4578 quia
369 4506 409 4561 ita
419 4505 551 4561 obediens
562 4506 706 4562 existebat.
721 4507 947 4563 Punctusautem
987 4507 1073 4561 caelo:
1089 4522 1208 4578 quorum
1223 4505 1331 4577 primus
1345 4504 1413 4560 ordo
1428 4510 1490 4560 erat
1502 4503 1653 4561 hominum
1667 4505 1785 4561 intirmo-

124 4607 126 4610 ‘
149 4595 261 4651 invidiae
276 4612 407 4652 mucrone
422 4595 509 4650 frater
523 4597 584 4667 ejus
598 4596 644 4651 ille
652 4596 798 4651 continens
813 4597 948 4653 adversus
988 4611 1052 4650 rum
1065 4601 1093 4649 et
1102 4595 1208 4666 gratias
1220 4595 1364 4666 agentium
1373 4594 1450 4662 Dc0;
1465 4594 1607 4649 secundus
1618 4594 1786 4667 ordohospi-

151 4701 226 4752 eum,
242 4685 312 4741 dixit
325 4685 354 4741 in
369 4685 537 4758 semetipso:
555 4686 612 4756 Ego
627 4685 714 4757 probo
728 4685 814 4741 istum
828 4687 852 4739 si
865 4685 949 4741 habet
990 4684 1128 4739 talitatem
1138 4683 1342 4739 sectantiumet
1354 4683 1494 4738 instanter
1506 4682 1785 4752 ministrantiumeis3

152 4774 349 4831 obedientiam.
363 4776 397 4831 Et
420 4775 555 4831 accedens
580 4774 615 4829 ad
639 4774 753 4829 Patrem
774 4774 948 4842 monasterii,
991 4772 1787 4830 tertiusordoinsolitudineconversantiumetnonriden·

152 4862 222 4919 dixit
236 4865 279 4920 ei:
297 4865 379 4920 Mitte
388 4881 498 4920 mecum
512 4864 629 4919 fratrem
639 4880 744 4930 meum,
756 4863 948 4919 uteamusali-
990 4863 1062 4918 tium
1073 4863 1200 4918 homines
1214 4881 1221 4931 3
1238 4867 1354 4934 quartus
1368 4863 1436 4918 ordo
1447 4862 1604 4934 eorumqui
1618 4862 1787 4920 adobedieu·

153 4952 226 5007 cubi.
242 4952 279 5009 Et
289 4954 395 5010 dimisit
407 4971 455 5010 ecs
469 4954 555 5009 abbas
569 4953 658 5010 abire.
674 4952 711 5008 Et
724 4970 870 5009 assumens
885 4971 950 5009 eum
991 4951 1058 5007 dum
1073 4951 1266 5024 spiritualibus
1291 4951 1423 5006 Patribus
1442 4968 1472 5006 se
1496 4950 1656 5023 subjiciunt
1680 4958 1789 5026 propter

154 5039 201 5095 ille
216 5038 302 5097 irater
310 5043 463 5111 abstinens,
478 5044 568 5100 voluit
579 5060 643 5099 eum
653 5048 774 5100 tentare.
789 5041 951 5098 Etcumve-
991 5041 1091 5096 Deum.
1107 5039 1345 5097 Utebaturautem
1355 5040 1423 5096 ordo
1431 5039 1626 5097 obedientium
1635 5047 1738 5115 torque
1747 5057 1789 5098 au·

62 5180 67 5188 .
154 5128 262 5185 nissent
276 5130 311 5184 ad
325 5133 440 5200 flumen,
456 5132 503 5188 ubi
513 5132 948 5200 cratmultitudocrocodilorum‚
992 5146 1040 5186 rea
1054 5136 1083 5185 et
1095 5146 1209 5197 corona,
1226 5135 1255 5185 et
1269 5131 1405 5201 majorem
1416 5145 1502 5201 quam
1512 5128 1561 5184 alii
1574 5130 1701 5201 gloriam
1713 5129 1789 5186 habe

154 5217 223 5273 dicit
236 5218 278 5272 ci:
294 5218 437 5277 Descende
448 5221 477 5275 in
493 5222 598 5278 flumen
613 5226 642 5277 ot
655 5221 753 5276 transi.
770 5220 807 5275 Et
827 5221 873 5276 ille
886 5238 950 5276 mox
991 5221 1049 5276 bat.
1063 5220 1099 5276 Et
1113 5239 1164 5293 ego
1178 5221 1234 5276 dixi
1246 5221 1273 5276 ei
1287 5221 1335 5292 qui
1345 5218 1591 5276 mihiostendebat
1607 5223 1706 5277 omnia
1719 5223 1786 5278 linc:

154 5307 300 5364 descendit
315 5326 322 5364 :
338 5314 474 5364 venerunt
489 5315 583 5365 autem
598 5309 739 5376 crocodili,
755 5314 783 5364 et
806 5310 953 5381 lingebant
993 5311 1137 5376 Quomodo
1148 5311 1201 5365 iste
1213 5310 1290 5378 ordo,
1308 5308 1356 5381 qui
1369 5325 1471 5381 parvus
1484 5312 1538 5376 est,
1553 5311 1698 5382 majorem
1712 5326 1788 5384 qnam

154 5415 256 5471 corpus
270 5398 341 5469 ejus,
358 5397 388 5452 in
402 5397 479 5454 nullo
488 5398 620 5454 laedentes
633 5416 707 5455 eum.
716 5399 953 5464 Quodcumvidis·
993 5400 1041 5455 alii
1054 5400 1173 5471 gloriam
1183 5398 1290 5454 habeti
1305 5400 1340 5455 Et
1353 5398 1399 5453 illc
1420 5397 1596 5471 respondens
1621 5401 1695 5457 dixit
1708 5400 1786 5456 mihi:

156 5494 200 5544 set
208 5488 296 5544 irater
310 5489 381 5559 ejus,
391 5485 461 5541 dixit
473 5487 515 5541 ei:
532 5489 658 5544 Ascende
670 5489 705 5543 dc
715 5488 879 5543 flumineilt
888 5505 953 5544 cum
994 5489 1065 5554 Quia
1076 5490 1124 5561 qui
1135 5489 1357 5562 hospitalitatem
1377 5491 1532 5557 sectantur,
1557 5491 1718 5547 secundum
1733 5505 1788 5563 pm

157 5579 212 5634 iter
224 5581 350 5651 egerant,
367 5575 534 5632 invenerunt
542 5592 643 5650 corpus
655 5577 912 5650 humanumjacens
921 5577 951 5634 in
992 5579 1083 5652 priam
1096 5580 1270 5638 voluntatem
1284 5578 1407 5653 idipsum
1420 5577 1535 5635 iaciunt.
1552 5578 1694 5638 Similiter
1706 5577 1788 5654 etqui
