3818 6120
151 298 198 360 lbi
660 299 707 354 DE
725 299 819 355 utris
839 297 986 354 Paruum
1003 292 1110 351 LIBER
1130 283 1275 345 PRIMUS.
1734 285 1790 344 152

149 423 311 496 sepissime,
327 422 436 495 psallite
451 439 574 493 vespere,
591 429 619 477 et
634 440 726 489 triane,
738 429 766 478 et
778 423 904 487 meridie,
917 427 945 477 et
955 421 1103 483 Aterrcnt.
1116 417 1178 471 Non
1189 417 1264 470 enim
1274 416 1388 470 Antonii
1404 420 1453 469 aut
1459 415 1624 484 cujusquam
1640 411 1790 466 hominurn

151 514 285 568 mandata
295 511 950 583 scripturarumrevolvite.Recordaminigesto·
990 509 1105 564 omnino
1120 508 1191 561 hanc
1206 523 1267 561 esse
1282 503 1517 568 medicinam,sed
1525 502 1576 557 Dei
1591 501 1687 568 solius,
1697 501 1745 571 qui
1761 506 1791 554 ot

152 617 225 666 rum,
243 618 303 672 qua
313 600 402 654 sancti
411 601 514 671 quique
524 601 658 670 fecerunt,
675 608 706 656 ut
716 601 834 672 exempli
846 616 950 654 memo·
991 597 1091 668 quibus
1105 597 1198 662 vellat,
1210 601 1239 650 et
1248 611 1303 666 quo
1310 595 1394 648 vellet
1401 600 1527 664 tempore
1537 590 1617 644 daret
1626 589 1787 643 sanitatem.

153 689 195 745 ria
207 688 329 744 animam
345 689 444 743 incitet
465 689 500 742 ad
518 690 660 756 virtutem,
679 690 802 744 refrenet
825 707 841 744 a
864 687 947 742 vitiis.
991 688 1035 742 Ita
1049 685 1238 741 consolatione
1252 688 1347 739 suaet
1365 687 1478 736 vexatos
1503 679 1702 751 aequanimiter
1715 678 1790 732 terre

153 776 950 850 SuadebatctiamjugimeditationerctinendumApostoli
991 775 1186 840 tentationem,
1202 775 1298 843 etjam
1310 772 1452 838 liberatos,
1462 786 1520 824 non
1530 768 1593 835 sibi,
1604 768 1653 823 sed
1662 767 1720 821 Deo
1727 783 1791 836 gra·

151 881 319 930 sermonem,
337 882 392 936 quo
411 866 465 920 ait:
481 867 528 922 Sol
542 884 599 922 non
615 867 722 922 occidat
738 883 824 939 super
837 867 951 921 iracun-
990 865 1046 919 tias
1059 864 1163 918 reterre
1177 862 1303 918 docebat.

152 952 228 1009 diem
242 960 364 1009 vestram
378 956 486 1026 (Ephcs.
499 957 547 1023 rvt.
562 957 625 1011 Non
635 961 746 1011 tantum
761 961 855 1010 autem
868 972 952 1027 super
1029 955 1094 1008 clv.
1111 953 1209 1007 XXIX.
1225 981 1255 990 -
1269 951 1373 1005 Fronto
1387 955 1482 1005 autem
1498 948 1620 1019 quidam,
1635 948 1679 1001 vir
1689 964 1722 1002 ex
1736 947 1792 1001 Pa·

154 1041 328 1099 iracundiam
338 1044 426 1098 solem
437 1045 562 1099 occidere
576 1062 632 1100 non
662 1045 764 1100 debere
786 1045 953 1116 interpreta·
992 1043 1118 1107 laestinis,
1137 1042 1184 1113 qui
1199 1040 1380 1095 infestissimo
1395 1039 1534 1095 daemonio
1549 1037 1699 1092 vexabatur
1711 1037 1791 1106 (nam

152 1129 245 1198 batur,
260 1133 308 1186 sed
320 1138 348 1186 et
358 1149 443 1204 super
457 1134 663 1189 omniadelicta
673 1135 828 1197 hominurn,
840 1150 875 1188 ne
890 1151 953 1205 pec·
993 1139 1022 1187 et
1031 1133 1157 1202 linguam
1168 1133 1230 1201 ejus
1236 1128 1359 1184 laniabat
1367 1127 1508 1193 dentibus
1525 1131 1554 1182 et
1567 1127 1711 1180 oculorum
1722 1125 1794 1179 nite-

154 1226 281 1277 eatorum
296 1237 420 1293 unquam
433 1228 595 1278 nostrorum
608 1229 657 1278 aut
675 1224 705 1278 in
720 1230 800 1278 nocte
810 1224 886 1287 luna,
903 1227 953 1277 aut
992 1221 1180 1276 baturlumen
1190 1219 1388 1288 exstinguere),
1400 1216 1793 1289 perrexitadmontem,roga·

155 1309 184 1364 in
199 1309 244 1364 dia
263 1310 314 1377 sol,
331 1316 416 1365 testes
432 1310 622 1366 abscederent.
640 1313 718 1367 lilius
734 1318 844 1383 quoque
858 1312 954 1367 admo·
993 1310 1097 1380 batque
1111 1309 1225 1363 beatum
1241 1313 1376 1362 senemut
1392 1324 1442 1378 pro
1458 1323 1488 1360 se
1502 1305 1653 1359 Dominum
1668 1309 1791 1374 rogaret.

154 1397 241 1452 nabat
255 1399 385 1470 precepti
401 1415 540 1454 memores
554 1417 625 1460 esse.
646 1401 720 1471 quod
741 1401 809 1455 dicit
829 1401 864 1455 de
890 1400 950 1454 bis:
995 1398 1248 1463 Oravithntouius,
1265 1396 1436 1467 dixitquead
1447 1412 1512 1449 eum
1527 1414 1533 1448 ι
1548 1394 1625 1448 Vade
1638 1398 1666 1446 et
1679 1390 1795 1446 curabe-

155 1485 313 1558 Dijudicate
328 1488 519 1559 vosmetipsos,
533 1495 562 1542 ct
576 1490 692 1560 probate
705 1490 747 1560 (ll
758 1490 817 1543 Gor.
835 1493 909 1555 rum
923 1495 955 1542 ut
995 1488 1044 1541 ris.
1061 1487 1105 1541 Illi
1118 1486 1261 1541 incredulo
1276 1485 1339 1550 sibi,
1358 1490 1387 1539 et
1406 1485 1543 1538 violenter
1568 1482 1672 1536 ibidem
1696 1484 1796 1535 contra

157 1576 295 1630 rationem
310 1575 366 1630 diei
380 1577 524 1649 noctisque
539 1577 682 1643 facientes,
695 1579 719 1632 si
735 1578 764 1632 in
779 1595 809 1632 se
823 1577 955 1631 delictum
995 1580 1165 1648 praeceptum
1175 1574 1338 1640 remoranti,
1351 1573 1449 1628 eadem
1467 1571 1631 1644 geminabat
1643 1569 1794 1635 Antonius,

157 1663 415 1735 deprehendissent,
443 1682 558 1738 peccare
582 1667 750 1722 desisterent
764 1686 771 1734 3
793 1666 836 1721 ¹sin
860 1671 952 1720 aretem
996 1664 1105 1719 dicens:
1120 1665 1171 1718 llic
1180 1664 1272 1718 curari
1286 1679 1342 1717 non
1357 1663 1475 1735 poteris:
1492 1661 1634 1731 egredere,
1650 1659 1797 1712 etcalcata

156 1753 250 1807 nullus
265 1770 344 1808 error
358 1754 522 1827 decepisset,
534 1760 745 1826 perseverantes
759 1757 897 1810 instarent
909 1772 956 1826 po·
997 1755 1127 1825 AEgypt-o,
1141 1754 1235 1807 statim
1247 1759 1275 1806 te
1281 1751 1473 1806 misericordia
1482 1749 1586 1804 Christi
1597 1744 1795 1818 consequetur.

156 1842 214 1897 tius
228 1841 349 1914 incepto,
364 1860 447 1914 quam
458 1845 621 1914 arrogantia
632 1845 734 1899 tumidi
750 1850 799 1899 aut
814 1842 1121 1917 alioscon·BTandem
1136 1842 1263 1907 credidit,
1278 1846 1307 1895 et
1321 1840 1460 1912 profectus
1475 1845 1533 1905 est3
1546 1854 1579 1892 ac
1591 1838 1649 1891 visa
1663 1837 1795 1907 AEgypto,

157 1935 326 1997 temnerent,
341 1938 391 1987 aut
403 1930 455 1985 sibi
467 1933 607 2001 justitiam
622 1934 811 1997 vendicarent,
824 1934 905 2004 juxta
913 1949 958 1986 su·
998 1931 1152 1986 secundum
1174 1929 1373 2001 professionem
1396 1929 1480 1993 senis,
1503 1944 1587 1999 quam
1612 1927 1637 1980 ei
1660 1923 1797 1980 Dominus

158 2018 412 2090 pradictiDoctoris
425 2020 567 2091 elcquium
579 2022 711 2076 dicentis:
728 2023 821 2077 Nolite
831 2022 958 2093 Judicare
999 2020 1090 2074 oranti
1104 2019 1285 2084 revelaverat,
1301 2019 1443 2073 infestatio
1457 2017 1576 2071 cessavit
1588 2015 1705 2070 inimici.
1807 2045 1811 2053 ·

159 2112 225 2162 ante
239 2109 388 2178 ternpustl
401 2109 462 2164 Cor.
479 2112 517 2177 rv)
533 2111 641 2181 31nagis
656 2111 818 2166 debereeos
842 2110 955 2174 Christi,
1035 2109 1100 2162 Cau.
1116 2109 1192 2162 XXX
1219 2139 1251 2149 -
1266 2108 1348 2178 Virgo
1358 2125 1423 2162 vero
1434 2107 1572 2178 quaedam,
1589 2122 1651 2177 quae
1664 2105 1699 2157 de
1712 2103 1801 2157 Busi·
1895 2127 1902 2135 ·

159 2197 205 2252 cui
220 2196 272 2252 soli
286 2198 394 2253 occulta
408 2204 514 2269 patent,
531 2216 674 2254 reservare
689 2201 795 2271 judicio
812 2202 898 2267 (ltont.
915 2204 957 2268 rr).
999 2196 1038 2251 ris
1051 2197 1230 2268 Tripolitanae
1249 2197 1372 2266 regionis
1386 2194 1445 2267 (67)
1465 2196 1576 2250 civitate
1598 2192 1701 2248 ibidem
1725 2196 1798 2259 erat,

160 2286 262 2342 Multas
277 2303 338 2342 esse
354 2287 539 2360 tutscriptum
552 2293 603 2355 est]
615 2289 673 2343 vias
688 2306 750 2360 qua
764 2289 894 2343 ridentur
907 2289 957 2342 ho·
995 2286 1134 2341 inauditis
1147 2303 1180 2340 ac
1187 2285 1326 2340 llebilibus
1342 2285 1447 2339 morbis
1461 2284 1617 2339 laborabat.
1632 2285 1743 2340 Etenim
1750 2301 1800 2338 na-

160 2375 283 2430 minibus
294 2377 388 2447 justa,
405 2376 454 2429 sed
464 2377 535 2431 sines
545 2378 684 2431 eurunrad
695 2377 864 2448 protundum
872 2376 959 2449 respi·
999 2375 1074 2430 rium
1089 2381 1285 2446 purgamenta,
1299 2375 1444 2429 oculomm
1463 2376 1604 2446 lacryma,
1620 2375 1733 2429 aurium
1745 2390 1800 2447 pu·

160 2480 223 2520 cere
237 2464 337 2519 interni
354 2467 496 2533 tProaxrv
503 2471 527 2518 et
534 2474 604 2531 xr113
621 2482 694 2536 saepe
708 2472 804 2520 nostra
816 2481 959 2536 nonposse
999 2464 1089 2519 tridua
1105 2465 1206 2518 humor
1218 2464 1363 2517 interram
1376 2463 1633 2518 cadensoontestim
1648 2464 1676 2517 in
1689 2480 1801 2519 vermes

161 2570 212 2611 nos
226 2553 384 2624 intelligere
398 2559 521 2624 peccatu,
536 2570 608 2624 saepo
631 2554 689 2608 salli
705 2554 733 2607 in
747 2554 856 2608 ratione
865 2559 959 2624 gesto·
1000 2551 1191 2606 vertebantur.
1208 2552 1336 2622 Augebat
1349 2553 1541 2607 calamitatem
1555 2569 1656 2623 corpus
1674 2553 1801 2625 paralysi

160 2659 225 2698 rum
241 2640 336 2710 ,aliud
351 2657 412 2696 esse
422 2641 473 2696 Dei
487 2648 587 2696 cuncta
601 2643 741 2696 cernentis
752 2642 900 2712 judicium,
912 2642 960 2713 qui
1000 2640 1178 2706 dissolutum,
1191 2642 1285 2695 oculos
1293 2658 1553 2713 quoqueperrersos
1563 2651 1661 2697 contra
1667 2647 1801 2697 naturam

162 2747 218 2788 non
229 2747 262 2785 ex
276 2730 424 2801 superficie
431 2747 589 2802 corporum,
602 2731 650 2785 sed
661 2748 694 2785 ex
708 2731 843 2785 mentium
853 2731 961 2802 judicat
1003 2729 1118 2784 habens.
1135 2731 1213 2784 Hanc
1228 2737 1358 2801 parentes
1368 2732 1429 2800 ejus
1442 2730 1608 2797 deferentes,
1625 2748 1689 2785 cum
1700 2732 1735 2786 ad
1745 2734 1802 2786 An-

162 2821 282 2877 arcanis.
296 2820 418 2891 :Equum
432 2825 526 2874 autem
540 2837 601 2875 esse
614 2837 665 2874 nos
680 2820 761 2875 nobis
780 2821 911 2892 compati,
934 2823 962 2874 et
1003 2819 1112 2873 tontum
1126 2818 1278 2872 monachos
1292 2819 1333 2873 ire
1344 2819 1520 2884 didicissent;
1535 2820 1681 2874 credentes
1700 2821 1729 2875 in
1744 2821 1801 2875 Do-

161 2908 281 2964 invicem
295 2925 381 2964 onera
395 2915 493 2963 nostra
506 2915 618 2980 portare
635 2910 703 2974 [Gal.
719 2913 769 2978 vr),
786 2914 818 2963 ut
831 2926 961 2964 concesso
1003 2908 1088 2972 mino,
1098 2909 1145 2978 qui
1157 2909 1328 2980 pertinacem
1338 2909 1483 2978 sanguinis
1492 2910 1599 2963 iturum
1613 2910 1643 2962 in
1651 2910 1802 2980 Evangelio

163 3001 290 3055 examine
314 2998 461 3065 Salvatori,
487 2997 614 3069 proprias
635 2998 819 3052 conscientias
837 3010 961 3053 nosmet·
1002 3003 1080 3050 tactu
1093 2996 1209 3051 fimbria
1224 3004 1299 3051 stare
1312 3003 1482 3068 praeceperat
1500 2999 1607 3065 (ratu.
1626 3000 1663 3067 rx)
1684 3017 1801 3071 rogave·

163 3090 240 3163 ipsos
250 3088 409 3161 judicantes
422 3087 607 3141 intueremur.
973 3090 1071 3153 crunt
1084 3092 1117 3140 ut
1131 3086 1317 3141 miserabilem
1336 3088 1400 3140 tiliae
1425 3086 1590 3140 comitatum
1614 3088 1799 3159 susciperent.

200 3180 316 3234 Necnon
324 3176 435 3232 dicebat
444 3192 577 3246 magnam
585 3192 646 3230 esse
656 3175 691 3229 ad
700 3175 831 3229 virtutem
843 3176 925 3241 viam,
937 3176 961 3230 si
1004 3175 1062 3229 Illis
1076 3174 1261 3230 renitentibus
1268 3192 1332 3229 carn
1338 3191 1426 3246 usque
1432 3175 1467 3230 ad
1473 3176 1629 3230 Antonium
1636 3178 1800 3248 perducere,

164 3267 268 3340 singuli
280 3267 323 3322 vel
335 3266 516 3322 observarent
530 3264 603 3335 quod
611 3269 753 3335 gererent,
763 3264 806 3318 vel
818 3265 963 3319 universas
1003 3280 1165 3318 remansere
1179 3271 1309 3335 parentes
1323 3266 1384 3334 ejus
1394 3264 1461 3319 soris
1477 3281 1540 3319 cum
1557 3265 1615 3319 tilia
1628 3262 1714 3321 debili
1727 3268 1802 3338 apud

163 3357 303 3414 mentium
316 3355 499 3427 cogitationes
507 3352 641 3407 fratribus
652 3352 798 3407 referrent.
813 3355 876 3408 Non
887 3353 962 3408 enim
1003 3352 1117 3407 beatum
1131 3353 1318 3408 consessorem
1328 3358 1356 3408 et
1363 3354 1727 3426 monachumPapbnutium
1734 3355 1801 3426 (68),

164 3463 245 3520 posse
254 3446 376 3517 aliquem
387 3458 511 3515 peccare,
527 3441 738 3496 cumrelaturus
746 3447 820 3496 esset
833 3442 962 3496 adolium
1004 3442 1053 3513 qui
1068 3443 1176 3496 effossis
1188 3460 1238 3513 pro
1250 3444 1457 3497 Christooculis
1470 3443 1522 3498 sub
1531 3443 1696 3499 Xarimiano
1710 3462 1804 3516 perse-

164 3536 494 3610 quaeeunquepeccnsset,
501 3529 628 3584 etsubiro
640 3530 773 3600 pudorem
783 3531 812 3583 in
821 3529 963 3600 publicum
1004 3536 1110 3596 cutore,
1127 3532 1177 3585 tali
1195 3532 1444 3587 dehonestamento
1458 3531 1502 3602 (69
1520 3534 1803 3605 corporisplurimum

163 3625 259 3696 turpia
268 3620 436 3695 proterendi.
446 3616 690 3689 Deniquenullum
703 3624 863 3689 peccantem
869 3636 962 3673 coram
1002 3619 1477 3692 gloriabatur.perveneruntigitur
1489 3621 1525 3675 ad
1538 3623 1695 3677 Antonium
1709 3640 1805 3678 mona-

164 3714 221 3768 alio
236 3711 340 3767 audere
351 3724 482 3781 peceare:
497 3706 607 3760 etiamsi
632 3712 736 3777 peccet,
753 3713 847 3761 tumen
861 3714 962 3761 testem
1003 3708 1058 3763 chi.
1074 3711 1201 3781 Cumque
1214 3710 1250 3764 de
1261 3710 1359 3765 morbo
1369 3710 1469 3782 puellae
1483 3710 1654 3778 referrem
1674 3712 1805 3783 dispone-

164 3802 254 3856 uitare
267 3791 382 3871 peccati,
399 3794 514 3850 mentiri
538 3795 628 3865 nragis
642 3801 671 3848 et
695 3811 807 3865 negare.
832 3801 861 3850 et
885 3802 963 3850 vetus
1003 3803 1076 3861 rent,
1092 3798 1257 3853 relationem
1271 3816 1369 3853 eorum
1393 3799 1469 3854 senis
1490 3816 1583 3855 sermo
1601 3800 1755 3871 praevenit,
1775 3810 1805 3856 et

164 3889 299 3945 delictum
314 3903 384 3941 novo
399 3884 543 3939 inficiandi
553 3900 656 3955 augere
670 3884 781 3938 delicto.
789 3885 962 3956 Igiturquasi
1004 3904 1116 3942 omnem
1143 3887 1294 3941 debilitatis
1316 3895 1345 3941 et
1366 3889 1477 3942 itineris
1499 3905 1589 3959 usque
1610 3889 1646 3943 ad
1675 3896 1804 3946 sanctum

165 3978 218 4034 sub
232 3977 330 4044 oculis,
346 3974 448 4031 aiebat.
464 3973 576 4029 nostris.
590 3980 620 4027 et
632 3974 755 4045 cogitatu
766 3972 964 4029 contundimur
1003 3976 1193 4048 paphnutium
1208 3993 1331 4040 causam,
1348 3977 1430 4047 quasi
1443 3978 1503 4048 ipse
1518 3977 1702 4047 interfuisset,
1717 3997 1804 4052 expo-

165 4073 196 4122 et
208 4073 283 4127 actu.
299 4065 323 4119 si
337 4063 433 4120 omnia
444 4062 591 4117 reicienda
601 4062 746 4119 hicimnus.
764 4063 853 4118 multo
867 4071 963 4118 autem
1004 4065 1070 4119 suit.
1079 4065 1424 4135 Rogantibusautemeum
1436 4067 1590 4132 monacbis,
1602 4067 1805 4139 utparentibus

164 4155 265 4227 magis,
279 4155 304 4208 si
319 4160 434 4226 peccata
447 4160 545 4207 nostra
554 4151 674 4205 tidelitcr
683 4151 872 4206 describentes
887 4153 963 4223 dige
1003 4170 1068 4207 eum
1083 4154 1140 4207 iilia
1150 4156 1363 4225 permitteretur
1374 4155 1590 4225 ingressus,non
1599 4158 1805 4224 conoessitsed

164 4261 262 4301 marus
275 4245 305 4299 iu
315 4243 453 4299 ordinem.
469 4242 548 4296 Tunc
559 4257 624 4295 reto
638 4241 783 4296 annotatio
797 4241 963 4296 delictorum
1004 4243 1059 4296 ait:
1076 4242 1128 4299 lte.
1143 4250 1172 4296 et
1186 4243 1333 4297 lavernetis
1347 4244 1479 4315 puellam,
1500 4245 1524 4298 si
1539 4261 1596 4299 non
1616 4251 1660 4298 est
1679 4253 1804 4314 mortua,

162 4334 283 4390 fratrum
293 4330 539 4388 videbituroculis.
550 4330 581 4384 si
595 4329 758 4387 timebimus
770 4331 876 4401 peccati
886 4347 964 4385 ceras
1005 4338 1140 4385 curatam.
1158 4332 1193 4385 Et
1206 4332 1328 4403 adjecit:
1341 4333 1442 4387 Nullus
1455 4333 1541 4388 debet
1553 4334 1588 4387 ad
1603 4351 1697 4389 meam
1711 4335 1806 4390 bumi-

165 4420 369 4488 consciastbb).
391 4419 444 4490 ipsi
454 4435 506 4472 nos
520 4425 639 4488 arguent
662 4419 808 4489 apicesllt
822 4411 1110 4491 quomodoDlitatem
1125 4421 1230 4481 uenire.
1250 4423 1316 4492 quia
1340 4422 1452 4492 largitio
1474 4423 1652 4478 curationum
1676 4440 1733 4479 nou
1760 4431 1807 4480 est

164 4508 359 4566 meretricibus
370 4506 497 4560 membra
513 4505 671 4563 inistentes.
694 4507 904 4563 contunduntur
925 4509 960 4562 ad
1001 4508 1131 4563 humanae
1140 4510 1269 4565 miseria.
1282 4511 1331 4564 sed
1340 4511 1407 4565 lesu
1418 4511 1523 4565 curati
1533 4512 1741 4578 misericordia,
1754 4515 1805 4585 qui

162 4598 341 4674 presentiam
354 4604 529 4651 creteromm.
546 4594 586 4648 ita
602 4603 631 4647 et
650 4611 701 4648 nos
714 4595 911 4651 embcscemus
925 4597 960 4650 ad
1001 4597 1498 4671 ubiqueinsecredeutibuspraestare
1505 4602 1803 4656 cousuevitauxilium.

163 4687 320 4753 Haemasi
334 4687 392 4741 haec
409 4702 536 4756 manius.
561 4683 638 4737 lianc
664 4684 776 4737 uirtutis
797 4685 962 4755 gradiamur
1003 4686 1192 4750 Quamobrem
1207 4699 1233 4742 et
1249 4688 1307 4745 illa.
1323 4705 1444 4760 proque
1463 4690 1568 4760 petitis,
1596 4691 1655 4744 suis
1674 4691 1805 4762 precibus

162 4780 247 4839 riam,
262 4784 292 4832 et
305 4793 421 4848 corpora
431 4773 573 4829 mentibus
587 4772 779 4844 subjugantes.
790 4775 962 4845 penniciosas
1002 4774 1121 4830 liberata
1134 4782 1196 4843 est3
1212 4784 1240 4831 et
1250 4778 1359 4831 eumad
1374 4778 1525 4832 Dominum
1535 4796 1647 4833 orarem
1657 4796 1720 4850 ego,
1731 4781 1805 4836 mihi

162 4865 267 4922 diaboli
290 4873 471 4919 conteramus
495 4861 621 4918 insidias.
645 4861 759 4916 lhlibus
784 4862 962 4918 sermonibus
1001 4865 1177 4936 prescientia
1190 4866 1386 4936 sanitatisejus
1397 4867 1508 4921 indulta
1521 4874 1574 4921 est.
1586 4868 1672 4935 Dixit,
1680 4869 1805 4925 etrerba

162 4953 403 5023 manusque
412 4959 442 5007 et
455 4952 600 5007 venientes
610 4951 687 5005 adse
702 4951 961 5007 monacbcsincita·
1001 4955 1063 5022 ejus
1078 4955 1177 5026 puellae
1192 4956 1370 5009 incolumitas
1384 4964 1481 5010 secuta
1495 4964 1548 5010 est.
1567 4957 1641 5011 Nam
1667 4964 1805 5014 meuates

160 5042 210 5098 bat
219 5043 255 5096 ad
264 5041 435 5096 studiumet
447 5039 958 5112 patientibusmndolebutpluresque
1000 5042 1076 5097 toras
1089 5045 1124 5098 ud
1139 5043 1252 5097 beatum
1267 5045 1503 5116 Paphnutium,et
1513 5047 1601 5101 tiliam
1615 5048 1761 5119 sospitem,
1774 5056 1805 5105 et

159 5147 259 5187 mrum
274 5130 411 5185 Dominus
420 5146 472 5200 per
484 5130 637 5184 hatonirrm
652 5129 790 5183 liberarit.
806 5130 957 5200 Nunquam
998 5140 1130 5203 parentes
1145 5133 1222 5187 laetos
1237 5143 1412 5204 repererunt.

159 5224 257 5274 umen
267 5217 731 5272 autdeinmlumitatecumtomm
741 5226 782 5272 est
798 5218 957 5272 innatusad
1034 5222 1100 5276 Car.
1114 5222 1212 5276 XXXI.
1236 5253 1267 5263 -
1284 5224 1456 5277 Nonmultos
1472 5230 1569 5279 autern
1580 5231 1644 5297 post
1659 5225 1715 5279 ista
1728 5226 1802 5289 dies,

157 5308 289 5380 glumam,
304 5312 354 5361 aut
366 5306 548 5360 conuistatus
557 5306 592 5359 de
602 5305 820 5361 obsessisadhur
833 5308 957 5378 carpon-
998 5326 1063 5363 curu
1077 5309 1188 5364 duobus
1201 5311 1474 5366 trau-ibuseuntibus
1488 5314 1766 5386 adhntoniumaqua
1772 5317 1804 5372 in

158 5395 212 5452 bus
221 5397 422 5451 murmuravit:
434 5396 627 5465 magisautem
635 5396 733 5451 coelem
741 5397 958 5468 anquranimo
998 5399 1102 5453 itinere
1115 5400 1369 5455 debuimetoetuno
1379 5402 1427 5455 siti
1442 5411 1564 5457 mortuo.
1580 5403 1803 5473 alic-rjaceretin

158 5492 189 5540 et
200 5485 281 5540 vultu
292 5501 420 5539 murus.
434 5485 542 5555 gratias
555 5484 613 5538 lieo
623 5485 770 5542 referebat.
781 5488 904 5542 sitandeins
913 5504 957 5541 a*
996 5496 1074 5542 tens
1088 5500 1386 5561 mortemexspeamus.
1400 5492 1540 5547 Antonius
1549 5492 1684 5546 salensin
1691 5499 1800 5560 monte,

158 5574 267 5649 captus
281 5584 313 5629 ut
326 5574 532 5645 emptionem
542 5589 599 5648 qua
608 5572 789 5632 vexabantur.
804 5576 957 5649 patientias
996 5575 1127 5631 oehritcr
1137 5577 1173 5631 ad
1186 5594 1216 5631 se
1230 5578 1301 5633 «lutis
1315 5581 1468 5635 minaeum
1482 5583 1600 5637 vocavit.
1615 5581 1804 5653 quitortaibi·
