3818 6120
127 244 190 305 459·
629 239 677 294 DE
694 237 789 293 vltis
808 236 957 292 PATRUM
975 230 1267 293 maneamus.-
1716 226 1771 285 ⁴60

128 370 229 427 solutis
241 367 328 433 tibiis,
343 381 427 421 curvo
441 379 565 434 corpore,
592 362 684 433 capite
707 356 821 434 prors‘us
843 376 923 426 cano,
938 361 1060 420 Aulium
1068 359 1205 431 ejusmodi
1212 352 1770 426 intotahacundiqueregionecognosco.

132 460 182 531 qui
189 463 325 532 praterea
332 452 462 508 dentibus
471 449 593 516 carebat,
604 455 688 522 atque
697 449 839 504 concisum
850 448 929 519 quid·
971 450 1031 514 Quo
1047 450 1160 521 quidem
1173 447 1287 503 nomine
1300 461 1404 516 magna
1418 444 1465 498 ille
1479 440 1610 496 molestia
1624 439 1769 513 impletus,

131 548 197 602 dam
207 552 236 601 et
243 546 432 613 interruptum
441 539 620 612 loquebatur.
634 540 754 609 Stupore
768 537 864 608 itaque
870 553 929 591 cor·
969 538 1104 609 gravique
1118 537 1206 591 animi
1218 537 1333 591 vulnere
1348 533 1473 598 allectae,
1490 531 1516 585 ei
1533 529 1633 584 similis
1645 532 1709 583 erat
1721 527 1773 599 qui

130 641 236 706 neptus,
253 649 316 686 cum
330 630 474 685 hominem
487 645 552 683 eum
566 627 696 699 proprius
715 627 750 680 ad
774 643 804 680 se
827 625 928 680 adduci
970 627 1114 697 ingentem
1127 626 1292 680 thesaurum
1299 623 1405 690 amisit,
1414 627 1499 692 atque
1506 620 1536 673 in
1545 620 1607 689 ejus
1616 616 1773 688 investiga·

127 722 267 795 jussisset,
284 736 330 775 eos
346 719 469 790 quitum
484 717 604 771 ederant
616 713 929 785 interrogabatecquid·
970 716 1045 769 tiorm
1059 721 1181 768 mentem
1189 715 1488 783 totamoccupatamac
1502 705 1774 763 defixamhabet.dc

129 827 195 865 nam
210 815 268 863 tam
286 807 410 863 insolens
434 806 625 878 spectaculum
653 808 735 857 esset.
762 802 806 857 llli
834 805 929 856 autem
971 804 1088 875 proinde
1102 804 1276 874 inperpetuo
1290 802 1426 871 languore
1439 795 1775 852 etsollicitudinerersa·

128 898 277 954 dixerunt:
295 897 347 951 llic
361 900 444 950 etate
458 893 538 947 valde
559 898 714 965 provectus,
737 907 770 944 ac
794 889 930 962 paulatim
971 892 1063 958 batur,
1079 908 1232 963 omnesque
1247 889 1344 945 mundi
1355 887 1548 959 jucunditates
1569 889 1599 939 et
1612 883 1774 954 voluptates

128 985 328 1043 decedentibus
343 984 397 1057 ipsi
412 982 528 1047 viribus,
549 980 740 1052 membrisque
750 979 930 1035 imbecillita·
971 980 1000 1034 in
1017 981 1104 1052 ipsius
1118 981 1205 1035 oculis
1223 979 1325 1051 piaculi
1349 976 1495 1048 cujusdam
1519 980 1549 1029 et
1570 970 1774 1028 exsecrationis

128 1081 187 1130 tem
195 1072 436 1138 contrahentibus,
446 1072 482 1125 ad
492 1071 565 1125 hanc
578 1086 663 1140 quam
673 1070 764 1123 cernis
775 1084 930 1123 aerumnam
971 1070 1061 1124 instar
1076 1075 1167 1125 crant.
1184 1070 1254 1124 Cum
1270 1072 1365 1122 autem
1381 1066 1434 1120 hoc
1448 1064 1534 1120 animi
1548 1068 1624 1117 statu
1636 1067 1722 1127 esset,
1740 1075 1774 1114 ac

129 1163 266 1236 pervenit.
282 1163 317 1217 Et
331 1162 471 1232 quisnam,
488 1159 580 1231 inquit
599 1159 657 1224 ille,
672 1157 761 1228 ipsius
779 1157 844 1210 finis
866 1155 929 1210 est?
972 1175 1073 1228 magno
1083 1175 1147 1213 cum
1158 1158 1265 1228 gemitu
1278 1157 1381 1211 bonum
1392 1153 1652 1223 invenirecuperet,
1664 1151 1773 1204 insom-

129 1252 207 1308 Nihil
217 1251 303 1317 aliud,
314 1250 448 1320 inquiunt
454 1249 505 1315 illi,
518 1263 602 1318 quam
610 1263 686 1300 mors
696 1247 788 1317 ipsum
801 1244 929 1316 excipiet.
971 1247 1015 1302 nis
1027 1247 1072 1301 ille
1086 1248 1192 1312 oculus,
1202 1247 1249 1317 qui
1260 1245 1356 1300 omnia
1367 1243 1465 1308 cernit,
1476 1247 1561 1312 atque
1571 1255 1671 1294 omnes
1681 1238 1773 1293 salvus

131 1340 304 1396 Omnibusne
318 1337 489 1403 hominibus,
507 1336 600 1407 inquit
614 1335 671 1399 ille,
688 1335 741 1388 hoc
755 1333 931 1405 propositum
972 1335 1043 1403 fieri,
1052 1341 1081 1390 et
1093 1335 1129 1389 ad
1139 1334 1263 1390 veritatis
1269 1333 1441 1405 agnitionem
1451 1329 1610 1385 venirevult
1616 1330 1641 1395 (1
1648 1327 1770 1396 Pirum),

130 1422 934 1499 eatanquibusdamduntaxatcontingitiResponderunt
972 1424 1065 1495 ipsum
1078 1424 1195 1495 aspexit,
1211 1439 1346 1493 suamque
1357 1421 1410 1493 ipsi
1425 1424 1588 1474 consuetam
1608 1415 1771 1487 benignita·

130 1518 187 1572 illi:
204 1516 266 1571 Nisi
282 1532 357 1570 mors
369 1518 547 1569 antevertens
568 1512 691 1584 aliquem
713 1511 779 1565 hinc
798 1510 927 1575 abducat,
970 1517 1028 1567 tem
1042 1512 1202 1578 ostendens,
1223 1511 1365 1581 quodnam
1378 1510 1432 1564 iter
1446 1507 1601 1563 tenendum
1620 1510 1707 1572 esset,
1719 1503 1771 1558 boc

130 1605 192 1660 fieri
206 1620 262 1659 non
276 1608 369 1675 potest
384 1602 453 1675 quin
462 1601 597 1673 temporis
608 1616 760 1671 progressu
775 1604 865 1653 status
879 1599 930 1651 hu·
970 1600 1053 1655 modo
1068 1601 1280 1655 demonstravit.

80 1688 82 1692 ⁸
127 1695 207 1764 iusce
222 1693 377 1765 periculum
391 1707 449 1745 non
462 1674 964 1751 saciatTumadolescens:QuotoB
1008 1690 1074 1744 Car.
1098 1689 1145 1743 Vl.
1171 1720 1203 1729 -
1224 1687 1296 1742 Erat
1313 1686 1389 1741 enim
1413 1702 1446 1739 co
1465 1689 1593 1754 tempore
1615 1680 1770 1736 monachus

130 1798 204 1836 anno
218 1782 271 1835 hoc
282 1780 404 1851 cuipiam
419 1777 576 1847 contingit?
593 1782 677 1847 atque
692 1792 843 1848 prorsusne
858 1773 930 1829 mori
972 1772 1770 1849 quidamdivinarumrerumperitus,vitaqueacsermone

130 1885 243 1924 necesse
259 1874 311 1936 est,
326 1883 418 1939 neque
428 1883 475 1920 ars
486 1866 544 1928 ulla
556 1870 599 1919 est
610 1880 666 1934 qua
679 1869 799 1918 mortem
814 1862 929 1934 ellugia·
972 1872 1098 1932 ornatus,
1113 1870 1198 1938 atque
1210 1867 1240 1920 in
1254 1865 1331 1920 omni
1356 1864 1510 1918 monastica
1530 1860 1639 1915 vivendi
1662 1858 1770 1913 ratione

131 1974 204 2023 mus,
216 1956 419 2027 atqueinbanc
430 1953 618 2008 calamitatem
635 1951 931 2006 minimcincidamus?
971 1972 1148 2026 summopere
1163 1959 1304 2009 versatus:
1324 1953 1398 2008 unde
1419 1951 1565 2017 oriundus,
1588 1954 1641 2003 aut
1659 1964 1694 2001 ex
1716 1963 1770 2018 quo

131 2045 236 2100 Dicunt
248 2044 287 2098 ei:
305 2042 492 2114 octogesimo,
507 2047 556 2096 aut
566 2040 717 2095 centesimo
728 2056 802 2094 anno
812 2040 848 2093 nd
859 2039 931 2094 hanc
969 2061 1083 2114 genere,
1100 2045 1191 2098 dicere
1204 2059 1322 2115 nequeo,
1334 2058 1431 2097 verum
1441 2040 1471 2094 in
1484 2038 1636 2096 solitudine
1650 2035 1770 2108 quadam

133 2137 307 2187 senectutem
320 2131 449 2187 homines
463 2130 640 2201 perveniunt,
652 2145 684 2183 ac
694 2128 795 2183 deinde
804 2127 931 2183 moriun-
972 2133 1175 2187 Sennaaritidis
1188 2137 1270 2187 terrae
1283 2131 1457 2186 domicilium
1464 2128 1579 2193 habens,
1596 2143 1630 2181 ac
1644 2123 1772 2180 sacerdo·

132 2225 189 2287 tur,
205 2237 257 2275 nec
270 2221 354 2274 aliter
367 2220 429 2274 lieri
444 2223 546 2290 potest.
560 2217 693 2272 Debitum
710 2216 786 2271 enim
801 2217 929 2271 naturale
971 2222 1003 2276 tii
1018 2221 1157 2291 dignitate
1171 2221 1314 2292 praeditus.
1331 2220 1403 2274 Huic
1418 2216 1570 2290 porroseni
1581 2215 1714 2270 Barlaam
1724 2229 1772 2268 no·

132 2325 208 2363 mors
220 2314 272 2376 est,
284 2306 485 2363 hominibusab
496 2306 577 2360 initio
589 2306 762 2377 impositum,
776 2305 931 2376 nequeulla
971 2328 1035 2364 men
1051 2315 1120 2364 erat,
1139 2310 1190 2364 Hic
1200 2310 1288 2380 igitur
1296 2325 1360 2363 cum
1372 2307 1464 2362 divino
1475 2306 1596 2378 quodam
1612 2301 1770 2368 admonitu,

131 2397 241 2452 ratione
256 2397 344 2469 ipsius
358 2396 494 2451 adventus
504 2395 586 2449 vitari
601 2399 704 2466 potest.
971 2415 1092 2469 quonam
1109 2404 1184 2453 statu
1198 2399 1271 2468 regis
1286 2398 1361 2452 lilius
1376 2402 1449 2451 esset
1462 2394 1656 2465 comperisset,
1674 2389 1771 2445 esoli·

168 2487 234 2541 llaee
252 2485 356 2550 omnia,
372 2489 404 2539 ut
417 2501 501 2555 sagax
516 2484 562 2537 ille
578 2499 610 2536 ac
629 2483 751 2553 prudens
769 2482 930 2536 adolescens
971 2488 1069 2542 tudine
1081 2504 1220 2558 egressus,
1236 2488 1271 2541 ad
1285 2487 1389 2541 cultam
1408 2490 1437 2539 et
1460 2481 1644 2538 habitabilem
1664 2485 1773 2534 terram
1809 2526 1812 2532 .

133 2575 240 2629 andilli
253 2579 339 2645 atque
351 2572 497 2639 intellssfflr
513 2571 613 2626 infifflO
628 2571 711 2625 ⁰0¹'d0
734 2570 928 2640 ingemiscens,
971 2577 1110 2647 profectus
1123 2582 1183 2642 est;
1197 2581 1362 2647 mutatoque
1374 2572 1473 2628 habitu
1487 2588 1547 2638 suo,
1563 2576 1650 2641 atque
1664 2567 1774 2623 indutis
1798 2586 1812 2619 .·

135 2663 222 2717 dixit:
239 2661 347 2717 Acerba
359 2662 419 2716 haec
433 2661 490 2714 vila
503 2666 556 2726 est,
575 2665 660 2731 atque
681 2659 757 2712 omni
779 2659 874 2713 dolore
899 2674 931 2711 ac
972 2663 1122 2718 mundanis
1136 2663 1266 2729 vestibus,
1285 2670 1314 2717 et
1326 2679 1477 2717 conscensa
1495 2659 1568 2726 navi,
1584 2659 1621 2713 ad
1636 2657 1812 2712 Indorum-a

134 2751 267 2805 moestitia
277 2751 369 2822 plena,
381 2749 404 2803 si
416 2766 462 2803 res
474 2749 515 2803 ita
528 2766 558 2803 se
568 2748 662 2803 habet,
674 2749 709 2802 Et
716 2763 838 2819 quonam
849 2746 931 2801 modo
972 2768 1091 2822 regnum
1103 2769 1133 2806 so
1147 2752 1275 2815 contulit,
1292 2768 1324 2805 ac
1339 2756 1524 2805 mercatorem
1534 2765 1565 2802 se
1578 2763 1642 2801 esse
1651 2747 1773 2816 fingens,
1783 2783 1812 2812 .

134 2839 275 2914 quispiam
297 2839 328 2892 in
348 2839 462 2892 incertae
487 2837 586 2891 mortis
612 2837 826 2907 exspectatione.
852 2837 931 2906 cujus
973 2841 1078 2894 ineam
1092 2841 1191 2895 urbem
1211 2841 1240 2894 in
1255 2857 1310 2912 qua
1324 2840 1398 2910 regis
1412 2838 1487 2893 filius
1502 2836 1639 2907 palatium
1652 2831 1812 2888 habebat:

134 2927 270 2982 adventus
284 2943 340 2980 non
356 2926 438 2980 modo
452 2925 534 2979 vitari
547 2942 603 2979 non
617 2930 716 2995 potest,
731 2925 886 2991 sedetiam,
900 2929 933 2978 ut
973 2929 1139 2999 ingreditur.
1156 2927 1434 2998 Permultosquedies
1448 2927 1506 2980 illic
1515 2920 1812 2993 commomtnaqffi

137 3016 256 3082 dixistis,
272 3015 397 3069 incertus
411 3020 463 3080 est,
480 3030 577 3068 securo
599 3013 693 3067 animo
712 3013 785 3067 erit?
802 3013 932 3082 Abiitque
942 3025 963 3085 c
975 3033 1069 3071 rerum
1084 3018 1170 3088 ipsius
1185 3022 1275 3072 status
1297 3021 1371 3071 essct
1390 3015 1541 3085 diligenter
1563 3011 1729 3084 exquisivit,
1748 3013 1812 3064 c·

135 3105 193 3159 haec
207 3119 303 3158 secum
319 3104 523 3173 volvensatque
533 3101 837 3167 assidueconsiderans,
854 3116 930 3155 mor·
972 3107 1087 3177 quinam
1106 3112 1201 3160 essent
1215 3107 1263 3176 qui
1278 3104 1393 3176 propius
1408 3103 1445 3157 ad
1458 3119 1524 3157 eum
1549 3101 1687 3156 accedere
1702 3098 1812 3154 sole—

133 3193 226 3264 tiaque
246 3191 410 3246 memoriam
436 3190 589 3245 identidem
619 3190 713 3244 animo
736 3195 876 3262 repetens,
899 3206 931 3243 ac
971 3202 1121 3250 remmam
1130 3195 1219 3265 igitur
1232 3189 1417 3267 pmdagogum
1427 3208 1492 3247 eum
1502 3192 1536 3246 de
1547 3206 1604 3261 quo
1614 3189 1809 3260 super-ima

44 3336 49 3343 ,
133 3281 264 3352 deinceps
278 3280 308 3334 in
321 3279 465 3334 doloribus
480 3279 623 3350 animique
646 3279 873 3333 consternatione
887 3277 930 3332 vi·
972 3284 1051 3338 nobis
1061 3284 1167 3338 mentio
1177 3284 1251 3338 sacta
1263 3289 1306 3337 est
1315 3283 1369 3354 ipsi
1380 3281 1508 3336 omnium
1517 3278 1800 3333 familiarissimum

132 3387 209 3435 lens.
226 3375 311 3440 alque
321 3368 492 3440 inperpetuo
502 3384 622 3422 moerOre
632 3367 745 3437 degens·
757 3365 931 3438 Atqueapud
972 3390 1033 3427 esse
1046 3373 1236 3437 intellexisset,
1254 3371 1372 3426 seorsim
1386 3387 1451 3425 eura
1465 3367 1646 3434 conveniens,
1658 3367 1707 3421 his
1719 3382 1788 3421 rer·-

133 3475 163 3514 se
175 3456 301 3512 dicebat:
318 3456 426 3526 Ergone
435 3473 510 3510 mors
519 3473 564 3509 me
576 3455 726 3525 aliquando
737 3454 887 3526 corripiet?
897 3454 933 3509 Et
973 3461 1015 3516 bis
1029 3478 1097 3515 usus
1109 3467 1170 3515 esi:

133 3547 262 3618 quisnam
278 3544 333 3599 erit
349 3544 396 3615 qui
412 3544 466 3597 mei
481 3550 544 3614 post
557 3543 851 3610 mortemmeminerit,
869 3559 930 3597 cum
1009 3550 1087 3605 seim
1101 3549 1193 3615 velim,
1222 3548 1335 3602 domine
1355 3547 1406 3612 mi,
1427 3562 1473 3600 me
1495 3548 1687 3599 mercatorem
1706 3558 1773 3610 mm,

132 3640 244 3706 tempus
259 3631 355 3688 omnia
368 3631 505 3686 oblivione
520 3631 702 3686 contriverit?
713 3632 787 3685 Num
798 3637 934 3703 praeterea
973 3645 1058 3710 atque
1071 3656 1104 3693 ei
1111 3638 1264 3709 longinqua
1273 3636 1387 3706 regione
1395 3634 1515 3701 venisse,
1525 3631 1680 3703 eximiique
1695 3630 1771 3703 pretii

133 3728 223 3776 morte
235 3719 382 3775 functusin
396 3719 515 3773 nihilum
522 3719 657 3773 dissolvar
668 3735 718 3786 3an
731 3727 837 3784 contra,
846 3720 934 3774 altera
974 3727 1095 3798 lapidem
1107 3725 1220 3791 hahere,
1236 3726 1280 3780 cui
1290 3725 1384 3780 nuilus
1397 3726 1523 3794 unquam
1531 3721 1636 3776 similis
1645 3721 1771 3775 iuvenum

134 3810 263 3882 qllaedam
275 3809 333 3862 Vlia
345 3812 397 3873 ests
418 3811 447 3860 θῑ
461 3807 533 3860 ⁸¹¹³?
545 3807 755 3862 mundusfflaess
765 3812 793 3861 et
802 3807 930 3862 hissimi·
972 3820 1023 3881 est,
1040 3830 1179 3885 quemque
1194 3813 1301 3869 nemini
1309 3813 1401 3867 adhuc
1414 3809 1533 3865 ostendi.
1544 3807 1607 3864 'libi
1617 3814 1717 3863 autern
1726 3808 1771 3863 hoc

133 3897 312 3968 liaperpetuo
318 3895 454 3965 cogitans,
464 3895 782 3966 palloreconllciebatur.
791 3897 932 3950 Praesente
973 3904 1093 3970 declaro,
1110 3902 1184 3974 quod
1191 3908 1219 3957 te
1227 3901 1396 3972 prudentem
1406 3897 1595 3953 accordatum
1610 3897 1770 3952 virumeesa

133 3993 228 4040 tamen
244 3987 333 4056 Patres
349 3983 498 4054 ⁸iq11³11d0
513 3983 549 4037 ad
564 4000 628 4038 eum
642 3984 758 4047 veniret,
775 3984 932 4039 hilaremac
973 3991 1091 4055 videam,
1113 3997 1145 4045 ut
1158 4006 1203 4044 me
1219 3990 1254 4045 ad
1268 3989 1341 4059 regis
1361 3988 1450 4042 tilium
1471 3985 1645 4053 introducas,
1666 3984 1772 4057 ipsique

134 4089 253 4128 moerore
264 4088 382 4126 vacuum
398 4071 525 4126 animum
540 4088 596 4143 prae
611 4089 640 4126 se
655 4071 770 4139 ferebat,
781 4073 933 4144 quodecili·
973 4096 1038 4133 eum
1051 4079 1124 4134 dono
1138 4077 1365 4148 dem.Siquidem
1374 4075 1448 4130 bona
1462 4071 1771 4145 omniaincomparabi·

133 4168 179 4217 cet
192 4177 298 4232 eaquae
317 4159 457 4230 cogitabat
476 4160 511 4214 sd
525 4160 614 4232 ipsias
629 4160 815 4230 cognitionem
839 4162 933 4216 venire
972 4167 1037 4222 liter
1052 4166 1202 4220 antecellit.
1219 4167 1292 4221 Nam
1306 4171 1336 4219 et
1348 4165 1383 4219 iis
1402 4163 1451 4235 qui
1472 4162 1563 4217 cordis
1587 4160 1680 4216 oculis
1703 4160 1773 4232 capti

133 4251 230 4307 nodet.
247 4247 444 4304 Incredibilem
458 4253 554 4304 autem
564 4249 594 4304 in
604 4249 718 4304 modum
729 4249 852 4321 aliquem
866 4267 934 4305 nan-
974 4259 1050 4319 sunt,
1066 4253 1210 4324 sapientiae
1222 4253 1315 4307 lucem
1330 4252 1420 4319 affert,
1432 4254 1461 4305 et
1473 4249 1566 4303 surdis
1578 4264 1665 4303 aures
1674 4247 1772 4319 aperit,

134 4339 198 4395 eieci
213 4338 353 4411 cupiebat,
370 4337 514 4410 quiipsius
528 4337 634 4410 pectori
644 4343 748 4392 certam
764 4338 849 4392 fidem
864 4335 1003 4396 face-Det
1018 4342 1104 4397 mutis
1114 4358 1207 4396 vocem
1223 4341 1358 4412 impertit,
1369 4344 1574 4410 etoegrotantes
1584 4337 1614 4391 in
1623 4336 1774 4391 sanitatem

135 4433 187 4496 ret,
208 4443 241 4482 ac
256 4427 362 4483 bonum
376 4442 534 4482 sermonem
559 4426 647 4498 ipsius
667 4426 782 4481 auribus
798 4426 935 4484 instillare
976 4430 1085 4495 asserit,
1097 4435 1127 4484 et
1140 4430 1241 4485 stultos
1257 4428 1395 4500 sapientia
1408 4428 1505 4494 donat,
1516 4430 1545 4480 et
1558 4426 1703 4480 daemones
1716 4422 1775 4496 pel·

134 4522 238 4588 posset·
310 4581 313 4585 ,
975 4519 1017 4583 lit,
1034 4534 1067 4573 ac
1081 4518 1202 4590 denique
1215 4517 1351 4589 quidquid
1371 4516 1521 4589 pulchrum
1540 4518 1570 4568 et
1586 4511 1775 4585 expetendum

171 4602 308 4669 Quocirca
321 4602 356 4656 de
370 4601 521 4673 pedagogo
535 4618 568 4656 eo
582 4602 663 4672 cujus
677 4607 742 4656 ante
763 4602 935 4658 mentionem
976 4613 1028 4671 est,
1043 4606 1156 4661 domino
1169 4623 1220 4661 sno
1233 4605 1373 4661 uberrime
1389 4602 1558 4676 suppeditat.
1582 4601 1632 4656 Ait
1656 4601 1693 4656 ad
1713 4615 1777 4656 eum

135 4692 250 4747 lecimus
264 4707 378 4746 rursum
392 4689 493 4762 quaerit
505 4706 573 4744 num
586 4706 669 4760 quem
679 4691 754 4744 norit
768 4691 816 4761 qui
831 4691 936 4746 adeam
975 4695 1161 4766 paedagogus:
1178 4695 1216 4749 Te
1230 4694 1344 4766 quidem
1357 4693 1499 4748 hominem
1508 4690 1701 4763 gratiamque
1715 4704 1779 4743 con-

137 4795 198 4834 rem
213 4780 294 4850 cujus
308 4778 461 4850 cupiditate
470 4776 608 4849 flagrabat
617 4777 781 4848 adjumento
797 4779 848 4850 ipsi
863 4786 933 4846 esse,
976 4783 1076 4838 stantis
1090 4783 1178 4837 animi
1193 4800 1253 4838 esse
1263 4782 1343 4837 video
1355 4800 1362 4851 ;
1376 4787 1509 4837 ceterum
1518 4778 1604 4834 rerba
1617 4784 1670 4833 tua
1680 4777 1779 4833 immo-

137 4865 281 4938 ipsiusque
296 4874 419 4922 mentem
434 4866 566 4938 graubus
578 4865 793 4936 cogitationibus
813 4873 934 4922 aestuan-
976 4868 1599 4942 dicamquamdamjactantiamprreselerunt.
1613 4864 1778 4933 Quodenim

136 4958 204 5021 tem,
219 4959 303 5025 atque
317 4955 480 5026 hujusmodi
494 4960 591 5009 curam
605 4954 726 5025 abjicere
733 4961 933 5026 nequeuntem,
977 4960 1142 5015 excellentes
1151 4967 1236 5031 atque
1256 4960 1378 5031 ingentis
1393 4958 1476 5030 pretii
1490 4955 1597 5028 lapides
1611 4959 1643 5010 et
1660 4955 1779 5009 unicum

138 5044 937 5115 confirmarepossit.Illezmautemeaquaepriusdicta
977 5048 1104 5114 viderim,
1135 5065 1257 5120 quonam
1285 5049 1368 5103 modo
1402 5044 1593 5103 enumerando
1632 5058 1779 5099 recensere

137 5130 259 5196 fixerant,
271 5131 300 5184 in
312 5132 478 5186 memoriam
490 5148 588 5186 rursus
596 5132 650 5203 ipsi
658 5149 687 5186 re
693 5149 799 5198 vocans,
809 5133 933 5188 dicebat:
978 5138 1101 5208 queam?
1116 5153 1167 5190 nec
1180 5143 1275 5191 tamen
1286 5152 1412 5207 unquam
1426 5140 1476 5189 aut
1486 5133 1543 5188 vidi
1557 5137 1609 5188 aut
1620 5132 1717 5187 audivi
1732 5131 1779 5205 qui

138 5221 201 5275 lam
216 5235 327 5290 quoque
337 5220 415 5290 prius
427 5218 480 5274 tibi
491 5220 605 5290 exposui
613 5221 848 5292 quemadmodum
857 5227 937 5293 pater
978 5241 1025 5278 eas
1040 5241 1110 5295 quas
1123 5224 1348 5279 commemorasti
1367 5224 1439 5278 vires
1457 5221 1603 5276 haberent.
1625 5221 1780 5275 Verumta-

138 5314 204 5363 tuus
219 5307 359 5377 sapientes
373 5307 436 5360 illos
450 5307 522 5360 viros
530 5324 563 5360 ac
571 5309 669 5378 pietati
684 5309 934 5377 colendaederotoa
978 5330 1042 5366 men
1058 5330 1123 5367 eum
1135 5313 1204 5366 mihi
1218 5312 1343 5378 ostende,
1360 5329 1392 5366 ac
1407 5312 1430 5366 si
1445 5311 1509 5365 talis
1529 5315 1572 5365 est
1592 5310 1710 5380 qualem
1728 5309 1777 5377 ais,

138 5395 188 5467 qui
200 5396 235 5450 de
242 5394 404 5464 huiusmodi
411 5394 493 5449 rebus
505 5396 770 5469 disputant,partim
784 5398 936 5454 obtrunca·
977 5401 1037 5456 sine
1054 5402 1111 5455 ulla
1122 5402 1300 5457 cunctatione
1310 5401 1346 5456 ad
1357 5401 1433 5472 regis
1442 5400 1532 5456 lilium
1544 5404 1573 5454 te
1588 5384 1779 5467 introducam,

137 5484 185 5553 rit,
202 5484 305 5556 partim
318 5483 392 5539 irato
406 5489 491 5556 atque
505 5483 613 5540 insenso
628 5486 721 5542 animo
732 5488 878 5559 expulerit,
886 5505 936 5544 nec
977 5489 1061 5561 quite
1072 5486 1781 5547 maximishonoribusaebeneaciisornabitrrtus·
