3832 6120
148 269 200 330 sie
658 224 1272 323 nrvrusrsraunn'rssnrnmus.
1728 266 1782 327 aaa

148 396 270 451 διδάσκειν
291 415 333 450 ουκ
354 392 444 466 ἐφεῖται
467 387 586 464 ἀρχιερεῖ,
608 387 670 443 κατὰ
691 388 733 442 τόν
753 389 776 441 κ’
794 386 885 441 κανόνα
903 387 1058 456 ciuilium
1073 404 1136 442 eam
1159 389 1287 460 Ephraim
1300 387 1387 443 fuisse
1410 388 1533 459 gratiam
1547 388 1733 460 impertitum,
1748 394 1783 445 ui

149 465 174 522 ἒν
196 475 233 522 τῶ
254 466 379 538 Τρούλλῳ
403 464 473 534 ἁγίας
495 463 535 514 καὶ
556 460 720 531 οἰκουμενικῆς
743 460 811 526 ἕκτης
831 457 943 511 συνόδου.
987 457 1163 513 Glaucedicia
1172 459 1382 530 intelligeretis
1414 476 1449 515 ue
1460 460 1671 532 Graecepariher
1683 461 1783 533 loque·

150 525 244 604 «Quia
257 555 321 593 vero
331 534 456 591 nonnulli
467 533 626 587 dicuntnon
637 531 868 612 essepcrmissum
879 530 945 584 ille-
986 534 1073 583 retur.
1091 531 1145 585 Sed
1160 531 1293 612 quoniam
1307 466 1427 585 nihiltde
1440 530 1484 585 his
1500 532 1560 602 ipsc
1574 531 1713 604 prraem,
1732 531 1781 604 qui

149 610 285 665 nandrino
299 609 341 661 vel
351 605 534 669 Antiocheno,
546 603 621 658 verbi
640 610 742 672 gratia,
751 607 783 656 ut
798 617 861 655 curn
874 601 945 654 lam·
986 605 1107 655 testatur
1120 600 1173 655 sibi
1187 601 1321 656 Basiliam
1331 618 1381 674 per
1387 602 1570 674 interpretem
1578 602 1782 669 esselccutum,

149 682 221 754 pade
232 681 274 733 vel
282 679 342 733 face
352 675 533 749 patriarchali
545 675 628 729 iaciat
640 674 695 727 iter
704 674 739 728 ad
750 671 847 726 urbem
858 672 946 753 impe·
985 671 1118 726 libentius
1130 672 1222 726 dicere
1233 674 1475 744 periermittimus‚
1488 674 1620 744 pauciora
1634 674 1726 756 potius
1740 690 1784 728 re-

150 752 295 816 retoriom,
307 750 350 803 vel
365 749 450 802 eliam
464 746 617 808 dioecesim,
629 744 751 815 exceptis
767 743 822 796 illis
832 759 945 815 provin·
986 742 1060 796 lene
1076 743 1213 808 contenti,
1229 759 1290 813 quae
1311 744 1389 799 omni
1407 750 1474 799 sunt
1492 744 1547 798 ude
1562 752 1681 810 munita,
1698 750 1784 816 atque

150 823 210 887 ciis,
221 839 282 892 quae
293 837 343 892 per
351 835 472 874 canones
482 817 522 871 eis
531 816 674 871 attributa
682 821 757 870 sunt.
766 814 876 885 Quippe
889 814 944 879 sax,
986 814 1176 896 acceptatione
1199 814 1375 884 dignissima,
1396 832 1480 887 quam
1502 815 1584 886 plura
1597 816 1716 871 veritate
1729 833 1783 871 nu·

149 893 290 964 inquiunt,
303 891 468 946 adolhcium
485 888 608 943 doctoris
619 892 735 959 spectat.
745 887 831 940 Extra
831 884 947 1010 provin·
986 889 1078 938 tantia
1091 885 1241 939 inculcare.
1258 905 1271 938 ν
1287 886 1429 940 Hactenus
1443 886 1590 941 Beronius.

150 965 222 1019 ciam
236 980 302 1017 sero
318 963 427 1026 docere,
443 976 500 1015 non
533 959 681 1013 ermissum
695 963 738 1011 est
752 956 829 1028 ponti
842 956 885 1020 ici,
901 971 946 1009 se·
1025 955 1147 1010 Historia
1159 961 1254 1010 tamem
1267 957 1335 1023 haee,
1350 973 1411 1028 quae
1427 957 1473 1011 hic
1485 957 1673 1028 Amphilochii
1688 964 1785 1013 aucte-

105 1086 111 1105 ,
150 1036 273 1090 cundum
284 1049 419 1089 canonem
434 977 584 1086 ‘iubebitis
599 1030 628 1083 in
642 1029 847 1084 Trullasanctae
861 1033 947 1108 atque
987 1026 1027 1079 ris
1036 1027 1578 1093 nominoeircumiertur,habeturetiam
1590 1028 1619 1081 in
1627 1028 1785 1099 Menologio

149 1105 317 1162 universalis
328 1111 413 1158 sextae
427 1102 536 1174 synodi.
552 1121 567 1153 ν
583 1101 665 1172 Apud
682 1116 766 1170 quern
788 1099 870 1171 plura
884 1098 947 1151 ude
988 1097 1084 1151 Graeeo
1094 1114 1146 1152 ms.
1158 1099 1233 1168 quod
1239 1099 1361 1182 estapud
1367 1099 1537 1154 cardinalem
1549 1099 1780 1162 Cremonensem,

152 1179 187 1232 dc
198 1178 299 1232 harum
313 1173 475 1246 lampadum
490 1173 662 1244 praelatione,
679 1178 708 1225 et
721 1171 768 1244 qui
781 1186 814 1224 ea
828 1168 870 1223 uti
881 1185 946 1240 pos-
987 1167 1147 1222 interlitas
1158 1170 1287 1223 aBasilio
1301 1187 1369 1241 imp.
1380 1172 1474 1243 (quem
1484 1184 1532 1223 vui
1542 1169 1638 1224 laudat
1649 1170 1784 1240 synodus)

150 1251 217 1304 sint.
235 1268 248 1302 ν
987 1239 1123 1294 cuiusuis
1138 1239 1264 1294 iconibus
1279 1241 1472 1305 collectas,ubi
1486 1240 1527 1294 ita
1540 1238 1643 1294 habes:
1663 1258 1677 1292 s
1692 1242 1786 1311 Atque

187 1319 243 1388 lli)
261 1314 598 1387 monreialnliaversio,
619 1314 777 1381 Theogenis.
787 1312 841 1367 Sed
851 1310 947 1365 Graece
987 1315 1019 1364 ut
1029 1311 1118 1381 magis
1127 1311 1213 1365 etiam
1221 1311 1386 1367 mortalibus
1393 1311 1785 1383 prodesscpossetOEphraem)

150 1399 194 1446 est
208 1392 260 1447 Θιο
292 1392 325 1442 ia.
987 1397 1051 1436 curn
1065 1382 1221 1436 Caesaream
1240 1383 1370 1445 venisset,
1388 1400 1406 1437 a
1425 1382 1529 1438 Basilio
1551 1383 1653 1452 Magno
1673 1388 1792 1437 creatus

189 1411 407 1533 liiilAEodueo]
423 1457 594 1524 Aliavcrsio,
605 1472 651 1523 epo
667 1457 753 1508 mino.
770 1453 865 1508 Graece
880 1458 944 1507 est:
988 1450 1144 1575 Eresbyter,
1161 1469 1191 1506 re
1212 1460 1276 1507 ente
1292 1453 1416 1524 linguam
1427 1455 1553 1508 Gracam
1567 1455 1658 1522 (cujus
1672 1459 1744 1515 erat,
1754 1459 1788 1507 ut

151 1531 190 1588 Τὸ
206 1533 248 1606 μὲν
262 1535 286 1584 ἓν
302 1529 352 1602 ἐγὼ
368 1529 470 1583 sisino.
1009 1540 1072 1576 omo
1087 1524 1180 1577 media
1193 1471 1276 1595 gyris
1296 1532 1390 1591 natue,
1405 1541 1520 1596 prorsus
1542 1524 1621 1577 rudis
1635 1530 1663 1577 ct
1676 1527 1787 1595 expers)

188 1607 240 1673 (til
257 1604 393 1670 Ostentum
409 1602 561 1655 necessaria
575 1594 746 1668 certemus]
763 1596 825 1649 Alia
845 1593 946 1659 versio,
988 1594 1090 1647 callere
1104 1595 1200 1666 coepit.
1221 1595 1315 1659 »Quae
1330 1612 1362 1649 ex
1377 1595 1567 1665 manuscripto
1585 1594 1671 1648 citata
1699 1594 1788 1649 habes

152 1678 223 1742 Oisia
239 1676 391 1729 necessarie
404 1679 469 1726 sarit
484 1674 590 1726 thmuis.
610 1670 705 1723 Graece
720 1672 782 1721 est:
800 1666 860 1720 “On
874 1668 948 1737 χρεία
987 1665 1226 1790 {pquerardum
1235 1666 1367 1722 Vossium
1376 1667 1457 1722 initio
1466 1666 1535 1722 tomi
1546 1682 1556 1719 r
1567 1665 1690 1737 Operum
1696 1667 1787 1721 sancti

152 1745 202 1803 ἐστι
215 1752 258 1800 τοῦ
272 1744 349 1796 οἴκου.
1049 1753 1124 1790 riam.

188 1817 244 1886 (48)
261 1817 363 1869 Mulier
378 1812 528 1886 quadrina]
543 1812 606 1865 Non
621 1808 758 1864 absimilis
772 1807 890 1862 historia
901 1744 980 1861 oc·B
1009 1754 1395 1880 p(58)Presliyterurn.]ldem
1408 1810 1530 1862 testatur
1541 1810 1601 1878 jam
1612 1809 1739 1879 proxime
1750 1808 1789 1862 ci·

151 1891 241 1945 currit
254 1889 284 1941 in
301 1885 367 1938 Vita
379 1884 469 1938 sancti
492 1879 850 1950 loannisEleemosynarii,
866 1878 948 1944 inira,
990 1883 1080 1933 tatum
1109 1879 1219 1933 Menolo
1240 1880 1309 1934 'um
1335 1880 1504 1934 Sozomenus
1526 1885 1630 1939 temen.
1648 1879 1719 1933 libro
1747 1893 1786 1946 ur,

151 1978 212 2032 cap.
228 1960 273 2016 51,
991 1965 1052 2020 cap.
1068 1949 1093 2014 5,
1115 1956 1212 2003 narrat
1249 1951 1356 2021 phraem
1377 1949 1406 2003 in
1426 1948 1524 2005 ordine
1539 1949 1788 2006 clericaliaddia·

189 2030 242 2097 (llil
258 2026 403 2100 delicuit]
417 2027 481 2081 Alia
497 2026 595 2085 tersio,
612 2025 757 2091 sipi'tieeit.
774 2022 869 2075 Graece
881 2025 946 2074 est:
990 2027 1122 2075 conatum
1133 2021 1223 2075 solum
1238 2023 1352 2076 elatum.

153 2101 440 2158 {triumuiralem
456 2113 506 2168 pro
517 2095 640 2167 sigillare
650 2094 781 2164 frequens
790 2109 841 2146 vox
851 2091 950 2145 mediae
1025 2093 1117 2162 Atque
1132 2092 1268 2147 hactenus
1280 2093 1345 2146 Vite
1358 2091 1446 2146 sancti
1461 2093 1614 2160 Basilii,uti
1627 2109 1690 2147 eam
1697 2093 1788 2146 Roma

152 2174 237 2229 elati.
263 2171 295 2226 In
311 2169 376 2223 Vita
389 2169 505 2223 ioannis
521 2164 750 2237 Eleemosynarii,
763 2163 846 2227 infra,
862 2179 886 2216 c.
903 2160 947 2218 51.
990 2178 1023 2216 ex
1039 2163 1254 2250 congregatione
1277 2163 1399 2218 Oratorii
1413 2165 1516 2236 accepi,
1536 2164 1691 2235 interprete
1704 2163 1788 2228 Urso,

155 2245 241 2298 «Non
256 2246 335 2314 potes
350 2239 480 2304 scribere,
497 2245 526 2293 et
539 2238 657 2302 bullare,
674 2240 703 2289 et
717 2236 817 2288 allerre
829 2233 947 2286 mihil»
991 2233 1019 2287 S.
1036 2232 1069 2288 R.
1085 2234 1116 2287 h.
1137 2233 1318 2288 subdiacono.
1342 2233 1409 2298 Qua
1430 2235 1512 2305 plane
1526 2236 1656 2290 convenit
1670 2250 1735 2288 cum
1755 2250 1789 2288 ea

152 2315 189 2369 Et
239 2318 288 2368 st:
308 2330 319 2362 r
336 2311 391 2364 Dat
400 2311 425 2364 ei
440 2310 585 2381 proprium
604 2307 754 2379 pictacium
768 2305 916 2360 bullatum.
934 2321 947 2356 ν
991 2320 1052 2375 quae
1069 2304 1203 2359 hactenus
1217 2304 1336 2359 barbaro
1356 2310 1385 2359 et
1398 2305 1461 2359 rudi
1476 2307 1559 2378 stylo,
1580 2308 1687 2360 incerto
1702 2305 1789 2359 inter·

190 2393 196 2446 l
217 2382 386 2451 ethaeros]
401 2382 461 2435 Hoc
475 2387 560 2452 caput
572 2382 625 2434 Am
646 2377 766 2431 hilochic
781 2375 882 2430 asserit
895 2391 947 2428 ms.
990 2380 1079 2456 prete,
1089 2376 1117 2428 in
1130 2375 1202 2429 Vitis
1216 2376 1332 2430 Petrum
1346 2380 1390 2429 est
1402 2375 1553 2447 divulgata.
1566 2376 1626 2430 Nisi
1636 2376 1710 2448 quod
1717 2376 1790 2430 inea

152 2457 238 2511 codex
253 2456 375 2518 Graeeus,
393 2468 448 2521 quo
470 2467 538 2505 usus
561 2456 604 2505 est
626 2396 768 2502 gerardus
781 2446 906 2509 Vossius,
922 2451 951 2499 et
991 2462 1020 2499 tn
1033 2448 1089 2499 line
1103 2446 1224 2500 adilatur
1238 2462 1287 2500 scu
1301 2447 1487 2502 interseratur
1499 2448 1627 2511 historia,
1643 2449 1676 2500 eie
1692 2447 1788 2515 iosepib

152 2523 503 2594 vocatucomparationern
519 2538 552 2575 uc
565 2519 779 2575 similitudinem
789 2523 950 2571 sanctorum
992 2518 1100 2570 Helicae
1115 2519 1226 2582 medico,
1245 2523 1271 2572 et
1291 2523 1378 2571 morte
1391 2519 1499 2583 Basilii,
1517 2534 1578 2589 quae
1596 2518 1640 2573 hic
1654 2518 1744 2572 deest.
1756 2518 1789 2572 In

152 2598 270 2652 Petrum
286 2594 382 2650 Basilii
405 2598 435 2647 et
461 2594 482 2647 E
502 2593 590 2646 hraem
605 2591 678 2661 Syri.
693 2609 707 2640 ι
725 2587 874 2643 Praemittit
888 2603 951 2640 eam
991 2587 1044 2640 hec
1058 2593 1156 2642 contra
1169 2586 1255 2642 habes
1269 2595 1352 2660 caput
1363 2586 1388 2644 3.
1406 2590 1541 2654 θνονηοάο
1555 2591 1674 2643 Basilius
1689 2590 1790 2643 Antio-

152 2669 269 2723 Vossius
294 2673 359 2720 ante
382 2680 466 2746 opera
484 2609 624 2734 {phium
642 2660 774 2725 Quadam
795 2660 847 2712 hoc
860 2657 951 2728 capite
992 2660 1085 2711 chium
1105 2663 1270 2727 pervenerit,
1285 2665 1309 2714 et
1324 2661 1435 2713 Libenii
1448 2661 1595 2728 discipulos
1609 2661 1787 2724 instruerent,

152 2744 284 2794 contenta
298 2737 384 2791 etiam
400 2751 460 2805 ipse
475 2734 603 2805 Ephraim
627 2731 760 2788 describit
772 2730 801 2783 in
825 2729 951 2783 encomio
998 2733 1086 2795 Ιω
1101 2728 1174 2800 quod
1189 2735 1274 2801 caput
1287 2730 1367 2784 deest
1385 2728 1415 2783 in
1438 2730 1512 2784 vitis
1522 2730 1649 2795 Parum,
1659 2734 1692 2784 ut
1706 2745 1793 2801 appo

153 2809 243 2864 sancti
256 2807 365 2863 Basilii.
992 2805 1054 2853 reat
1069 2799 1162 2853 Vitam
1176 2800 1248 2854 banc
1263 2801 1330 2854 olim
1344 2816 1396 2872 per
1420 2801 1498 2855 varia
1512 2800 1671 2871 fragmenta
1689 2799 1793 2855 descri-

187 2881 244 2948 (ill
261 2880 379 2944 deputet
394 2879 513 2930 revelari
532 2875 607 2946 sibi]
623 2872 693 2927 Vide
706 2871 949 2935 Delrionostrum,
991 2875 1070 2941 ptam
1084 2877 1113 2924 et
1126 2872 1303 2925 translatam.

152 2957 222 3006 tom.
240 2952 265 3006 lI
292 2948 414 3019 Disquis.
431 2947 544 3017 Magio,
566 2945 612 3001 lib.
628 2959 667 3009 ru,
683 2960 743 3015 cap.
755 2944 782 3007 l,
798 2941 952 3012 quastione
1028 2941 1269 3011 Integramliitam
1277 2941 1372 2997 Basilii
1380 2942 1475 2997 Graece
1485 2943 1666 3014 scriptumst
1675 2940 1794 3013 Amphi·

152 3021 179 3089 8,
196 3028 265 3077 sect.
282 3020 306 3086 l,
323 3019 371 3074 ubi
384 3018 451 3088 agit,
467 3020 511 3073 rin
525 3019 654 3072 revelatio
677 3031 695 3068 α
717 3016 769 3069 Deo
787 3015 844 3082 peti
855 3014 950 3080 pessit.
994 3010 1078 3065 lechii
1092 3013 1206 3067 nomine
1219 3013 1391 3085 insignitam,
1404 3014 1499 3085 accepi
1519 3013 1634 3068 Parisiis
1643 3029 1678 3066 ex
1689 3012 1795 3067 Biblio-

187 3093 246 3165 (52³)
256 3089 513 3159 Sacrariurn.]hlia
524 3087 624 3152 versio,
632 3086 846 3156 presbyterium.
858 3082 954 3137 Graece
994 3082 1076 3163 theca
1089 3083 1175 3165 regia,
1189 3100 1274 3154 quarn
1286 3085 1346 3155 jam
1363 3084 1521 3167 olimeertit
1530 3083 1794 3167 nescioquiscujus

153 3165 423 3305 Θειῶἒίῗῖντιῗῖιῖοεαννν
432 3230 580 3299 tribunat]
592 3229 687 3284 Graece
698 3246 704 3280 z
715 3225 746 3289 εἰς
756 3225 785 3279 τὸ
796 3226 865 3297 ἅγιον
874 3228 951 3296 βῆμα.
964 3155 1794 3298 C{3335}th{gerensgigegoriieffictlleodidigracgffidsiivtss

154 3307 221 3362 Erat
230 3308 298 3376 βῆμα
312 3310 405 3358 certus
420 3304 496 3357 locus
510 3301 538 3355 in
553 3300 665 3372 templis
679 3298 861 3370 antiquorum
872 3299 954 3366 juxta
995 3295 1112 3349 Patrum
1123 3299 1175 3358 est,
1183 3296 1282 3351 rudem
1293 3297 1376 3367 plane
1382 3304 1411 3351 et
1423 3297 1589 3368 impohtam.
1601 3297 1633 3351 In
1642 3298 1741 3351 Greco
1750 3302 1796 3351 ts·

154 3378 253 3434 altare.
268 3376 340 3430 Vide
355 3373 564 3429 Onomasticon.
995 3382 1061 3419 men
1071 3367 1223 3436 exemplari
1238 3374 1416 3438 caputunum
1432 3369 1527 3433 estve
1541 3372 1680 3422 rnirccnie
1693 3369 1795 3422 Basilii

191 3449 244 3517 (5l)
267 3448 300 3502 Et
321 3448 426 3514 senens
447 3442 641 3511 metanoeam]
664 3439 769 3503 Graece,
790 3438 953 3504 eatretinere
994 3440 1027 3518 in
1040 3440 1153 3517 Petrum
1165 3439 1284 3504 fratrem
1299 3454 1383 3492 stium
1397 3438 1794 3509 etejusurorem,quodetiam

154 3519 293 3591 μετάνοιαν.
311 3517 374 3571 Alia
385 3515 473 3569 versio
486 3535 491 3567 ε
505 3520 529 3567 et
538 3516 728 3582 qenusleetcas.
745 3509 829 3563 Recte
839 3524 954 3578 expres·
994 3523 1024 3561 1n
1038 3507 1087 3561 illa
1100 3507 1226 3562 versione
1235 3509 1326 3567 deest.

154 3591 192 3645 sit
201 3589 325 3662 phrasim
334 3583 718 3651 Graecamistiussaeculi,quo
730 3580 812 3648 βαλεῖν
823 3584 953 3648 μετάνοιαν
1030 3577 1127 3632 Graeca
1141 3578 1198 3633 haec
1206 3579 1280 3639 vice,
1290 3586 1318 3634 et
1332 3579 1433 3633 Latina
1443 3580 1796 3635 vetusinnominatiinter·

154 3666 239 3716 erat«
255 3659 454 3730 genuflectere,
469 3655 583 3710 honoris
596 3667 681 3707 causa
693 3650 729 3703 ad
739 3649 859 3720 alicujus
868 3648 953 3719 pedes
993 3648 1081 3730 pretia
1091 3649 1191 3708 versio.
1207 3650 1332 3704 confinet
1350 3651 1408 3704 haec
1423 3658 1560 3721 praeterea
1572 3651 1675 3716 capita,
1691 3656 1796 3722 queset

153 3748 184 3786 se
197 3730 327 3802 abjicere,
344 3735 372 3783 et
385 3725 582 3782 venerabundo
596 3724 690 3777 animo
702 3725 888 3793 prosternere,
903 3717 953 3773 be·
993 3735 1023 3773 1n
1038 3718 1090 3773 hae
1101 3719 1167 3773 Vita
1176 3720 1281 3785 Basilii,
1300 3721 1453 3804 interprete
1461 3723 1542 3788 Urso,
1553 3728 1581 3776 et
1592 3724 1622 3776 in
1631 3722 1681 3776 ille
1691 3737 1755 3793 quae
1764 3720 1796 3775 in

153 3802 342 3856 nedictionem
356 3805 461 3871 petere.
477 3795 629 3851 »Occurrit
643 3794 672 3847 in
689 3793 751 3845 lita
765 3790 854 3845 saneti
862 3790 952 3861 Chry·
993 3789 1066 3843 vnis
1078 3790 1194 3844 Petrum
1200 3792 1336 3846 hactenus
1343 3792 1405 3854 lu1t,
1413 3793 1516 3847 desunt
1528 3812 1534 3846 ε
1550 3794 1587 3847 lle
1597 3795 1796 3860 mysticareoe-

154 3871 281 3937 sestomi,
290 3886 374 3941 quam
389 3869 458 3922 citat
469 3868 591 3921 ioannes
601 3866 791 3919 Damascenus
801 3865 871 3915 orat.
883 3862 907 3925 l,
918 3861 953 3914 de
994 3863 1097 3914 tutione
1106 3865 1131 3914 et
1137 3864 1362 3931 moriedpostata
1369 3866 1481 3918 iuliani
1485 3904 1491 3916 .
1500 3865 1625 3930 item,lie
1638 3867 1794 3932 scripture,

155 3942 362 4011 Imaginpoidn
373 3939 502 4012 μετάνοιαν
512 3934 953 4006 τῶἹωάννῃ.]οαη.ηἱυεηεναὸιινι-
993 3947 1078 3999 qiearn
1093 3934 1264 3987 mulieraria
1274 3935 1346 4001 iecit.
1363 3934 1405 3988 Ad
1419 3935 1487 4000 haec,
1505 3935 1642 4001 (istomodo
1664 3933 1794 4002 Spiritus

155 4008 252 4068 diisud
264 4015 342 4082 pedes
361 4011 495 4066 aecs'denr.
509 3992 561 4062 ubi
576 4022 632 4060 non
647 4010 722 4059 recte
735 4003 898 4058 Franciscus
912 4002 954 4055 Zi·
994 4005 1085 4056 suneti
1098 4003 1247 4056 adrentum
1261 4006 1342 4068 cidit,
1353 4007 1415 4058 etde
1425 4005 1795 4073 qiicderndiccono,etlibu·

155 4101 208 4139 nus
222 4088 365 4139 verterat:
381 4083 487 4136 ioanni
496 4079 664 4133 desiderium
680 4077 819 4143 injiciens.
831 4073 954 4127 Vidclu·
994 4075 1041 4126 nic
1051 4073 1186 4140 Sophiste.
1203 4075 1352 4141 Praeterea,
1369 4077 1405 4128 de
1415 4078 1581 4144 quidusdam
1593 4077 1755 4144 pestilibus,
1769 4080 1796 4129 et

154 4155 254 4211 ccbum
268 4154 392 4218 Billium,
410 4152 445 4204 ad
458 4152 549 4204 locum
561 4148 678 4202 citatum
697 4144 873 4199 Damasceni.
994 4146 1223 4210 interpretatione
1237 4147 1408 4199 Hercemeri.
1421 4146 1538 4209 Deinde,
1548 4148 1685 4214 Quomodo
1694 4147 1796 4199 duetus

192 4225 245 4295 lis)
257 4219 623 4292 Postmisscs.]hliaversio:
635 4222 694 4287 pest
704 4218 951 4270 ministrationem.
994 4215 1264 4275 serenissimae
1279 4218 1311 4269 dc
1326 4219 1385 4284 filio
1400 4218 1527 4271 Veientis.
1537 4218 1674 4288 Denique.
1690 4217 1729 4271 De
1748 4218 1797 4271 Vu-

154 4298 249 4353 Graecc
266 4295 328 4350 αετὰ
342 4296 385 4362 τὴν
400 4293 562 4363 λειτουργίαν.
995 4287 1066 4338 lente
1079 4286 1130 4337 dee
1145 4286 1251 4350 odibili,
1267 4303 1313 4340 sen
1327 4291 1589 4355 apertioneeeeiesiae
1599 4292 1630 4341 in
1650 4289 1752 4343 Nicea.

192 4367 247 4438 (56)
259 4350 412 4435 decultum]
421 4364 485 4419 Alia
499 4362 599 4424 versio,
612 4363 820 4414 salutationem.
838 4358 952 4413 Utrum·
1029 4353 1128 4409 Surius
1141 4356 1263 4410 ollensus
1275 4357 1413 4428 impolitis
1433 4359 1535 4414 veteris
1547 4359 1694 4418 versionis.
1707 4372 1796 4428 quern

175 4457 210 4494 ue
232 4455 329 4494 serum
354 4437 416 4490 luit.
432 4436 504 4489 Nam
527 4432 622 4487 osculo
646 4447 675 4484 se
701 4428 871 4484 salutabant.
887 4429 952 4499 Ipse
994 4425 1217 4497 manuscriptam
1227 4428 1365 4498 integram
1381 4429 1489 4494 habuit,
1505 4437 1619 4501 excepta
1633 4429 1796 4511 crapitejam

155 4458 284 4582 {phrasim
297 4510 327 4564 in
341 4505 515 4577 Panegyrico
525 4505 553 4557 in
565 4502 676 4557 laudem
688 4501 783 4555 llasilii
793 4500 822 4554 in
832 4499 952 4570 hacipsa
993 4496 1076 4561 dicto,
1092 4498 1128 4549 De
1144 4501 1221 4551 Petro
1236 4499 1326 4565 fratre
1349 4503 1458 4564 Basilii,
1475 4517 1537 4555 earn
1561 4501 1635 4563 strlo
1650 4499 1797 4554 latirume

154 4598 201 4636 re:
218 4582 364 4664 «Cumque
374 4594 419 4632 me
428 4574 668 4647 apprehendisset,
679 4577 775 4625 sancto
791 4587 842 4625 suo
856 4566 1165 4648 osculoDreicrmasit.
1180 4574 1209 4623 et
1222 4574 1299 4623 tomo
1318 4587 1369 4624 suo
1384 4572 1523 4641 primodo
1542 4561 1614 4626 Vitis
1630 4576 1795 4625 sanctorum

156 4652 349 4708 consalutant.
1001 4638 1009 4694 l
1023 4638 1149 4693 ianuarii
1158 4639 1286 4694 inseruit.
1300 4641 1353 4695 Sed
1369 4642 1435 4714 quia
1447 4642 1500 4713 ipsi
1515 4643 1657 4713 exemplar
1665 4642 1797 4696 Grrecum

194 4722 249 4793 (57)
269 4719 671 4791 Grece.lBaronius,tomo1r‚
684 4730 758 4768 anno
774 4711 878 4767 Christi
891 4710 953 4772 370,
996 4708 1094 4773 deluit,
1110 4709 1178 4763 dum
1193 4710 1298 4764 insistit
1305 4711 1476 4783 confragosis
1486 4714 1587 4767 veteris
1602 4712 1742 4767 versionis
1751 4727 1798 4765 ve-

155 4793 270 4848 Damasi
278 4811 314 4866 pa
334 4781 955 4858 aei,Valentinianictl'alentisimppi.shd·
996 4779 1097 4849 stigiis,
1113 4795 1170 4833 non
1184 4781 1277 4851 potuit
1290 4797 1346 4836 non
1360 4782 1478 4838 subinde
1493 4784 1639 4857 cespitare.
1651 4783 1707 4839 Sed
1723 4781 1797 4838 alias

157 4863 346 4935 dunt,inqu1t,
358 4861 486 4919 nonnulli
498 4866 566 4914 tunc
580 4855 715 4928 temporis
727 4859 855 4908 sanctum
875 4852 956 4907 Basi-
996 4851 1049 4904 hac
1062 4849 1097 4904 de
1111 4866 1142 4904 re
1156 4852 1321 4906 accuratius.
