3818 6120
125 202 177 259 toa
512 199 597 255 VITA
616 202 744 257 sartan
764 199 881 269 PAULI,
903 201 1004 257 rainl
1024 192 1202 257 EHEHITAE.
1223 199 1392 260 NOTATIO.
1714 200 1766 258 lua

121 326 303 392 conveniunt,
311 324 407 396 paucis
421 325 554 396 exceptis,
571 342 632 397 quae
644 326 1102 399 Hieronymusinter-Aretulerit,
1117 329 1210 383 nescio
1221 345 1257 382 an
1270 329 1398 384 alicunde
1412 328 1506 398 colligi
1515 327 1610 399 possit.
1619 328 1657 382 Ex
1668 327 1762 399 prolo-

121 398 211 453 mixta
222 396 363 462 habet;ea
374 401 469 450 manen
479 395 663 451 existimarim
677 416 710 452 err
717 399 816 453 Latino
828 399 924 454 Hiero·
963 417 1000 469 go
1015 400 1099 470 hujus
1111 399 1182 453 Vitae
1197 399 1338 469 colligitur
1357 418 1417 454 earn
1433 402 1579 471 scriptam,
1594 416 1657 453 cnm
1672 399 1764 453 adhuc

121 470 201 540 nymi
215 475 294 523 textu
313 474 375 538 post
397 468 545 522 translata.
569 469 649 533 Quod
664 471 687 524 si
712 487 746 524 ea
760 471 923 541 Hieronymi
965 471 1762 542 AmathasetMacarius,discipuliAntonii,inviviserant,

121 546 205 594 aetate
214 538 397 603 exstitissent,
412 538 528 610 ipseque
536 556 569 593 ea
580 539 703 604 vidisset,
719 558 816 595 eorum
828 542 924 612 utique
965 542 1013 595 Ait
1031 542 1107 595 enim
1118 541 1152 594 de
1168 541 1214 595 iis:
1230 558 1243 592 a
1261 542 1354 595 Etiam
1370 560 1445 597 nunc
1459 544 1610 597 affirmant.
1625 540 1728 606 nQuod
1739 541 1764 596 si

124 611 320 666 meminisset:
333 626 384 663 uec
399 610 524 674 dixisset,
541 610 575 664 de
587 613 708 666 Antonio
724 630 738 664 rr
756 620 812 667 tarn
828 613 924 667 Graeco
966 613 1048 666 lectio
1063 619 1189 666 veterum
1204 612 1359 666 editionum
1375 619 1401 667 et
1414 615 1600 684 quorumdam
1610 611 1765 667 manuscri-

144 699 212 736 uam
222 682 349 737 Romano
361 681 434 752 stylo
446 680 922 753 diIIgentermemoriaetraditum3a
966 690 1079 753 plorum
1094 682 1229 737 librorum
1246 700 1312 737 rora
1331 689 1374 737 est
1387 701 1448 755 cap.
1466 687 1481 739 5
1495 686 1579 755 hujus
1596 685 1669 749 ritae,
1686 683 1766 737 ride·

121 700 157 807 Aa
174 754 263 808 Paulo
277 769 353 818 vero,
370 752 443 824 quod
462 767 533 807 ares
545 753 649 807 omissa
660 759 711 808 est.
729 773 743 808 a
965 754 1051 808 turin
1067 755 1153 825 Syriae
1167 771 1260 808 eremo
1276 771 1338 808 eam
1354 755 1520 826 scripssisse.
1537 757 1578 810 lta
1589 755 1664 809 enim
1678 753 1766 808 habet

159 825 295 879 Existimo
308 829 412 878 autem
428 823 632 895 Hieronymum
646 826 704 879 haec
721 825 821 880 suade
837 824 924 879 Paulo
966 842 999 878 eo
1013 825 1121 896 eapite:
1141 846 1152 876 r
1168 826 1200 879 In
1222 842 1255 879 ea
1275 830 1355 897 parte
1369 826 1466 888 eremi,
1480 844 1540 897 qum
1553 829 1634 897 juxta
1650 826 1762 897 Syriam

122 913 155 949 ex
172 896 296 950 Amatha
310 901 339 948 et
353 895 472 952 Macaria
490 895 606 949 Antonii
625 896 769 969 discipulis
783 895 922 961 didicisse,
967 897 1112 951 Saracenis
1124 896 1262 967 jungitur,
1281 904 1309 950 et
1322 897 1424 952 vidisse
1447 914 1491 950 me
1507 899 1657 952 monachos
1678 902 1706 950 et
1722 895 1765 949 ri·

122 967 172 1037 qui
187 967 228 1020 illi
239 966 400 1020 indicarunt
413 966 533 1021 Paulum
550 967 700 1024 Thebaeum
713 967 869 1040 principem
884 967 925 1022 rei
966 968 1042 1023 dere.
1061 985 1074 1019 ν
1090 967 1257 1037 Quanquam
1270 967 1355 1031 istud,
1372 973 1396 1022 el
1409 970 1508 1031 cidere,
1527 967 1764 1040 abestaquibus·
1848 1000 1853 1007 »

123 1038 277 1092 eremiticae
288 1037 385 1092 fuisse.
966 1039 1031 1092 dam
1046 1038 1112 1095 Mss.
1129 1043 1157 1092 et
1171 1039 1372 1094 recentioribus
1387 1039 1566 1095 editionibus.

159 1108 278 1173 Quando
288 1124 353 1163 rere
368 1109 558 1181 Hieronymus
568 1108 663 1165 Vitam
673 1110 754 1165 Pauli
770 1109 800 1165 in
814 1110 924 1165 litteras

847 1365 991 1413 raduanrr
1014 1366 1037 1411 X

327 1492 637 1659 VITA
685 1493 1119 1659 SANOTI
1170 1491 1562 1656 PAULI

729 1719 880 1792 PIlIMI
904 1718 1162 1793 EHEMITAE

526 1870 711 1939 AUCTORE
733 1870 825 1937 DIVO
850 1870 1083 1938 HIERONYMO
1107 1871 1366 1938 PHESBYTERO

164 2011 280 2093 (Hajar
300 2011 373 2073 Vita
387 2020 500 2073 textam
515 2011 622 2074 arderia
638 2013 716 2072 ahter
731 2031 822 2092 opera
832 2013 933 2073 sancti
944 2009 1133 2091 Hrcronymr',
1147 2008 1266 2071 Patrai.
1284 2018 1354 2070 tom.
1371 2009 1495 2088 XXIII,
1511 2010 1565 2072 col.
1585 2015 1634 2088 l'l,
1655 2031 1674 2074 a
1695 2011 1764 2075 Var-

121 2093 218 2153 larsr'o
234 2091 411 2172 llaffeiaqae
426 2092 537 2154 editam
552 2101 580 2153 et
594 2101 779 2154 annotatam.
796 2090 855 2153 Hr'o
868 2100 965 2153 tamen
981 2090 1139 2171 Boswcydr'
1150 2099 1364 2166 annotationes,
1384 2092 1456 2170 qaia
1476 2092 1603 2151 inanimi
1618 2100 1687 2152 arent
1700 2112 1764 2154 mo·

120 2173 226 2248 menti,
245 2171 411 2234 asscribere
423 2173 525 2252 janot,
545 2192 608 2233 rem
624 2171 779 2233 lectoribus
793 2172 993 2250 pratrisriaarn
1012 2189 1101 2250 apere
1119 2169 1310 2231 arbitrantes.
1327 2169 1406 2232 ιοοο
1421 2178 1558 2232 natarum
1571 2170 1658 2231 riar'tr'o
1672 2173 1766 2236 cr'tata

120 2254 265 2313 asterisco
279 2263 417 2314 notamus
430 2250 530 2314 arcadi
541 2271 560 2313 a
579 2251 766 2314 Vallara'ano
780 2260 864 2311 tenta
880 2250 1026 2330 uariant.)

757 2399 948 2466 ROSWEVDI
967 2409 1136 2464 NOTATIO.

162 2541 217 2602 21
245 2539 305 2592 Vita
320 2538 330 2608 ]
351 2538 483 2592 Erasmus
498 2538 539 2591 ait
559 2541 669 2592 tantam
684 2537 714 2592 in
729 2535 958 2609 exemplaribusB
970 2540 1017 2590 tur
1030 2535 1157 2599 Piamon,
1176 2550 1240 2588 cum
1263 2540 1364 2589 neuter
1384 2535 1484 2590 horum
1498 2535 1576 2608 prius
1590 2537 1620 2591 in
1634 2538 1767 2595 caenobiis

128 2608 219 2662 fuisse
232 2608 408 2675 varietatem,
420 2615 453 2663 ut
468 2614 604 2681 appareat
618 2609 712 2663 divum
727 2608 931 2679 Hieronymum
972 2607 1119 2662 institutus
1133 2604 1228 2660 suerit.

126 2681 233 2751 sapius
256 2679 330 2733 idem
353 2686 552 2749 argumentum
572 2680 634 2734 aliis
658 2685 795 2733 tractasse
818 2677 929 2745 verbis3
1008 2679 1062 2733 Sed
1082 2678 1127 2731 ine
1148 2676 1184 2730 tit
1205 2675 1363 2743 haereticus,
1384 2675 1490 2731 nullam
1507 2695 1564 2732 non
1578 2682 1685 2736 sanctis
1699 2682 1766 2737 viris

125 2758 179 2803 aut
195 2751 284 2804 aliurn
300 2751 462 2805 exercenda
481 2751 567 2821 copiae
582 2766 667 2805 causa
681 2751 734 2804 hoc
749 2750 855 2804 fecisse.
872 2749 930 2819 Ego
972 2749 1115 2803 obtrectan
1138 2749 1146 2801 i
1171 2747 1346 2802 occasionem
1369 2753 1494 2818 captans.
1525 2750 1587 2804 Non
1612 2752 1687 2806 enim
1706 2754 1767 2809 ruit

122 2838 190 2875 verr·
210 2828 320 2875 tantam
334 2820 498 2876 varietatem
509 2839 565 2877 non
574 2821 694 2886 invenio,
711 2837 762 2874 nec
776 2820 804 2873 in
816 2820 930 2890 impres·
971 2819 1089 2873 Piamon
1108 2836 1206 2873 omnes
1233 2818 1347 2872 omnino
1370 2819 1553 2874 anachoretas
1581 2838 1613 2875 ex
1632 2824 1766 2879 coenobiis

122 2892 172 2956 sis,
192 2908 245 2945 nec
259 2894 289 2946 in
304 2893 503 2974 manuscriptis
513 2909 593 2947 exem
615 2891 731 2946 laribus.
741 2891 873 2955 Quaedam
884 2907 929 2944 su·
990 2890 1114 2956 rediisse,
1131 2890 1179 2944 sed
1195 2906 1245 2943 suo
1264 2895 1391 2961 tempore
1409 2907 1444 2944 err
1463 2889 1660 2947 secundissima
1675 2911 1766 2951 coeno-

124 2962 213 3016 binde
228 2963 314 3017 verba
327 2970 436 3018 mutata
451 2964 554 3028 inveni,
571 2909 749 3016 triariorum
763 2961 805 3014 rel
819 2959 929 3014 incuria
970 2907 1079 3015 inrum
1105 2960 1207 3026 radice,
1235 2967 1396 3014 sanctorum
1425 2962 1510 3016 etium
1531 2965 1764 3021 anachoretarum

123 3035 168 3086 rrl
185 3033 314 3087 audacia.
336 3033 390 3089 Sed
415 3033 634 3089 vetustissimam
655 3049 767 3105 semper
780 3032 928 3087 lectionem
968 3037 1031 3104 post
1041 3033 1099 3087 haec
1112 3033 1195 3085 ssores
1209 3031 1372 3101 fructusque
1387 3034 1510 3104 prolatos
1518 3050 1578 3088 esse
1590 3052 1596 3087 :
1607 3035 1634 3088 id
1642 3041 1694 3097 est,
1708 3053 1764 3091 coe·

123 3104 261 3176 expressi.
969 3103 1053 3157 nebia
1064 3102 1148 3157 luisse
1163 3103 1396 3157 anachoretarum
1407 3104 1573 3171 seminaria;
1585 3104 1651 3160 licet
1660 3106 1765 3163 Paulus

160 3178 259 3231 Sancti
267 3175 381 3301 Pauli}q
390 3175 622 3247 Martyrologium
637 3177 805 3239 Romanum,
831 3174 863 3229 10
878 3175 926 3228 la·
968 3180 997 3227 et
1006 3173 1154 3238 Antonius,
1165 3173 1251 3244 hujus
1262 3174 1443 3246 professionis
1455 3175 1604 3246 principes,
1617 3194 1673 3231 non
1685 3194 1700 3232 e
1710 3195 1764 3233 οω-

125 3246 333 3301 rruarii211n
382 3246 499 3301 hebaide
521 3246 623 3301 natalis
645 3246 718 3301 beati
732 3245 822 3311 Pauli,
843 3244 926 3317 primi
968 3244 1068 3311 nobiis,
1090 3245 1169 3299 sede
1190 3245 1273 3299 domo
1289 3252 1415 3315 paterna,
1433 3247 1550 3318 quisque
1565 3248 1701 3317 peculiari
1715 3265 1763 3304 ra·

125 3317 347 3387 eremitae,quia
358 3323 436 3372 sexto
452 3317 559 3372 decimo
572 3317 662 3372 atatis
677 3334 735 3371 suae
749 3333 823 3371 anno
838 3333 926 3387 usque
967 3317 1052 3381 tiene,
1069 3316 1105 3370 ad
1119 3332 1244 3369 eremum
1260 3315 1419 3386 provolarit.

124 3389 160 3441 ad
181 3390 367 3443 centesimum
386 3388 526 3443 decimum
544 3388 656 3443 tertium
685 3389 761 3442 solus
776 3387 805 3441 in
831 3403 926 3443 eremo
1001 3390 1022 3441 A
1044 3404 1096 3456 qna
1115 3389 1286 3452 potissimam
1302 3387 1500 3440 artonachorarn
1516 3403 1622 3442 arcanas
1637 3390 1763 3444 habitare

124 3458 291 3530 permansit.
323 3459 410 3529 Cuius
434 3459 559 3513 animam
587 3458 661 3512 inter
688 3458 879 3530 apostolerum
899 3463 927 3512 et
967 3462 1049 3527 capta
1063 3455 1125 3530 stt]
1134 3457 1220 3510 Varia
1230 3456 1265 3510 de
1279 3456 1369 3527 primo
1384 3457 1472 3511 eremi
1485 3456 1642 3513 habitatore
1656 3460 1761 3531 opinio,

124 3530 328 3601 prophetarum
359 3530 460 3584 choros
482 3530 519 3584 ad
538 3529 639 3584 coelum
661 3529 727 3583 ferri
754 3528 789 3582 ab
815 3528 924 3599 angelis
968 3545 1029 3599 quae
1041 3529 1101 3599 jam
1117 3544 1134 3581 a
1142 3528 1288 3653 plerisque
1306 3527 1501 3594 asceticarum,
1516 3528 1698 3599 scriptoribus
1713 3548 1761 3587 ex·

123 3605 241 3654 sanctus
266 3600 404 3655 Antonius
432 3600 510 3654 vidit.
544 3601 610 3671 Ejus
639 3607 734 3654 autem
754 3599 814 3655 dies
835 3599 923 3654 festus
964 3599 1127 3654 cussa.Vide
1166 3599 1353 3663 ellnrminnm,
1365 3604 1434 3653 torn.
1447 3599 1482 3661 11,
1496 3602 1673 3655 controvers?
1685 3616 1705 3655 rr
1713 3618 1761 3673 ge·

124 3685 198 3724 xrrrr
216 3670 278 3724 Kal.
299 3670 444 3725 Februarii
463 3671 628 3726 celebratur.
647 3693 658 3723 ν
680 3670 756 3725 Nihil
775 3670 809 3724 de
828 3670 881 3724 hoc
894 3670 923 3724 in
965 3687 1041 3738 ner.;
1058 3669 1106 3724 lib.
1123 3685 1143 3724 rr
1157 3669 1192 3724 de
1207 3670 1359 3735 Monachis,
1376 3685 1436 3740 cap.
1449 3668 1493 3732 39,
1510 3671 1584 3752 quod
1598 3678 1642 3726 est
1651 3672 1686 3726 de
1697 3673 1762 3729 Ere·

124 3741 294 3811 blenologio.
310 3741 417 3796 Menaea
430 3741 513 3797 breve
524 3743 585 3797 vitae
603 3742 801 3813 compendium
820 3741 925 3797 habent
965 3741 1051 3808 mitis,
1068 3741 1115 3796 ubi
1134 3746 1163 3796 et
1186 3740 1380 3795 haeretieorum
1403 3740 1558 3795 calumnias
1575 3747 1673 3797 contra
1687 3743 1762 3800 huuc

127 3813 160 3869 15
174 3813 189 3866 J
192 3811 312 3865 anuarii.
965 3813 1092 3868 ordinem
1104 3818 1132 3866 et
1140 3818 1245 3867 statum
1262 3810 1373 3881 egregie
1388 3811 1500 3866 refutat.

166 3884 203 3935 uo
217 3900 249 3936 eo
264 3883 344 3952 paria
356 3898 420 3936 aum
432 3884 632 3956 Martyrologio
645 3885 773 3939 Romano
783 3883 869 3938 habet
879 3885 952 3949 Bac
1000 3884 1080 3948 Quod
1095 3884 1140 3937 hic
1159 3882 1239 3937 dirus
1260 3882 1448 3953 Hieronymus
1464 3881 1567 3948 subdit,
1585 3883 1620 3937 de
1641 3884 1759 3951 Ioanne,

124 3954 171 4015 da,
194 3952 349 4019 Usuardus,
374 3953 536 4017 Rhabanus,
556 3956 626 4018 Ado,
652 3956 803 4020 Notlrerus,
825 3961 928 4026 prater
967 3955 1054 4010 Paulo
1069 3954 1235 4010 etAntonio.
1246 3951 1331 4007 habet
1341 3960 1369 4006 et
1377 3952 1459 4027 epist.
1467 3955 1510 4018 2⁶2,
1519 3953 1553 4006 ad
1561 3954 1758 4011 Eustochium:

124 4025 283 4078 clausulam
297 4024 332 4077 de
346 4023 417 4079 festo
437 4040 504 4079 xvru
528 4026 589 4079 Kal.
611 4025 756 4080 Februarii
775 4024 923 4082 celebrato.
969 4046 980 4076 ‹
999 4026 1090 4096 Hujus
1106 4025 1170 4079 vitae
1186 4029 1284 4079 auctor
1301 4022 1591 4091 Paulus,'illustrator
1604 4026 1759 4095 Antoniua3

125 4094 208 4148 Pauli
220 4096 305 4148 etiam
314 4095 565 4150 meminitHieron.
578 4096 658 4167 epist.
673 4096 704 4152 l3
716 4097 751 4150 ad
763 4097 923 4166 Paulinurn;
967 4102 1004 4162 et,
1020 4102 1052 4150 ut
1065 4096 1100 4150 ad
1114 4095 1260 4168 superiora
1270 4094 1466 4163 conscendam,
1483 4095 1622 4168 princeps,
1639 4098 1761 4153 loannes

125 4165 288 4230 Cassianus,
305 4166 398 4220 collat.
424 4165 668 4238 lacapeno,
695 4173 808 4221 sanctus
832 4168 925 4223 Aldel·
966 4167 1093 4238 Baptista
1104 4167 1165 4221 luit.
1184 4189 1195 4217 ν

125 4236 518 4308 mus,deLaud.virgin.,lib.
534 4238 922 4309 r,cap.31;Isidorus,lib.rr,
1000 4240 1020 4292 A
1044 4241 1117 4292 beato
1137 4239 1199 4292 Etr'a
1221 4237 1390 4307 adeonae]
1411 4237 1502 4307 Hujus
1529 4237 1669 4309 opinionis
1689 4256 1762 4294 cre·-

123 4306 159 4361 de
171 4307 264 4371 oruc,
276 4324 327 4378 cap
349 4305 381 4363 15
393 4325 399 4373 3
416 4308 589 4374 Vincentius,
600 4309 709 4380 Specal.
718 4309 816 4363 histor.
829 4308 876 4362 lib.
885 4324 921 4378 xr,
964 4308 1015 4363 bra
1023 4309 1097 4380 apud
1112 4312 1223 4363 sanctos
1235 4307 1333 4362 Patres
1348 4311 1376 4361 et
1393 4306 1540 4362 historicos
1551 4308 1664 4363 mentIo.
1682 4309 1761 4363 Basi-

124 4394 187 4448 cap.
199 4376 245 4441 86,
257 4376 404 4433 etduobus
415 4380 570 4449 sequentib.
586 4399 591 4447 3
606 4380 772 4445 Antoninus,
784 4380 921 4449 (thronis,
964 4381 1029 4447 lius,
1047 4379 1128 4451 epist.
1145 4379 1179 4433 ad
1195 4377 1340 4432 Chilonem
1362 4397 1367 4432 :
1390 4376 1512 4432 Ἐνταῦθα
1527 4376 1555 4431 τὸ
1570 4377 1626 4450 ὄρος
1642 4377 1670 4431 τὸ
1687 4379 1761 4451 Καρ-

143 4448 300 4511 artetr,tit.
317 4464 363 4514 xv,
378 4465 412 4502 ca
435 4454 486 4516 ,ὃς
502 4451 603 4505 Petrus
620 4451 775 4521 EquiiinuS,
792 4450 822 4505 in
836 4451 922 4507 Cata·
965 4452 1063 4523 μήλων,
1079 4449 1102 4503 ἐν
1122 4445 1143 4502 ὦ
1169 4449 1258 4511 Ἠλίας
1278 4446 1435 4520 αὐλιζόμενος
1454 4455 1490 4520 τῷ
1511 4448 1571 4520 Θεῷ
1592 4446 1760 4519 adaptat-ansa,

124 4465 190 4589 Iuga
204 4525 377 4578 sanctorum.
393 4466 441 4573 lig.
457 4537 485 4578 ιι.
500 4538 560 4591 cap.
577 4519 622 4577 60.
964 4526 1012 4576 ala.
1033 4505 1145 4576 'Haterii'
1158 4521 1173 4588 ἡ
1187 4521 1286 4591 ἕρημος,
1303 4517 1327 4573 ἐν
1340 4515 1354 4591 ᾖ
1367 4519 1380 4573 ὁ
1393 4518 1511 4591 μακάριος
1530 4518 1645 4586 Ἰωάννης
1661 4515 1762 4591 ἆκριδο-

161 4589 243 4654 Quod
259 4606 324 4645 vero
344 4590 445 4645 Petrus
471 4591 638 4656 Galesinius,
660 4592 717 4646 suia
732 4592 767 4645 ad
783 4593 923 4665 Martyro-
964 4593 1059 4664 φαγὼν,
1077 4591 1205 4663 μετάνοιαν
1220 4599 1270 4652 τοῖς
1288 4585 1426 4662 ἀνθρώποις
1447 4587 1566 4660 ἐκήρυξεν,
1585 4607 1598 4642 a
1615 4590 1666 4644 Hic
1681 4607 1763 4647 mons

123 4660 182 4729 log.
221 4660 301 4714 Hom.
330 4660 521 4716 notationibus
550 4664 586 4717 ld
609 4662 737 4717 Ianuarii
763 4663 813 4725 ait,
839 4664 923 4735 huius
965 4662 1082 4729 celeber,
1101 4662 1255 4727 Carmelus,
1271 4661 1300 4716 in
1315 4678 1370 4733 quo
1385 4661 1458 4715 Elias
1473 4660 1633 4715 demoratus
1648 4664 1762 4734 perpla-

124 4730 208 4785 Pauli
227 4731 388 4786 meminisse
403 4731 601 4788 Cassiodorum
616 4733 665 4787 lib.
688 4750 706 4794 1,
723 4750 783 4804 cap.
802 4733 845 4798 li,
861 4736 923 4790 'l'ri-
965 4734 1023 4788 cuit
1037 4735 1104 4801 Deo,
1128 4739 1179 4787 etc.
1197 4733 1249 4788 Hic
1273 4732 1327 4786 sita
1349 4748 1460 4785 eremus
1479 4736 1531 4793 est,
1547 4731 1576 4785 in
1596 4748 1650 4814 pua
1662 4732 1762 4790 beatus

124 4808 199 4924 part.
219 4801 303 4866 Ilist,
320 4809 349 4855 ct
363 4803 538 4858 Heraclidem
554 4804 648 4859 multis
664 4803 739 4867 locis,
757 4805 871 4860 omnino
886 4806 924 4860 la·
964 4806 1095 4871 Ioannes,
1110 4804 1217 4859 esitans
1228 4803 1358 4865 locustas,
1370 4801 1519 4856 termulam
1533 4804 1704 4873 paenitentia
1714 4805 1762 4861 ho·

143 4872 212 4926 itur.
230 4871 269 4926 Eo
283 4872 358 4926 enim
369 4873 429 4928 loco
440 4874 622 4931 Cassiodorus
630 4892 663 4929 ex
676 4875 830 4930 Sozomeno
844 4877 924 4934 Pauli
965 4876 1088 4930 minibus
1101 4875 1290 4947 perficiundae,
1309 4891 1360 4927 sua
1392 4872 1570 4928 radicatione
1589 4875 1761 4948 praescripsit

124 4942 269 5013 Simplicis
283 4944 420 4999 meminit.
435 4946 595 5002 Heraclides
614 4962 687 5004 vere.
703 4963 759 5000 nen
773 4946 853 5001 Pauli
869 4951 925 5019 pri·
965 4952 995 5002 ct
1008 4947 1155 5017 evulgavit.
1173 4966 1183 4996 ν
1205 4945 1358 5015 Gregorius
1371 4891 1571 5007 Alaaiauzenus,
1586 4951 1657 4999 orat.
1674 4963 1699 4999 ν.
1713 4963 1763 5002 seu

124 5014 165 5066 mi
181 5013 317 5078 cremitae,
333 5015 381 5068 sed
397 5015 481 5070 etiam
501 5018 581 5072 Pauli
596 5017 743 5088 Simplicis,
762 5022 791 5073 et
805 5018 923 5076 aliorum
965 5035 980 5071 a
1002 5018 1103 5088 ologet.
1115 5023 1179 5090 post
1191 5017 1312 5070 reditum
1324 5032 1357 5069 ex
1367 5015 1443 5085 Iuga,
1462 5014 1552 5068 ’illios
1567 5015 1705 5087 περιενόονν
1720 5015 1763 5071 τὸν

124 5085 279 5138 Pauiorum
295 5086 466 5140 metationem
482 5086 555 5144 Iacii.
965 5036 1115 5159 Ιῖάρμηλον,
1131 5088 1170 5140 καὶ
1187 5086 1303 5140 Ἰωάννου
1316 5086 1360 5153 τὴν
1375 5087 1474 5157 ἔρημον.
1491 5105 1502 5136 a
1521 5085 1588 5140 Elia}
1601 5087 1763 5143 Carmelum

162 5158 254 5208 striari
278 5157 430 5227 Eretriam]
466 5158 627 5230 Rodolphus
656 5157 856 5229 Hospinianus.
890 5161 925 5214 de
966 5157 1764 5228 animoagitabanr,etJoannisdesertum.aidemdeiis·

125 5225 206 5296 Orig.
227 5226 370 5293 Monach,
386 5228 425 5281 lib
453 5243 483 5295 rr,
500 5247 560 5301 cap.
576 5233 603 5284 1.
619 5229 746 5296 Piamon,
761 5229 862 5300 inquit,
879 5230 926 5284 ab·
967 5231 1040 5293 dem,
1064 5234 1135 5283 orat.
1156 5245 1222 5282 xxr.
1239 5229 1360 5283 Joannes
1376 5229 1601 5299 chrysostomus,
1613 5228 1709 5283 homil.
1729 5228 1763 5286 69

122 5294 185 5361 bas,
196 5296 271 5368 apud
291 5297 467 5365 Cassianum,
483 5301 577 5355 collat.
592 5315 667 5367 xrrrr,
683 5317 743 5382 cap.
760 5299 787 5358 4.
799 5317 846 5355 eos
860 5318 952 5382 ana-D
966 5301 994 5355 in
1012 5300 1111 5355 Matth.
1130 5299 1246 5354 vestIum
1259 5299 1333 5353 inter
1354 5299 1505 5353 monachos
1521 5315 1602 5355 usum
1625 5300 1659 5354 ad
1683 5298 1761 5368 Eliae,

122 5366 268 5429 choretas,
285 5367 380 5434 idest,
402 5387 556 5426 secessores
569 5376 658 5437 vocat,
673 5387 722 5441 qur
737 5371 814 5441 prius
828 5372 857 5426 in
871 5390 924 5428 coe·
965 5371 1050 5427 Elisei
1064 5376 1093 5425 et
1107 5371 1223 5425 Ioannis
1238 5371 1278 5425 Ba
1298 5371 1370 5425 tistre
1390 5369 1549 5440 exenrplum
1564 5370 1658 5424 ret'art.
1674 5370 1763 5425 Theo·

123 5436 218 5491 nobiis
235 5437 367 5499 instituti.
381 5441 540 5497 solitudinis
559 5443 601 5498 ele
621 5458 668 5496 erc
683 5445 798 5496 secreta.
815 5443 925 5498 Similia
964 5443 1001 5534 ph
1021 5443 1121 5506 lactus,
1139 5442 1167 5496 in
1182 5459 1242 5513 cap.
1257 5459 1266 5497 r
1279 5388 1361 5496 Auca
1384 5461 1391 5495 .·
1414 5439 1459 5495 Ἐν
1475 5440 1576 5493 dardan
1589 5443 1629 5494 aad
1644 5443 1763 5510 πνεύματι

123 5504 212 5563 habet
235 5508 341 5563 libror
365 5512 468 5581 instit,
495 5531 556 5585 cap.
581 5460 625 5570 SA.
650 5513 704 5568 Sed
723 5513 800 5568 dum.
830 5513 925 5569 subdit

978 5461 1060 5569 [litos
1073 5513 1170 5581 ifrdsrd
1187 5511 1313 5581 Ἰωάννης,
1327 5510 1389 5565 διότι
1403 5509 1517 5593 {papiam
1550 5533 1560 5562 ν
1573 5513 1612 5563 καὶ
1626 5508 1707 5574 αὐτὸς,
1723 5512 1765 5564 καὶ

68 5598 71 5604 ·
111 5578 285 5648 ΔΙννονοοίοιιες
322 5587 451 5638 auctores
486 5585 588 5640 horum
611 5583 717 5656 primos
743 5582 839 5638 scribit
867 5585 924 5641 ool·
966 5579 1102 5656 ἀπέρατος.
1119 5603 1130 5637 r
1148 5585 1181 5639 In
1190 5581 1455 5653 virtuteacSpintu
1466 5581 1532 5635 Eliae
1544 5581 1619 5635 renit
1628 5582 1761 5649 ioannes,

122 5649 177 5704 lat.
191 5663 271 5718 xrrrr,
286 5666 348 5724 cap.
365 5651 391 5715 6,
408 5654 451 5708 rel
466 5654 585 5711 Paulum
599 5653 751 5738 quemdam
762 5653 922 5724 anebsan,
966 5669 999 5710 eo
1014 5655 1088 5727 quod
1102 5653 1221 5711 eremita
1233 5652 1289 5709 fuit
1301 5651 1387 5708 etiam
1402 5651 1471 5723 ipse,
1485 5655 1514 5705 et
1528 5650 1644 5722 frugalis
1657 5650 1729 5706 vitre.
1747 5670 1761 5706 ν

119 5718 171 5775 rel
190 5719 349 5778 Antonium
372 5721 545 5798 AEgypdum,
572 5724 652 5782 laede
670 5722 773 5782 erroris
788 5726 926 5782 coarma-
967 5725 1127 5797 Casaianus,
1143 5723 1237 5782 cadat.
1261 5737 1336 5792 xrm,
1353 5737 1415 5794 cap.
1432 5719 1468 5777 6:
1493 5719 1594 5776 Vastus
1618 5720 1706 5778 eremi
1718 5736 1765 5779 re·

258 5818 393 5886 Parnon.
413 5821 551 5888 Lxxlll.
1634 5820 1661 5887 A
