3818 6120
133 298 204 359 1075
631 336 634 344 ·
665 292 716 354 ¹DE
734 299 830 356 Vl'flS
849 299 998 357 Paruum
1016 301 1123 358 LIBER
1140 299 1216 357 lllll.
1708 297 1773 357 ¹076

131 429 389 484 maximemctuens
398 424 546 480 abscedere
554 424 721 496 cogitabam.
734 425 788 481 Sed
797 431 926 482 metuen·
934 431 959 488 A
968 427 1072 483 nimus.
1089 429 1162 484 Nam
1176 442 1241 481 curn
1253 425 1315 494 ejus
1327 422 1410 478 verba
1421 439 1438 477 a
1451 423 1569 477 diacono
1585 420 1665 477 dicta
1677 424 1774 478 recita

132 518 200 573 dum
213 517 310 572 fuitne
324 515 477 586 magis‚me
491 514 680 580 absente,tale
690 515 796 587 aliquid
804 515 928 571 facerent
967 523 1075 583 rentur,
1088 522 1117 571 et
1125 515 1222 571 omnia
1230 514 1411 586 placuissent,
1422 509 1471 566 ubi
1479 527 1585 566 nomen
1599 511 1771 583 interpositae

132 611 161 660 ct
169 605 324 661 reverentia
333 605 425 659 minor
432 611 461 657 et
470 604 549 657 dolor
555 603 706 657 ardentior.
719 604 926 659 Deindesicum
968 605 1142 661 necessitatis
1153 604 1288 669 insonuit,
1303 603 1436 657 continuo
1449 601 1639 655 reclamatum
1647 607 1702 667 est,
1714 619 1772 673 pro·

130 694 218 748 fratre
230 693 331 764 Alypio
343 691 515 745 discederem
525 708 575 763 per
584 692 719 763 populum
727 694 925 764 constipatum,
967 696 1120 767 missioque
1128 693 1279 765 displicuit,
1295 691 1419 746 tumultu
1432 689 1697 756 recrudescente‚et
1705 691 1773 746 nihil

130 783 284 836 carendum
299 782 397 836 fuitne
409 781 558 852 quisquam
568 781 597 835 in
610 798 674 835 eum
688 798 804 837 manum
815 784 927 838 mittere
968 784 1045 839 aliud
1059 800 1144 855 quam
1158 781 1257 837 fraude
1272 796 1367 836 secum
1382 779 1438 850 agi,
1454 780 1559 851 populo
1582 779 1770 834 existimante.

131 872 257 926 auderet.
273 872 302 926 Si
316 876 411 927 autem
425 870 485 925 sine
500 871 557 936 illo,
575 887 636 942 quae
648 869 725 926 frons
739 878 813 927 esset
830 873 926 928 existi·
967 873 1048 936 Quod
1062 889 1126 929 cum
1151 877 1264 926 sanctus
1278 869 1352 924 silius
1366 874 1463 923 noster
1493 868 1636 922 Pinianus
1650 867 1770 934 vidisset,

129 960 299 1025 matianis,si
307 957 405 1031 quidei
416 959 543 1014 fortassis
551 960 696 1026 accideret,
706 965 734 1015 et
742 961 852 1014 viderer
862 979 925 1017 cum
964 963 1051 1034 Jussit
1060 961 1126 1016 inde
1138 959 1242 1016 auferri
1250 957 1543 1024 nomennecessitatis3
1555 958 1772 1028 rursumquead

129 1054 279 1121 propterea
293 1048 461 1118 deseruisse,
474 1054 507 1103 ut
518 1049 623 1103 furenti
631 1050 734 1120 populo
747 1050 927 1105 traderetur?
967 1051 1094 1106 laetitiam
1104 1050 1224 1122 populus
1239 1047 1383 1102 remearit.
1395 1047 1430 1102 Et
1439 1062 1504 1101 cum
1515 1045 1720 1101 lassitudinem
1729 1063 1773 1100 ex·

166 1157 179 1189 s
196 1137 274 1192 lnter
287 1137 339 1191 hos
353 1141 438 1191 aestus
452 1154 540 1205 meos,
550 1154 720 1210 gravemque
734 1155 884 1194 moerorem
899 1145 928 1196 et
968 1156 1105 1205 cusarem,
1115 1139 1174 1193 sine
1189 1154 1234 1193 me
1250 1137 1285 1191 ad
1300 1134 1410 1208 plebem
1424 1136 1558 1189 accedere
1574 1135 1681 1201 noluit,
1693 1135 1773 1190 mmnl

130 1227 236 1282 nulllus
250 1225 359 1281 consilii
379 1226 602 1298 respirationem,
626 1243 689 1280 ecce
713 1234 829 1298 repente
842 1234 926 1301 atque
968 1228 1147 1283 accessimus.
1163 1226 1239 1281 Dixit
1253 1225 1280 1279 ei
1295 1241 1387 1305 quarta
1400 1224 1519 1279 diacono
1531 1223 1635 1278 audita
1651 1230 1735 1278 erant
1747 1241 1774 1279 se

128 1315 272 1387 inopinate
286 1315 584 1370 sanctusflliusnostcr
596 1315 729 1371 Pinianus
739 1316 828 1371 mittit
837 1318 927 1372 adme
969 1318 1126 1383 mandasse,
1139 1333 1168 1371 se
1179 1317 1300 1388 jurasse,
1313 1330 1401 1386 eaque
1415 1330 1445 1368 se
1460 1328 1521 1368 esse
1530 1313 1775 1379 facturum,conti·

130 1419 242 1458 serrum
264 1403 325 1468 Dei,
347 1403 395 1474 qui
416 1402 486 1459 mihi
500 1403 606 1457 diceret
617 1421 681 1459 eum
695 1421 725 1458 se
739 1405 809 1459 velle
823 1407 927 1478 populo
969 1423 1082 1478 nuoquo
1098 1404 1193 1460 omnia
1208 1420 1241 1459 eo
1251 1410 1350 1458 tenore
1365 1419 1420 1473 quo
1435 1401 1595 1457 dictaverat
1610 1408 1775 1473 prosecutus

128 1493 236 1564 jurare,
252 1492 326 1562 quod
345 1492 369 1545 si
388 1497 462 1545 esset
480 1492 625 1546 ordinatus
646 1492 760 1561 inritus,
777 1511 809 1549 er
832 1495 928 1551 Africa
969 1495 1201 1567 estResponsum
1210 1497 1252 1548 est
1262 1493 1320 1548 Deo
1329 1491 1444 1562 gratias,
1457 1496 1486 1545 et
1502 1491 1630 1562 petitum
1640 1497 1676 1545 ut
1686 1495 1775 1546 totum

130 1580 293 1634 discederet:
305 1580 419 1634 omnino
429 1581 511 1635 credo
521 1581 683 1636 existimans
690 1583 927 1656 eos,quand0qui-
968 1584 1103 1655 scriptum
1117 1581 1348 1638 subscriberetur.
1365 1579 1528 1634 Dimisimus
1541 1579 1775 1644 catechumenos,

131 1668 195 1723 dem
208 1670 335 1740 pejerare
351 1685 408 1723 non
423 1676 525 1741 posset,
541 1686 597 1724 non
609 1671 670 1742 jam
691 1672 811 1727 ulterius
821 1673 925 1728 infruc·
967 1673 1155 1744 continuoque
1164 1671 1301 1743 scriptum
1313 1669 1485 1741 subscripsit.
1499 1668 1612 1724 Deinde
1621 1669 1683 1740 peti
1693 1668 1774 1741 coepi-

131 1758 427 1830 tnosapersererantia
437 1759 854 1831 clamaturos,adexpellendum
864 1763 929 1818 hinc
939 1749 1033 1816 Bmus
1048 1777 1097 1816 nos
1112 1765 1207 1827 091
1224 1759 1355 1831 episcopi,
1365 1774 1422 1813 non
1432 1757 1548 1813 vocibus
1558 1757 1773 1829 populi,sedta

130 1846 284 1917 hominem,
298 1863 381 1919 quem
392 1847 492 1901 saltem
502 1847 605 1902 habere
619 1848 785 1905 deberemus
797 1851 927 1907 vicinum.
970 1868 1036 1907 mon
1050 1869 1066 1905 a
1079 1849 1181 1923 populo
1196 1865 1246 1920 per
1260 1848 1392 1903 honestos
1416 1847 1524 1914 fideles,
1546 1852 1584 1901 ut
1597 1863 1652 1902 nos
1666 1863 1773 1919 quoque

131 1935 197 1990 llilri
212 1941 317 2002 autern,
332 1935 398 2007 quia
412 1935 559 1991 videbatur
575 1937 812 1994 vehementiorem
832 1957 929 1995 eornm
970 1938 1218 1996 subscriberemus.
1245 1939 1284 1992 At
1311 1935 1359 1991 ubi
1382 1936 1452 2008 coepi
1473 1934 1667 2001 subscribere,
1684 1941 1775 1990 sancta

132 2023 257 2080 dolorem
272 2029 336 2095 post
349 2024 422 2079 hanc
437 2025 610 2095 jurationem
633 2026 718 2081 fuisse
733 2029 927 2098 metuendum,
971 2029 1093 2085 Melania
1105 2025 1282 2083 contradixit.
1303 2025 1421 2080 Miratus
1435 2041 1500 2079 sum
1519 2041 1613 2097 quare
1627 2030 1691 2080 tam
1705 2041 1771 2091 sero,

133 2114 207 2186 apud
223 2130 269 2168 me
279 2114 382 2168 tacitus
392 2113 477 2168 habui
490 2133 496 2180 ;
512 2120 541 2169 et
550 2116 616 2186 quia
629 2117 712 2170 simul
726 2118 846 2188 petierat
854 2124 886 2174 ut
895 2118 931 2173 ad
972 2118 1052 2190 quasi
1073 2115 1290 2191 promissionem
1303 2114 1381 2168 illam
1401 2119 1430 2168 et
1447 2113 1629 2185 jurationem
1644 2130 1708 2179 nos,
1723 2131 1773 2169 non

133 2219 198 2258 eum
214 2203 349 2268 venirem,
368 2219 425 2257 non
446 2202 552 2257 distuli.
570 2205 640 2258 Cum
656 2204 724 2259 mihi
748 2206 865 2261 dixisset
879 2207 932 2262 hoc
972 2205 1182 2272 subscribendo,
1197 2203 1288 2258 facere
1301 2219 1446 2274 possemus
1460 2202 1671 2258 infectam.Sed
1685 2209 1772 2258 tamen

133 2293 236 2365 ipsum,
253 2292 384 2346 continuo
399 2296 428 2345 et
441 2290 511 2346 illud
531 2293 660 2363 adjunxit
681 2295 771 2349 eidem
783 2294 930 2365 jurationi,
973 2293 1209 2366 obtemperavimc
1219 2293 1258 2347 sic
1268 2292 1405 2347 remansit
1417 2309 1480 2347 mea
1490 2308 1549 2346 non
1560 2293 1650 2363 plena
1662 2292 1773 2347 subsui-

135 2381 209 2452 quod
220 2380 299 2446 mihi,
309 2381 376 2434 dum
388 2381 423 2434 ad
434 2383 751 2453 cumpergo,peralium
758 2384 810 2438 Dei
820 2400 932 2439 servum
973 2385 1042 2457 ptio,
1059 2400 1110 2438 nec
1125 2384 1197 2437 ultre
1215 2381 1295 2436 nobis
1309 2382 1458 2452 quisquam
1480 2385 1513 2435 ut
1533 2380 1772 2436 subscriberemus

134 2471 326 2535 mandaverat,
343 2470 378 2524 de
388 2471 537 2541 prasentia
552 2471 656 2526 scilicet
671 2489 731 2539 sua,
743 2473 767 2527 si
781 2473 807 2527 ei
821 2474 933 2528 clerica·
972 2472 1082 2544 putarit
1095 2470 1268 2525 instandum.
1287 2489 1299 2522 r
1316 2470 1382 2525 Haec
1395 2475 1509 2524 sanctus
1522 2470 1717 2540 Augustinus.

134 2565 181 2615 tus
200 2560 341 2615 sarcinam
354 2560 460 2615 nolenti
474 2561 568 2615 nullus
581 2561 747 2633 imponeret.
768 2583 779 2614 a
798 2563 931 2619 nimirum
1231 2561 1342 2615 deditus
1356 2561 1512 2627 logostein.

135 2665 193 2704 non
207 2648 396 2704 discessurum
411 2648 550 2721 Hippone,
563 2650 587 2704 si
606 2651 646 2705 sic
657 2650 728 2705 liber
739 2651 844 2723 absque
858 2667 931 2708 nexu
1008 2653 1112 2705 Boron.
1126 2654 1144 2703 t.
1160 2650 1185 2715 V,
1197 2649 1351 2702 monnone
1362 2645 1722 2704 turbulae-Pinianus
1730 2664 1775 2703 au·

137 2738 283 2793 clericatus
299 2754 359 2792 esse
374 2737 523 2793 sineretur.
974 2743 1041 2806 tem,
1059 2737 1133 2809 quod
1148 2752 1209 2808 quar
1229 2736 1349 2808 pervim
1368 2743 1397 2791 et
1411 2741 1517 2791 metum
1533 2737 1682 2809 pollicitus
1697 2743 1774 2802 esset,

173 2827 242 2881 «Hic
252 2826 587 2898 egointantisangustiis,
599 2829 756 2900 quasianra
766 2831 932 2901 respirante,
976 2845 1006 2882 se
1021 2827 1175 2898 obligatum
1193 2825 1311 2880 minime
1325 2826 1416 2880 teneri
1430 2824 1517 2897 probe
1533 2827 1635 2892 sciret,
1653 2827 1776 2898 sequenti

136 2920 287 2981 recreatus,
298 2915 400 2970 nihilei
411 2917 541 2988 respondi
551 2936 557 2983 ;
567 2918 615 2971 sed
626 2918 661 2971 ad
676 2918 792 2973 fratrom
801 2919 935 2991 Alypium
976 2917 1020 2970 die
1029 2916 1101 2970 clam
1114 2930 1171 2969 una
1182 2930 1246 2969 cum
1260 2913 1318 2969 suis
1329 2913 1482 2985 Tagastam
1492 2929 1626 2969 reversus
1641 2921 1695 2970 est.
1712 2915 1777 2980 Quid

136 3004 227 3076 gradu
237 3005 417 3059 concitatiore
427 3006 537 3076 perrexi
549 3024 555 3073 ;
567 3006 648 3077 eique
664 3007 731 3079 quid
745 3007 854 3075 dixerit,
867 3008 933 3063 diri.
976 3010 1071 3058 autem
1080 3007 1141 3058 tum
1156 3003 1276 3075 populus
1291 3003 1478 3074 Hipponensis
1491 3019 1558 3058 cum
1572 3005 1717 3071 rescisset,
1725 3008 1777 3061 Au·

137 3094 175 3148 At
184 3094 231 3148 ille
242 3096 284 3162 [ut
293 3093 430 3164 existimo)
445 3094 571 3149 devitans
587 3112 622 3150 ne
632 3095 699 3167 quid
710 3112 739 3150 se
750 3102 863 3152 auctore
885 3099 935 3152 fre-
947 3109 968 3169 c
976 3092 1107 3164 guatinas
1126 3092 1213 3148 refert
1226 3093 1256 3146 in
1272 3093 1370 3147 eadem
1391 3092 1511 3162 epistola
1525 3091 1564 3146 ad
1578 3092 1717 3147 Albinam
1729 3093 1779 3147 alio

138 3187 191 3248 ret,
208 3183 283 3236 unde
297 3199 345 3237 vos
359 3182 601 3254 putabatoliendi:
619 3184 691 3239 Hinc
705 3202 751 3240 me
765 3185 882 3259 [inquit]
892 3204 940 3242 ne·
979 3182 1084 3252 scripto
1099 3198 1129 3236 se
1144 3181 1331 3252 significasse,
1347 3197 1413 3235 nam
1429 3180 1470 3234 ait
1487 3193 1493 3228 t
1515 3200 1527 3232 ι
1546 3180 1602 3245 Qui
1616 3187 1717 3237 autem
1730 3182 1779 3236 alio

139 3287 185 3326 mo
195 3271 331 3326 consulat.
340 3272 401 3336 Quo
411 3272 517 3336 audito,
526 3274 562 3327 ad
571 3273 706 3345 populum
716 3275 938 3330 tumultuantem
978 3270 1034 3336 die,
1050 3276 1199 3341 postquam
1215 3269 1309 3342 ipsum
1318 3269 1480 3324 discessisse
1489 3269 1666 3338 didicerunt,
1681 3271 1780 3326 fuerint

138 3360 266 3431 perrexi;
292 3360 420 3432 factoque
443 3361 564 3426 silentio,
581 3362 649 3434 quid
663 3363 833 3434 promissum
852 3369 936 3431 esset,
979 3364 1081 3424 motus,
1097 3358 1139 3413 vel
1168 3358 1272 3430 linguae
1285 3358 1442 3426 hominum,
1459 3363 1601 3429 qnantum
1628 3360 1699 3415 satis
1713 3359 1779 3414 arbi·

139 3465 202 3504 curn
218 3450 403 3520 promissione
419 3451 503 3505 etiam
516 3451 668 3523 jurationis
686 3453 848 3523 aperui.llli
861 3469 937 3520 vero,
979 3452 1069 3501 tmttis
1089 3463 1162 3514 sum,
1183 3447 1326 3502 sanctitati
1347 3452 1444 3501 restrae
1467 3463 1518 3518 per
1530 3449 1779 3503 commonitorium

140 3539 188 3610 qui
198 3539 288 3594 solum
294 3540 355 3610 ejus
366 3540 572 3612 presbyterium
584 3540 744 3611 cogitabant
753 3546 838 3613 atque
847 3541 939 3613 cupie-
979 3536 1111 3590 intimare
1120 3536 1224 3590 curavi·
1237 3535 1371 3606 Quisquis
1384 3535 1480 3606 itaque
1492 3535 1573 3590 iobis
1586 3538 1780 3592 contradatis

138 3625 324 3694 bant,nonita
331 3632 364 3681 nt
374 3628 507 3698 putabam
516 3627 820 3699 quodoblatumfuerat
828 3646 940 3701 accepe-
981 3642 1042 3697 quae
1057 3626 1169 3680 narravi
1179 3625 1252 3680 forte
1266 3625 1401 3691 narravit,
1418 3630 1469 3679 aut
1477 3626 1630 3693 mentitur,
1647 3634 1698 3682 aut
1710 3627 1778 3682 falli·

140 3715 282 3781 runt3sed
291 3716 365 3770 inter
373 3732 402 3769 se
411 3715 618 3786 aliquantulum
631 3717 821 3784 mussitantes,
831 3719 938 3789 petire·
980 3721 1028 3769 tur
1041 3717 1133 3784 (Aug,
1151 3717 1264 3784 epistola
1274 3712 1348 3783 tib).
1365 3731 1378 3766 a
1393 3715 1458 3768 llaec
1468 3715 1540 3785 ipse.

142 3807 210 3854 runt
223 3806 256 3855 ut
269 3802 420 3857 adderetur
430 3803 705 3874 eidempromissioni
714 3810 798 3876 atque
802 3807 938 3876 jurationi
1015 3802 1409 3868 QuodautemAlbinalitteris
1415 3817 1571 3874 conquesta
1577 3805 1779 3876 essetprimnm

142 3893 175 3943 ut
184 3888 207 3942 si
219 3890 330 3960 quando
340 3890 381 3944 illi
389 3891 425 3944 ad
435 3892 642 3962 suscipiendum
651 3893 811 3948 clericatum
822 3912 939 3951 consen·
980 3893 1113 3948 adversus
1125 3892 1325 3963 Augustinum,
1335 3892 1410 3963 quod
1420 3892 1453 3946 ud
1462 3893 1622 3963 jurandum
1635 3893 1778 3950 Pinianum

142 3977 197 4032 tire
207 3978 366 4049 placuisset,
378 3979 489 4034 nonnisi
499 3980 937 4053 ipsaHipponensiecclesiacon·
979 3975 1148 4049 induxissem
1163 3980 1293 4053 quodque
1308 3981 1392 4036 etiam
1408 3981 1456 4035 illa
1470 3982 1641 4053 suggillaret
1652 3984 1778 4056 populum

143 4068 270 4124 sentiret.
280 4068 373 4125 Retuli
383 4069 417 4123 ad
428 4086 503 4138 eum,
515 4070 575 4125 sine
584 4070 759 4127 dubitatione
770 4074 878 4129 annuit.
887 4076 940 4130 Re·
982 4071 1190 4143 Hipponensem
1206 4085 1302 4125 amore
1311 4070 1434 4124 illectum
1448 4071 1575 4142 pecuniae
1584 4072 1681 4128 sirum
1689 4072 1780 4145 pradi-

144 4159 344 4226 nuntiariillis,
360 4159 446 4214 laetati
456 4165 531 4220 sunt.
548 4167 646 4216 etrnox
651 4162 824 4233 jurationem
833 4164 941 4234 pollici·
981 4160 1066 4215 ritem
1077 4159 1130 4213 sibi
1138 4158 1284 4213 vendicare
1293 4158 1429 4228 sategisse
1440 4177 1445 4211 :
1457 4174 1522 4213 cum
1532 4176 1566 4214 ex
1578 4158 1616 4214 iis
1632 4178 1667 4216 ex
1675 4161 1779 4234 obliquo

142 4253 201 4301 tam
206 4253 398 4320 poposcerunt
405 4249 517 4303 Reverti
523 4249 786 4305 adfiliumnostrum
793 4251 940 4309 finianum
981 4248 1131 4320 Augustini
1144 4249 1220 4303 fama
1233 4247 1426 4318 impeteretur,
1441 4247 1516 4302 idem
1530 4250 1713 4320 Augustinus
1722 4266 1780 4306 cum

144 4354 264 4413 eumque
276 4337 370 4392 inreni
380 4338 562 4393 fluctuantem
577 4338 745 4410 quibusnam
763 4340 853 4395 verbis
867 4357 941 4394 com·
981 4355 1031 4408 pro
1046 4355 1076 4392 se
1088 4344 1151 4392 turn
1162 4353 1212 4409 pro
1224 4336 1430 4408 populoeudem
1439 4336 1560 4409 epistola
1573 4341 1779 4395 excusationem

143 4426 280 4498 prehendi
292 4432 384 4498 posset
399 4428 447 4482 illa
462 4444 526 4482 cum
541 4428 680 4499 juratione
695 4428 852 4499 promissio,
866 4426 1113 4502 propDattexuit.
1130 4427 1164 4482 Et
1177 4426 1252 4480 inter
1263 4425 1320 4479 alia
1333 4425 1402 4480 illud
1416 4425 1548 4493 inculcat,
1564 4443 1595 4482 se
1608 4429 1680 4484 olim
1700 4431 1779 4484 civem

143 4521 187 4572 ter
201 4516 381 4571 necessitates
394 4516 544 4582 irruentes,
557 4534 618 4588 quae
629 4524 743 4589 possent
756 4534 820 4572 eum
833 4524 864 4573 ut
879 4518 939 4573 abs·
979 4517 1180 4587 Tagastensem
1188 4515 1316 4569 eamdem
1323 4514 1378 4568 vim
1385 4512 1420 4569 ab
1428 4513 1606 4585 Hipponensi
1614 4520 1720 4590 populo
1725 4535 1780 4590 pas-

143 4607 369 4676 cederetcogerc.
382 4605 561 4660 Simulatiam
568 4605 635 4677 quid
643 4605 756 4661 timeret
763 4607 893 4671 ostendit,
902 4624 938 4662 ne
979 4623 1041 4661 sum
1057 4622 1127 4673 esse,
1143 4621 1198 4659 non
1213 4605 1269 4659 alia
1283 4604 1394 4675 quidem
1405 4621 1438 4658 ex
1448 4621 1535 4659 causa
1544 4606 1603 4660 illis
1614 4608 1652 4663 ad
1664 4610 1694 4663 id
1704 4625 1781 4681 agen-

144 4695 206 4766 quis
218 4693 348 4750 irruisset
361 4695 470 4749 hostilis
478 4694 615 4761 incursus,
627 4695 676 4765 qui
686 4701 760 4750 esset
772 4696 939 4752 discessione
980 4696 1047 4749 dum
1066 4694 1203 4765 impulsis,
1221 4710 1304 4766 quarn
1318 4693 1441 4765 pietatis,
1458 4699 1590 4765 utquam
1608 4697 1704 4752 virum
1713 4697 1780 4769 frugi

143 4785 282 4839 vitandus.
300 4782 417 4837 Volebat
428 4782 492 4838 addi
503 4787 599 4837 sancta
612 4783 733 4838 Melania
743 4790 771 4840 et
782 4785 855 4840 acris
868 4802 942 4841 mor·
981 4789 1122 4856 putarent,
1139 4783 1269 4838 eumdem
1274 4780 1469 4854 presbyterum
1476 4781 1529 4836 sibi
1536 4786 1725 4855 praeficerent.

143 4871 202 4927 bidi
217 4873 418 4940 causationem,
427 4873 475 4928 sed
490 4873 565 4929 illius
575 4875 757 4945 responsione
771 4876 941 4946 reprehensa
1018 4873 1073 4928 Sed
1078 4874 1138 4943 jam
1147 4872 1240 4944 ipsum
1253 4870 1429 4926 audiamus«
1441 4871 1590 4936 Quomodo
1599 4875 1778 4948 ergo[inquit]

144 4961 257 5031 est.Ego
274 4966 368 5016 autern
382 4962 438 5017 dixi
459 4979 571 5033 gravem
587 4962 622 5016 ab
638 4962 686 5017 illa
699 4968 728 5017 ct
741 4979 798 5017 non
815 4969 940 5018 contem·
982 4961 1052 5017 dicis
1066 4962 1119 5016 hoo
1135 4978 1181 5016 eos
1195 4960 1293 5015 fecisse
1306 4959 1469 5032 turpissimo
1493 4962 1625 5033 appetitu
1643 4964 1778 5036 pecunie?

144 5049 266 5103 nendam
280 5067 392 5106 causam
408 5052 582 5107 necessitatis
608 5053 756 5123 ingestam,
783 5069 844 5124 quae
868 5053 941 5108 circs
982 5051 1076 5105 Primo
1091 5050 1158 5122 quia
1172 5049 1208 5104 ad
1222 5048 1341 5121 plebem,
1357 5065 1417 5120 quae
1433 5048 1583 5117 clamabat,
1601 5055 1719 5110 omnino
1729 5068 1777 5108 non

145 5137 230 5192 etiam
242 5138 380 5209 emigrare
391 5142 580 5212 compelleret,
589 5142 637 5196 sed
650 5141 674 5195 si
687 5144 744 5196 haec
755 5142 857 5212 populo
868 5142 942 5196 dicc-
982 5141 1114 5212 pertinet.
1135 5139 1213 5194 Sicut
1224 5138 1299 5193 enim
1313 5137 1391 5208 plebs
1404 5138 1598 5209 Tagastensis,
1616 5142 1653 5198 dc
1667 5143 1711 5198 his
1723 5158 1775 5215 qua

144 5232 251 5292 rentur,
263 5226 420 5283 timendum
432 5246 492 5284 esse
506 5247 540 5285 ne
555 5231 628 5285 male
640 5247 690 5285 nos
702 5230 821 5284 ominari
836 5230 942 5286 ridere·
982 5228 1160 5283 consuluistis
1167 5227 1472 5298 EcclesiaeTagastensi,
1484 5244 1543 5282 non
1557 5230 1646 5286 habet
1657 5232 1710 5288 nisi
1716 5247 1775 5303 gan

145 5332 226 5383 mur3
253 5315 276 5369 si
292 5321 386 5370 autem
401 5318 453 5372 sub
468 5319 641 5374 necessitatis
664 5319 776 5374 nomine
799 5320 879 5374 fieret
893 5336 941 5374 ox·
982 5319 1059 5372 diurn
1075 5318 1139 5372 boni
1153 5317 1245 5388 operis
1259 5314 1361 5381 vestri3
1378 5315 1417 5370 sic
1430 5321 1459 5370 et
1473 5317 1679 5390 Hipponensis,
1693 5328 1720 5376 et
1731 5336 1773 5375 cu·

144 5404 261 5472 cusatio,
278 5405 389 5458 nonnisi
404 5405 611 5461 fraudulentam
626 5408 821 5463 necessitatem
836 5408 938 5479 putari.
979 5406 1096 5478 juslibet
1110 5406 1227 5460 alterius
1241 5404 1304 5472 loci,
1321 5403 1369 5459 ubi
1389 5405 1424 5459 de
1442 5422 1608 5463 mammona
1624 5408 1773 5482 iniquitatis

183 5513 195 5545 a
211 5493 320 5548 Placuit
328 5498 421 5547 tamen
432 5500 464 5548 ut
470 5496 504 5549 de
518 5496 570 5550 hac
580 5513 610 5551 rc
619 5497 713 5568 populi
719 5497 844 5551 animum
860 5513 940 5569 cxpe·
981 5496 1092 5550 Domini
1102 5493 1406 5567 praceptafecistis‚rel
1418 5494 1485 5550 estis
1495 5496 1661 5570 ubicunque
1672 5497 1771 5554 facturi.

144 5584 308 5651 riromur,et
317 5583 386 5639 nibil
394 5582 470 5639 aliud
481 5600 564 5656 quarn
574 5586 647 5656 (quod
655 5590 852 5656 putaveramus
862 5586 941 5640 inre·
982 5586 1043 5639 Non
1052 5601 1118 5655 crgo
1128 5583 1331 5655 populus,atdc
1346 5588 1426 5638 tanto
1437 5583 1495 5639 siro
1505 5584 1769 5644 Ecclesiaeconsnle·
