3818 6120
63 231 129 323 liiii
614 236 736 293 VERBA
755 237 954 297 SENIORUM.
973 239 1145 312 NOTATIO·
1634 235 1703 295 luat

56 360 152 412 autem
166 357 228 428 ejus
243 357 291 413 ille
301 358 389 416 laicus
403 359 526 424 erubuit,
542 362 636 418 ridens
655 379 721 418 eum
741 365 1009 433 nudum;ACessate
1019 368 1090 438 jam.
1111 365 1146 419 Et
1161 379 1224 419 ecce
1241 369 1324 418 erant
1340 362 1476 436 manipuli
1489 361 1589 436 messis
1603 361 1699 417 tritici.

56 452 86 501 et
100 446 209 517 rogavit
222 447 351 504 homines
369 449 441 518 illos,
455 451 565 506 dicens:
583 453 776 520 Revertimini,
793 454 860 526 quia
899 457 1021 529 Ideoque
1040 455 1097 510 dixi
1108 453 1195 518 vobis,
1209 453 1264 508 nisi
1273 459 1302 508 et
1316 453 1445 508 manibus
1458 452 1560 507 vestris
1570 452 1701 525 palpave-

55 552 141 591 senex
164 537 217 591 iste
235 543 330 592 mente
353 538 484 623 excessit3
502 541 673 612 veniensque
696 544 732 597 ad
750 560 855 611 senem,
900 545 971 612 ritis,
981 546 1068 600 nolite
1082 543 1236 599 testificari.

54 625 126 681 dixit
140 625 166 680 ei
183 643 189 678 :
206 625 278 690 Quid
299 627 351 681 hoc
370 627 482 684 fecisti?
499 630 603 685 Omnes
618 631 695 685 enlin
710 631 854 687 dicebant:
936 633 980 692 37.
998 634 1133 690 Dicebant
1150 632 1185 687 de
1198 632 1319 705 quodam
1340 633 1436 699 fratre,
1456 631 1523 704 quia
1535 630 1651 685 sedebat
1671 630 1701 684 in

55 713 128 780 Quia
140 714 310 772 daemonium
323 716 409 773 habet
419 735 503 774 senex
517 720 577 775 ista.
593 720 646 785 Qui
658 721 729 776 dixit
743 739 749 774 :
762 720 799 776 Et
807 739 859 794 ego
900 741 1004 790 eremo,
1022 730 1050 779 et
1061 720 1273 778 seducebatura
1288 721 1461 777 demonibus
1475 738 1526 793 per
1539 737 1628 775 annos
1637 719 1701 791 plu·

53 803 182 859 volebam
193 806 245 859 hoc
256 806 364 861 audire.
898 815 994 880 rimas,
1021 815 1081 886 ipse
1096 829 1162 868 vero
1182 811 1369 879 existimabat,
1393 812 1460 883 quia
1485 810 1578 881 angeli
1597 814 1700 864 essent.

89 891 135 948 36.
164 895 412 966 Interrogaveruat
433 898 547 970 quidam
576 900 700 955 seniores
726 899 856 956 abbatem
896 903 1103 975 Egrediebatur
1115 905 1209 956 autem
1231 904 1312 971 pater
1325 902 1387 970 ejas
1407 899 1565 954 secundum
1587 914 1701 952 carnem

53 983 211 1049 Pastorem,
233 984 376 1040 dicentes:
395 987 424 1042 Si
439 987 591 1053 viderimus
601 989 724 1061 aliquem
739 990 856 1046 fratrem
897 1010 948 1066 per
955 1001 1075 1064 tempus,
1085 990 1251 1047 etvisitabat
1259 991 1402 1047 eumUna
1410 995 1505 1044 autem
1515 987 1625 1042 dierum
1634 986 1701 1041 tulit

53 1077 227 1144 peccantem,
251 1090 403 1144 arguemus
427 1078 514 1133 euml
529 1077 686 1148 Respondit
708 1078 748 1133 eis
771 1078 856 1134 abbas
897 1083 1047 1155 bipennem
1069 1098 1174 1146 secum,
1191 1081 1285 1136 dicens
1305 1099 1310 1133 :
1327 1080 1400 1145 Quia
1418 1083 1562 1133 revertens
1581 1078 1699 1131 alleram

53 1161 171 1216 Pastor:
185 1161 242 1232 Ego
253 1162 367 1219 interim
381 1165 404 1218 si
414 1182 527 1220 necesse
539 1173 582 1221 est
592 1167 711 1222 transire
720 1185 770 1239 per
780 1167 855 1234 inde,
898 1173 967 1227 mihi
984 1188 1072 1244 pauca
1089 1171 1173 1241 ligna.
1195 1169 1229 1224 Et
1244 1169 1416 1241 praeveniens
1440 1184 1514 1223 naus
1528 1167 1698 1230 daemonum,

52 1254 83 1304 et
97 1249 191 1304 nidero
206 1268 270 1306 eum
286 1260 457 1324 peccantem,
483 1262 627 1327 praetereo,
645 1263 674 1311 et
688 1273 743 1311 non
768 1274 857 1329 arguo
898 1262 967 1316 dixit
978 1247 1016 1315 ad
1028 1261 1118 1315 silium
1132 1260 1193 1330 ojus
1211 1276 1217 1310 :
1241 1257 1312 1313 Ecce
1330 1257 1458 1312 diabolus
1481 1255 1558 1310 venit
1574 1255 1609 1308 ad
1624 1258 1653 1307 te
1668 1254 1699 1306 in

53 1340 192 1394 eamzsed
202 1341 269 1411 quia
282 1342 417 1414 scriptum
430 1352 473 1399 est
486 1363 490 1398 :
505 1346 791 1410 Quaerideruntoculi
803 1347 855 1415 tui,
898 1350 1113 1407 similitudinem
1131 1348 1220 1420 patris
1233 1348 1285 1414 tui,
1301 1345 1408 1401 habens
1422 1345 1573 1417 bipennem
1582 1342 1611 1396 in
1623 1358 1700 1414 spor-

54 1427 101 1483 his
115 1429 309 1485 testimonium
324 1433 438 1504 perhibe
451 1437 542 1506 (Prov.
556 1440 635 1503 xxv),
652 1435 716 1490 ideo
730 1453 782 1508 ego
796 1437 857 1492 dico
898 1445 928 1495 ta
947 1457 1006 1504 sua,
1024 1445 1057 1494 ut
1069 1439 1216 1510 impugnet
1230 1442 1258 1491 te
1275 1455 1281 1490 ε
1297 1443 1329 1491 tu
1344 1452 1411 1506 ergo
1436 1433 1616 1506 preveniens,
1632 1430 1700 1484 tolle

53 1515 143 1583 vobis,
161 1519 228 1590 quia
242 1520 332 1575 sinon
345 1524 524 1594 palpaveritis
539 1524 669 1579 manibus
685 1526 796 1592 vestris,
809 1542 859 1581 no·
897 1530 1048 1602 bipennem
1058 1527 1093 1582 ab
1107 1544 1150 1593 eo,
1163 1533 1192 1581 et
1205 1542 1332 1598 repugna
1341 1525 1431 1579 illum.
1444 1523 1535 1594 Igitur
1548 1526 1629 1593 pater
1639 1521 1699 1588 ejus

54 1605 105 1661 lite
119 1609 274 1662 testificari.
290 1611 447 1682 Aliquando
460 1615 536 1668 enim
551 1614 665 1685 quidam
675 1614 763 1669 irater
773 1616 857 1670 sedu-
898 1621 974 1674 venit
993 1614 1401 1678 secundumconsuetudinem,
1418 1617 1447 1666 et
1461 1611 1600 1681 accipiens
1622 1609 1698 1663 silius

55 1698 119 1750 ctus
130 1702 172 1751 est
182 1697 412 1769 inhuJ'uscemodi
423 1708 498 1768 re,et
512 1703 642 1775 apparuit
652 1703 677 1758 ei
693 1704 773 1775 quasi
783 1706 857 1776 quod
867 1688 987 1781 Bipsius
1001 1706 1150 1779 bipennem
1161 1704 1196 1760 ab
1211 1705 1280 1776 ipso,
1297 1701 1435 1775 percussit
1450 1717 1525 1765 cum,
1541 1704 1570 1753 et
1588 1697 1699 1753 occidit.

56 1783 146 1839 frater
160 1787 274 1858 quidam
287 1805 350 1843 cum
364 1790 480 1845 muliere
496 1799 631 1864 peccaret.
648 1793 778 1858 Quicum
790 1794 860 1849 mul·
900 1797 935 1852 Et
949 1796 1081 1852 continuo
1096 1794 1213 1850 adhaesit
1227 1794 1252 1849 ei
1266 1793 1383 1865 spiritus
1393 1790 1543 1861 malignus,
1559 1794 1588 1844 et
1597 1787 1698 1842 alloca-

57 1874 860 1951 tuinimpugnareturacogitationibus,existimanseimul
901 1886 941 1941 iit
954 1902 1029 1940 eum.

58 1979 107 2018 eos
121 1965 205 2032 coire,
230 1965 300 2021 abiit
325 1971 353 2021 et
366 1969 488 2040 pulsarit
509 1987 556 2024 eos
571 1971 641 2042 pede
656 1988 717 2039 suo,
737 1973 833 2028 dicens
851 1993 856 2028 :

686 2089 880 2146 ROSWHYDI
903 2089 1073 2147 NOTATIO.

95 2184 192 2245 om
208 2180 243 2247 (Ι)
264 2183 464 2256 Iamidarum]
486 2185 529 2238 lta
549 2185 714 2240 Parisiensis
733 2187 819 2242 editio
832 2195 861 2244 et
902 2189 957 2245 iias
982 2195 1087 2255 nostor,
1112 2190 1215 2251 nonita,
1240 2202 1256 2240 a
1280 2188 1365 2257 νέμω
1388 2183 1463 2239 ande
1484 2199 1555 2251 vopei
1577 2184 1615 2261 et¹
1628 2197 1701 2249 νομαι

60 2248 114 2306 Hs.
127 2251 330 2322 Aquicinctin.;
343 2254 493 2309 sedGeim.
503 2257 599 2322 editio,
608 2260 779 2312 incardium.
788 2260 861 2331 Lug·
901 2261 1107 2333 AEgyptiorum,
1119 2262 1151 2313 ut
1163 2257 1252 2313 intelli
1290 2263 1338 2312 tui·
1356 2263 1433 2311 certa
1448 2259 1530 2309 terrae
1544 2255 1645 2322 portio.

61 2320 179 2386 dunen,
189 2326 358 2378 incardium.
367 2326 410 2380 An
422 2343 477 2380 non
488 2327 562 2382 idem
576 2328 651 2399 quod
662 2329 765 2383 Graecis
776 2328 861 2401 ἐγκάρ-
939 2337 972 2402 (7)
983 2333 1120 2386 [ilminat
1131 2347 1172 2383 iiic
1181 2331 1254 2383 lii'iic.
1273 2328 1397 2382 Verbum
1412 2329 1521 2380 minare
1532 2327 1701 2404 usurpatum

60 2395 133 2447 broi?
168 2395 221 2449 nod
236 2396 361 2450 medium
379 2399 515 2470 cujusque
530 2400 581 2463 rei,
605 2417 654 2454 seu
669 2400 782 2454 interna
795 2418 861 2472 pars
902 2420 959 2458 non
978 2400 1172 2456 ecclesiasticis
1195 2405 1306 2454 tantum
1328 2395 1520 2471 scriptoribus,
1538 2394 1586 2448 sed
1614 2397 1700 2447 etiam

61 2412 462 2549 etmegullacojusqueligni,
480 2470 863 2552 quodalionominedicitur
902 2474 1038 2546 profanis.
1056 2472 1124 2528 Vide
1140 2472 1286 2526 Onomast.
1557 2537 1563 2549 ¹
1643 2534 1648 2545 Ι
1691 2533 1698 2545 ,

61 2532 201 2608 ἕντεριώνη.
220 2538 263 2593 su
280 2539 325 2592 hic
344 2537 470 2610 ἐγκάρδιον
485 2558 514 2595 in
529 2542 631 2613 palma.
651 2543 721 2596 Vide
738 2542 862 2598 Onoma-
940 2544 973 2615 (8)
992 2544 1166 2613 Tciiiporilius
1176 2540 1311 2609 Iuliani]
1325 2539 1362 2595 lle
1376 2543 1490 2593 auctore
1506 2553 1580 2591 necis
1594 2535 1700 2590 Juliani

62 2607 163 2662 meon·
902 2618 980 2671 varia
990 2621 1135 2670 auctorum
1144 2612 1252 2667 relatio.
1264 2611 1334 2666 Vide
1345 2609 1498 2664 Baronium
1512 2612 1588 2663 tomo
1599 2607 1637 2661 lV
1646 2606 1702 2660 Aa·

93 2677 133 2748 (dt
156 2682 227 2747 Quia
252 2682 406 2752 virtatem]
428 2682 498 2737 Vide
514 2681 590 2738 dicta
603 2701 698 2756 supra,
719 2685 791 2740 libro
805 2704 813 2741 1
825 2688 861 2741 ad
902 2690 960 2754 nal,
972 2687 1083 2758 copiose
1097 2685 1148 2739 hac
1158 2684 1192 2738 de
1206 2701 1237 2738 re
1251 2687 1391 2754 agentem.
1694 2746 1700 2759 Ι

61 2749 260 2806 Vitamsancti
278 2752 402 2817 Antonii,
419 2769 480 2824 cap.
503 2752 546 2819 37,
562 2772 641 2810 num,
659 2755 702 2820 78,
721 2758 867 2828 quomodo,
939 2757 975 2830 (a)
993 2755 1069 2838 Hor]
1097 2756 1195 2811 Frater
1214 2756 1335 2810 loannes
1354 2752 1450 2817 llario,
1480 2749 1615 2832 magister
1629 2764 1702 2803 sacri

61 2823 192 2893 quaedam
208 2823 283 2877 inter
298 2821 467 2895 baptismum
487 2831 516 2880 et
541 2827 699 2897 ingressum
717 2829 861 2900 religionis
903 2824 1291 2893 Palatii‚inmdicelibrorum
1302 2821 1702 2902 expurgandorumhicnotat:

60 2893 101 2947 sit
115 2894 279 2950 similitudo.
902 2902 955 2957 Hic
969 2906 1012 2954 est
1025 2898 1072 2953 ille
1083 2899 1123 2953 Or
1134 2894 1462 2964 haereticusOrigenista,
1475 2893 1555 2962 cujus
1567 2892 1671 2945 Hieron
1692 2919 1703 2930 ·

102 2962 142 3037 (3)
154 2966 227 3019 daris
241 2970 413 3035 peregrinus,
427 2972 451 3021 ct
465 2984 539 3022 uuus
552 2970 747 3041 i'iiclioris.]lta
757 2972 823 3026 Mss.
833 2978 862 3028 et
902 2990 965 3028 mus
980 2970 1109 3025 meminit
1119 2969 1154 3023 ad
1167 2967 1389 3038 Ctesiphontem,
1416 2979 1481 3018 uem
1490 2980 1540 3045 pro
1553 2966 1673 3043 sanctoo

61 3040 173 3090 veteres
187 3036 332 3092 editiones.
350 3039 404 3093 Pro
421 3039 553 3106 incliori's,
578 3040 742 3096 Parisiensis
763 3043 858 3109 editio,
901 3044 1016 3099 trudere
1035 3047 1151 3095 conatus
1167 3045 1209 3093 est
1226 3036 1392 3092 miserabilis
1429 3050 1553 3105 vagrius3
1591 3046 1703 3086 uocirca

63 3111 167 3162 incola.
177 3109 254 3163 Bona
264 3109 376 3180 quidem
389 3116 475 3164 estea
485 3110 688 3181 interpretatio,
701 3114 749 3168 sed
765 3119 862 3169 auctor
902 3114 1009 3170 umbrae
1022 3114 1158 3167 virtutum
1169 3112 1230 3180 ojus
1244 3110 1273 3163 iii
1289 3113 1402 3162 ventum
1412 3104 1552 3159 abierant.
1587 3107 1702 3157 actenus

62 3195 133 3234 usus
149 3186 193 3234 est
203 3197 268 3234 voce
280 3181 449 3244 Graecanica,
467 3179 589 3253 ἐῃιηρής.
607 3183 652 3237 Sic
664 3183 692 3238 in
704 3185 791 3239 sacris
807 3184 863 3240 Lit-
903 3185 1141 3241 illectionum
1162 3182 1245 3247 rium,
1265 3180 1313 3235 sed
1328 3179 1704 3258 Ruifinumnauctoremtessc

64 3250 143 3316 teris,
169 3251 354 3306 Ecclesiastici
369 3269 413 3311 xx.
430 3253 514 3306 dorio
529 3255 650 3318 acharis,
666 3259 747 3322 quasi
765 3258 862 3323 subido
903 3257 968 3313 libri
982 3270 1001 3310 ιι
1013 3257 1047 3310 de
1060 3255 1133 3309 Vitis
1171 3258 1274 3317 atram,
1288 3251 1317 3305 in
1329 3251 1409 3321 cujus
1423 3247 1541 3320 capite‘l
1555 3249 1660 3300 mentio
1671 3245 1704 3299 llt

64 3338 149 3376 aona.
165 3322 238 3377 Male
253 3323 363 3377 incdit.
376 3322 532 3377 Coloniensi
547 3329 575 3377 et
589 3325 707 3395 Speculo
717 3312 893 3399 Exemplo·C
904 3327 1010 3385 Horvel
1024 3328 1071 3392 Or,
1087 3325 1168 3379 docui
1181 3324 1242 3379 tuse
1257 3323 1455 3394 prolegomeno
1468 3318 1594 3402 generali
1604 3316 1629 3372 l.
1645 3387 1649 3396 Ι
1667 3386 1673 3396 ⁴

66 3409 129 3448 nim
144 3398 286 3464 postremo
295 3394 448 3464 recognito,
459 3398 490 3448 i'ii
509 3397 607 3448 cli-oris.
623 3395 689 3450 Vide
706 3398 864 3453 Onomasti-
940 3398 992 3466 llo)
1010 3396 1196 3465 levitionem]
1221 3396 1262 3449 lta
1287 3393 1351 3449 liss-
1368 3398 1396 3447 et
1419 3392 1590 3470 Parisiensis·
1604 3387 1703 3442 editio.

65 3480 130 3519 con.
906 3470 980 3526 Editi
996 3469 1111 3540 quidam
1128 3469 1282 3529 lebcloiicui,
1295 3464 1343 3519 alii
1360 3466 1513 3517 tadilonem.
1525 3461 1611 3515 Vario
1621 3458 1705 3540 modo

104 3531 141 3605 tl)
154 3536 205 3589 lile
219 3534 353 3609 impius]
367 3536 437 3590 Vide
451 3536 525 3591 dicta
539 3536 574 3590 ad
594 3536 689 3592 Vitam
703 3539 792 3593 sancti
809 3540 863 3594 Pa·
906 3558 1008 3596 nomen
1024 3540 1077 3594 hoc
1095 3537 1199 3592 Grecis
1213 3536 1348 3607 scriptum
1363 3540 1392 3589 et
1403 3534 1517 3599 elatum,
1535 3530 1609 3587 unde
1623 3533 1652 3584 et
1673 3545 1704 3582 in

66 3605 172 3662 chomii
186 3622 246 3677 cap.
264 3605 308 3672 39,
325 3623 404 3662 num.
426 3607 469 3671 39,
496 3608 636 3680 quomodo
659 3611 805 3682 sepultura
830 3612 866 3666 ad
906 3613 1007 3668 Latino
1021 3610 1177 3666 diversitas.
1192 3607 1262 3663 Vide
1274 3605 1484 3662 Onomasticon.

66 3676 214 3750 premium
229 3678 271 3732 vel
290 3694 401 3750 poenam
418 3678 551 3735 conterat.
655 3726 659 3735 .
944 3681 1326 3752 (li)liidaytliuiii,ubisuiit
1337 3670 1705 3753 uxxurborespulmerumd

103 3750 142 3815 (5)
169 3748 283 3816 Cprioii.
309 3750 394 3804 Varia
410 3749 454 3804 hic
471 3751 553 3807 lectio
568 3757 638 3816 erat,
654 3759 688 3809 ut
702 3754 815 3810 difficile
829 3755 866 3810 sit
906 3753 1139 3824 Menologiumti
1148 3743 1703 3823 januarii,dehlartyribus43inRaitho:

67 3835 165 3874 verum
179 3835 280 3874 nomen
291 3821 573 3878 eruerel‘arisiensis
584 3824 731 3879 Histiri'ou.
745 3827 796 3880 Ms.
807 3828 865 3881 Au·
908 3845 921 3879 c
937 3826 990 3882 Ubi
1004 3831 1069 3880 sant
1087 3839 1124 3878 xii
1137 3823 1228 3877 fontes
1245 3827 1274 3876 et
1292 3837 1343 3874 cxx
1363 3818 1476 3873 arbores
1504 3817 1673 3897 palmarum,
1692 3831 1704 3864 i

67 3890 305 3958 domar.0yrion,
342 3910 407 3947 uam
422 3895 534 3949 retinui.
551 3895 582 3950 ld
597 3911 699 3948 nomen
713 3897 809 3950 militis
823 3914 867 3951 oc·
907 3915 968 3980 quae
986 3897 1016 3952 in
1031 3895 1143 3951 Menaeis
1155 3895 1194 3947 ita
1205 3894 1300 3947 Graece
1315 3890 1508 3970 habenturln
1519 3886 1706 3943 sacrisLitte·

66 3963 156 4017 currit
170 3961 198 4016 ia
207 3910 408 4035 llartyrvogio
419 3966 598 4030 Romssedae,
610 3965 740 4032 Usuardi,
751 3967 864 4034 Adonis,
905 3986 945 4023 ris
983 3969 1121 4022 elmerum
1134 3965 1234 4019 harum
1248 3963 1353 4017 mentio
1367 3967 1409 4016 est
1419 3960 1504 4015 Exodi
1517 3977 1559 4041 xv,
1569 3973 1624 4029 quo
1634 3957 1706 4011 allu=

66 4033 199 4098 thauri,
216 4035 263 4105 qui
278 4034 355 4090 Saba.
381 4036 519 4091 aeLicinio
530 4037 597 4108 imp.
610 4037 725 4090 allectus
736 4043 779 4091 est
794 4055 867 4092 mar·
907 4040 949 4095 dit
959 3986 1037 4094 divas
1054 4038 1251 4107 Hieronymus,
1269 4033 1351 4104 epist.
1368 4034 1394 4096 4,
1412 4032 1448 4085 ad
1461 4032 1626 4112 Rusticum:
1643 4047 1654 4080 i
1673 4028 1708 4081 Et

67 4106 153 4177 tyrio.
170 4106 240 4159 item
255 4107 360 4161 aliast
397 4108 476 4162 Febr.
496 4108 587 4163 officio
622 4106 756 4178 resbyter,
771 4109 867 4163 laurea
907 4110 1144 4181 interpalmarum
1156 4107 1270 4161 arbores
1278 4101 1708 4175 myrrhaeamaritudomonstra·

67 4184 179 4248 martyr
201 4176 228 4230 id
250 4194 284 4231 ue
309 4179 492 4233 Alexandriae.
512 4180 594 4234 Forte
629 4182 653 4232 ic
674 4178 734 4249 ipse
760 4186 864 4247 noster,
907 4187 1031 4235 tacet.»
1472 4242 1478 4254 ‚
1578 4241 1584 4253 .

68 4248 117 4319 qui
132 4248 159 4302 iri
176 4195 271 4319 Seniani
281 4249 355 4319 apud
368 4250 566 4304 Alexandriam
582 4249 658 4303 vixit.
671 4249 786 4317 Raiba,
795 4252 867 4305 libro
946 4249 998 4319 iil)
1011 4250 1262 4319 ¹licicai·i'o.ll“rater
1276 4246 1398 4300 loannes
1410 4245 1498 4298 Maria
1507 4240 1708 4296 Brasichellen·

68 4334 87 4373 ii
99 4319 253 4390 Hist.,cap.
265 4319 291 4384 8,
310 4320 470 4390 Scyrionem
482 4323 650 4377 monachum
664 4319 750 4376 habet
760 4321 869 4393 inhpe·
908 4322 956 4387 sis,
975 4322 1023 4392 qui
1037 4337 1132 4392 supra,
1146 4314 1193 4375 hic
1214 4321 1294 4373 notat
1311 4335 1316 4370 :
1334 4316 1542 4397 circumspecte
1560 4313 1621 4382 lege
1636 4313 1708 4366 hanc

69 4389 137 4445 liote
152 4406 201 4444 suo
217 4395 343 4462 tempore
358 4392 536 4446 monacham.
909 4394 944 4447 de
957 4392 1052 4447 cranio
1063 4391 1328 4460 allacarioreperto
1341 4393 1533 4441 narrationem
1544 4399 1624 4449 ;nam
1633 4381 1708 4455 quod

105 4460 148 4515 Ad
163 4460 344 4516 hancsenum
378 4463 567 4518 raedictionem
581 4476 625 4516 res
647 4461 702 4530 icit,
718 4468 749 4517 ut
759 4463 868 4546 opinor,
910 4464 1091 4535 complacitis
1102 4459 1332 4532 meologiahaud
1346 4463 1421 4512 recte
1436 4456 1583 4537 cohaereat,
1596 4458 1656 4536 uta
1676 4469 1708 4507 o·

68 4532 233 4587 Theodorus
246 4479 451 4588 Alexandrinus
464 4533 612 4601 abbasapu
645 4533 869 4605 Sophroniumin
910 4535 1016 4608 crypha
1030 4551 1047 4589 a
1059 4533 1155 4588 multis
1175 4532 1310 4604 rejicitur.
1327 4529 1397 4584 Vide
1408 4528 1622 4589 Bellarmmum,
1636 4471 1709 4607 ligre

70 4603 341 4676 PratoSpirit.,cap.
351 4605 677 4675 bl:‹Venimus,inquit
685 4605 867 4676 Sophronias,
911 4620 932 4660 ii
958 4606 993 4659 de
1017 4605 1194 4676 Purgatorio,
1211 4619 1271 4674 cap.
1296 4600 1341 4657 18.
1368 4599 1424 4682 §ed
1442 4598 1571 4653 eamdem
1589 4597 1708 4669 explicat

69 4675 390 4746 posteaThercmithem
405 4676 440 4730 ad
455 4677 584 4731 abbatem
595 4677 772 4730 Theodorum
787 4677 864 4731 Alex·
910 4681 1024 4732 sanctus
1038 4677 1158 4730 Thomas
1168 4676 1197 4729 in
1212 4688 1238 4728 iii
1248 4672 1413 4739 Sent.,dist.
1425 4671 1470 4735 45,
1504 4669 1615 4750 Part.
1630 4668 1664 4749 8,Ι
1673 4667 1709 4721 ad

69 4745 232 4800 andrinum.
250 4746 355 4818 Aitque
369 4746 450 4802 nobis
462 4765 562 4802 senex.
575 4747 675 4810 Filioli,
693 4747 811 4801 multam
827 4750 945 4805 re-Div.
965 4748 1085 4802 Consule
1098 4748 1207 4802 Sixtum
1223 4745 1352 4809 Senens,
1371 4742 1496 4798 annoti
1518 4781 1525 4806 ,
1544 4737 1707 4796 tib.v}31b1.

69 4833 138 4871 nera
158 4817 341 4888 perdiderunt
361 4818 512 4889 Scythiotae
531 4817 660 4871 monachi
674 4818 756 4888 juxta
770 4835 870 4874 senum
911 4821 1054 4874 Hactenus
1069 4819 1125 4872 ille.
1607 4881 1613 4892 ¹

69 4887 290 4960 praedictionem.
302 4889 415 4943 Credite
429 4890 504 4944 enim
519 4888 599 4952 mihi,
612 4887 671 4951 filii,
688 4889 755 4957 quia
768 4906 872 4960 magna
948 4890 1100 4945 Historiam
1116 4890 1187 4944 hanc
1201 4886 1236 4941 de
1253 4885 1348 4941 cranio
1363 4885 1432 4940 citat
1451 4901 1483 4938 ex
1497 4883 1516 4937 l.
1535 4897 1563 4937 ii
1581 4883 1710 4936 Vitarum

69 4963 135 5014 erat
148 4960 269 5014 charitas
284 4960 358 5032 apud
381 4961 548 5032 scythiotas,
572 4975 674 5030 magna
689 4957 867 5029 abstinentia,
914 4963 1030 5016 Petrum
1045 4961 1195 5031 Dionysius
1205 4956 1417 5020 Carthusianus,
1433 4954 1527 5008 libello
1540 4954 1575 5008 de
1590 4959 1712 5024 quatuor

70 5047 119 5085 ma
161 5031 336 5089 adiscrotio.
913 5032 1080 5097 norissimiS,
1097 5037 1151 5085 art.
1178 5029 1221 5084 5‘2.
1249 5027 1376 5082 Breviate
1398 5034 1501 5087 tamen,
1526 5026 1659 5079 omittens
1677 5040 1712 5078 ea

109 5046 249 5171 [Athacum
263 5118 326 5156 cuni
340 5120 368 5158 eo
382 5108 480 5171 septum
492 5104 704 5174 iioiiii'au.]Quze
717 5105 774 5159 haec
786 5107 873 5160 uuiui'·
915 5120 975 5175 quae
990 5105 1034 5157 hic
1044 5103 1177 5156 dicuntur
1193 5100 1227 5154 de
1243 5098 1415 5153 relaxatione
1431 5113 1577 5168 poenarum
1592 5097 1709 5151 damna·

71 5190 120 5239 iio,
138 5189 193 5227 aon
204 5173 273 5228 satis
285 5173 374 5244 capio.
392 5174 421 5228 Si
435 5174 547 5229 Grecos
562 5176 673 5230 adesset
683 5182 783 5240 textus
801 5176 873 5231 forte
914 5181 1017 5240 torum,
1031 5173 1124 5239 credo,
1142 5171 1215 5244 quod
1229 5186 1289 5224 rein
1309 5185 1371 5222 eam
1387 5169 1461 5222 inter
1475 5169 1656 5223 scholasticos
1669 5167 1711 5221 ii·

70 5244 163 5299 lucem
176 5244 298 5316 aliquam
309 5246 431 5300 afferret.
447 5245 529 5316 Apud
544 5245 690 5317 Pelagium
705 5248 797 5302 libello
805 5262 870 5313 xvir,
913 5246 992 5301 deret
1005 5245 1347 5306 maximecontrovcrsam,
1360 5240 1427 5294 dum
1438 5240 1556 5311 quisque
1568 5256 1628 5294 rem
1640 5240 1712 5293 hanc

70 5331 152 5370 num.
164 5314 220 5370 20:
239 5338 247 5362 ι
265 5316 455 5388 Susceperunt
468 5325 575 5372 certum
591 5319 713 5388 spatium
727 5318 873 5389 sexaginta
912 5318 987 5372 inter
1006 5317 1092 5372 reteri
1105 5320 1230 5371 conatur.

71 5386 242 5452 modiorum,
273 5388 348 5458 quod
381 5393 526 5442 meterent.
557 5411 569 5436 i
594 5389 675 5460 Apud
703 5389 868 5454 Rulliniim,
949 5335 1147 5453 BeAAarininuS,
1167 5393 1243 5441 tomo
1254 5384 1425 5465 ll,controv.
1441 5382 1495 5445 al.
1507 5397 1537 5446 ii,
1554 5383 1588 5462 dc
1602 5382 1710 5462 Purga-

72 5473 160 5529 supra
176 5456 224 5511 lib.
240 5472 270 5523 ιι,
287 5476 348 5530 cap.
368 5457 409 5524 18,
425 5459 453 5513 in
475 5460 640 5531 Serapione:
659 5481 670 5511 r
687 5460 779 5532 Atque
795 5478 827 5514 ex
839 5478 872 5516 ea
913 5461 995 5527 torio,
1012 5477 1072 5532 cap.
1085 5459 1129 5524 18,
1147 5457 1314 5512 existimavit
1332 5471 1395 5509 eam
1413 5471 1471 5509 rem
1494 5469 1611 5534 repeirri
1636 5448 1710 5530 apud

103 5528 202 5584 arcade
221 5535 370 5601 octogenos
394 5547 466 5586 unus
487 5530 585 5603 uisque
609 5531 716 5586 modios
739 5532 872 5587 frumenti
913 5532 1004 5587 solum
1020 5533 1232 5592 Damascenum,
1248 5527 1419 5608 orationede
1433 5525 1591 5607 Defunctis;
1604 5526 1711 5592 etquis

73 5616 137 5672 pus
148 5599 242 5655 minus
264 5602 454 5674 conquireret.
468 5548 609 5657 handum
621 5608 717 5658 tamen
731 5620 764 5659 ex
778 5603 822 5658 his
836 5604 871 5659 li-
913 5603 960 5658 ille
975 5620 1008 5658 ex
1022 5601 1141 5658 Palladii
1156 5600 1274 5655 historia
1290 5599 1427 5654 Lausiaca
1440 5601 1517 5662 citat,
1529 5611 1559 5649 in
1570 5609 1625 5668 qua
1637 5607 1711 5647 aunc

74 5678 152 5743 quet,
168 5671 236 5745 quid
246 5671 438 5731 siatucmi'iio.
449 5673 623 5746 Suggerebat
634 5674 735 5732 Petrus
746 5674 871 5732 Larissa·
913 5690 970 5731 non
980 5678 1080 5742 exstat,
1096 5669 1264 5747 exishmavit
1278 5686 1339 5729 rom
1356 5669 1456 5726 salsam
1466 5670 1495 5724 et
1506 5663 1707 5740 apocrypham.
