3818 6120
132 243 188 302 569
333 242 418 302 VITA
435 244 656 303 SANO'I'ORUM
673 246 847 304 tamtan
866 242 1039 304 ssRlffllTAE
1058 242 1103 301 ΕΤ
1122 243 1306 301 lOSAPHAT
1324 244 1436 300 INDIAE
1454 244 1572 302 REGIS.
1722 249 1780 318 Ι550

130 367 248 438 iudan
265 369 438 423 cananuotio
449 373 504 423 est.
520 369 599 434 Quod
626 377 721 427 annm
744 375 967 432 constructumt
1014 369 1159 424 nominali
1170 369 1255 425 enam
1266 370 1348 427 modo
1358 369 1378 423 ii
1389 369 1436 440 qui
1448 370 1543 427 lunam
1553 371 1634 427 dcam
1647 389 1708 427 esse
1719 390 1779 445 opt·

132 462 185 519 eat,
200 458 413 529 principinmac
428 460 512 512 tinem
530 460 624 514 habet.
641 463 678 517 At
694 463 864 517 coelnmnnn
874 479 936 516 enm
979 465 1093 523 uantur,
1106 465 1210 513 errant.
1220 460 1293 513 Nam
1307 459 1395 528 ipsam
1409 461 1565 514 necessario
1576 462 1680 515 moveri
1691 463 1779 516 etim-

129 518 272 601 bideribus
286 548 345 601 suis
370 549 528 602 necessario
543 556 692 618 movetur;
710 552 847 621 siquidem
861 559 939 606 astra
979 549 1083 603 mutari
1101 548 1234 611 ridemus,
1252 555 1337 617 atque
1352 566 1367 600 a
1380 555 1484 618 puncto
1496 549 1523 602 in
1534 556 1670 619 punctum
1679 551 1780 621 artigra-

132 637 368 690 oertoorlineae
395 637 486 708 spatio
514 637 678 709 impulsas
700 640 845 710 punctoiu
865 658 937 711 pune
979 654 1018 704 re,
1036 637 1113 691 etad
1128 637 1273 690 bominum
1295 637 1444 690 utilitatem
1470 655 1543 692 iiuuc
1571 639 1685 700 exoriri,
1707 657 1780 697 nnnc

130 731 221 788 onim,
235 726 341 797 partim
353 726 603 797 occidunt,partim
612 729 785 795 exoriuntur,
797 729 936 800 certisque
979 726 1082 781 occider
1091 743 1155 792 e,ac
1170 728 1228 780 sole
1243 727 1380 779 minorem
1395 743 1473 792 esse,
1490 729 1587 798 augeri
1598 734 1683 782 etiam
1695 735 1779 799 atque

128 818 292 886 temporum
304 816 403 887 spatiis
418 816 474 870 iter
498 832 581 871 suum
604 816 719 884 obeunt,
736 823 766 874 nt
780 825 890 872 aestates
910 825 938 873 et
978 817 1116 878 imminui,
1135 833 1167 871 ac
1180 817 1304 887 deliquia
1316 816 1458 870 interdum
1468 818 1538 887 pati.
1549 819 1640 881 Quare
1651 820 1711 872 sieri
1723 837 1778 875 non

128 903 249 970 biemes,
267 905 506 975 quemadmodum
516 905 584 976 ipsis
599 922 616 958 a
630 906 687 959 Deo
699 907 868 977 imperatum
883 913 934 972 est,
973 912 1070 976 polest
1085 913 1117 960 ut
1130 906 1197 962 luna
1211 907 1265 960 dea
1275 906 1320 967 sit,
1335 923 1431 958 rernm
1444 906 1495 959 Dei
1511 923 1590 976 opus.

133 992 266 1047 efficiant.
283 994 341 1047 Nee
355 994 430 1063 leges
446 993 498 1046 sibi
518 995 600 1064 juxta
624 994 814 1048 inevitabilem
829 1002 936 1050 naturae
1012 995 1139 1065 Denique
1154 996 1202 1065 qui
1218 995 1360 1049 homiuem
1374 995 1458 1049 deum
1473 1012 1534 1052 esse
1550 996 1774 1051 arbitranturer-

131 1083 331 1136 necessitatem
345 1083 511 1136 euustitutns
524 1100 588 1137 eum
605 1083 708 1137 ooelesti
722 1090 823 1138 ornatu
835 1084 936 1138 inirin-
978 1091 1051 1139 rant.
1061 1085 1134 1140 Nam
1145 1085 1373 1139 eumnccessario
1389 1084 1503 1144 moveri,
1516 1091 1544 1138 et
1563 1085 1610 1146 ali,
1623 1093 1651 1139 et
1660 1086 1778 1155 invitum

130 1175 212 1242 gunt.
230 1172 272 1225 Ex
285 1189 341 1242 quo
366 1172 545 1242 perspicuum
569 1178 620 1239 est,
637 1174 738 1227 coelum
761 1190 816 1227 non
841 1175 933 1240 deuia,
977 1172 1063 1226 etiam
1078 1190 1224 1228 senescere
1239 1173 1619 1243 ridemusatqueinterdum
1636 1174 1777 1238 delectui,

130 1259 247 1314 sedBei
264 1276 333 1331 opus
348 1278 418 1315 ease.
978 1261 1118 1316 interdum
1148 1280 1269 1315 nroemre
1292 1263 1374 1327 allici,
1400 1261 1517 1332 ciboque
1533 1268 1647 1333 acpotu
1662 1270 1690 1316 ct
1706 1270 1780 1318 reste

166 1349 222 1413 Qui
237 1355 332 1403 antem
344 1356 451 1404 terram
461 1351 544 1404 deam
558 1366 620 1404 esse
634 1358 757 1415 censent,
767 1356 872 1405 errant.
889 1352 935 1407 Vi·
972 1350 1111 1421 indigere.
1129 1352 1299 1407 Iracundum
1315 1351 1400 1408 etiam
1415 1357 1501 1421 atque
1516 1351 1641 1409 invidum
1665 1369 1735 1414 esse,
1752 1359 1781 1406 et

133 1437 233 1492 demus
245 1438 321 1492 enim
336 1456 397 1493 eam
412 1439 447 1493 ab
462 1439 622 1493 hominibus
634 1439 740 1509 injuria
754 1440 836 1506 affici,
851 1447 881 1494 et
894 1458 936 1495 eo·
976 1439 1091 1495 libidine
1103 1441 1223 1501 incitari,
1240 1449 1268 1495 et
1278 1440 1442 1511 poenitentia
1458 1441 1531 1506 duci,
1548 1457 1581 1494 ac
1596 1441 1692 1494 inultis
1702 1441 1779 1497 dasc-

128 1542 194 1580 mm
208 1527 329 1597 imperio
343 1527 498 1598 subjectam
512 1545 581 1592 esso,
600 1528 682 1583 elladi
696 1529 780 1583 etiam
796 1534 824 1583 et
837 1536 934 1584 eonta-
976 1527 1213 1604 ctibnplaborare.
1228 1531 1332 1584 Verum
1343 1530 1439 1583 inultis
1454 1530 1538 1583 etiam
1551 1529 1641 1583 modis
1657 1547 1780 1585 corrum-

129 1614 245 1680 minari,
258 1622 343 1686 atque
359 1616 486 1670 inutilem
497 1616 648 1673 lieri.Nam
665 1617 688 1672 si
705 1617 769 1687 igne
783 1624 932 1683 torreatur,
976 1616 1061 1687 pitur,
1087 1618 1222 1674 nimirum
1246 1618 1280 1673 ab
1303 1618 1458 1681 alenrentis,
1489 1625 1518 1672 et
1531 1617 1730 1684 animantibus,
1747 1636 1780 1675 ac

128 1704 278 1769 emoritur,
304 1704 443 1775 siquidem
458 1723 489 1758 ex
504 1710 579 1759 testa
602 1705 671 1760 nihil
696 1707 763 1761 oriri
778 1713 879 1778 potest.
897 1709 937 1762 Ac
948 1695 1118 1777 Bpostremo
1133 1726 1150 1761 a
1161 1715 1255 1763 morte
1278 1707 1331 1777 ipsi
1346 1707 1521 1762 imminente.
1537 1708 1575 1761 Ex
1590 1723 1645 1777 qno
1660 1708 1780 1765 allicitur

129 1798 274 1864 praterea
287 1792 312 1846 si
320 1793 586 1848 imbribusniminm
596 1795 791 1866 pertundetur,
799 1796 933 1866 tumipsa,
977 1801 1010 1850 ut
1022 1796 1107 1850 homo
1122 1797 1191 1851 dens
1207 1814 1267 1850 esse
1280 1802 1410 1866 nequeat,
1428 1796 1477 1849 sed
1494 1796 1776 1866 Deiopusltnoeirea

128 1885 192 1935 tum
208 1880 299 1952 ipsius
314 1882 422 1937 fruetus
435 1890 664 1955 corrumpuntur.
680 1884 753 1948 Quin
766 1884 800 1938 ab
815 1884 935 1939 bornini·
971 1883 1082 1955 ingenti
1100 1903 1194 1939 errore
1210 1885 1333 1939 Chaldaei
1345 1885 1416 1954 lapsi
1433 1890 1510 1943 sunt¹
1532 1885 1598 1937 dum
1615 1885 1778 1955 opinionum

133 1967 184 2024 bus
197 1970 370 2042 reliquisque
381 1972 570 2026 animantibus
583 1974 769 2044 proculcatur,
778 1974 935 2028 interlecto-
977 1989 1092 2028 suarum
1115 1982 1275 2029 commenta
1300 1979 1468 2044 sequuntur.
1483 1974 1629 2028 Elementa
1648 1974 1733 2038 enim,
1751 1974 1778 2027 iu

130 2074 195 2113 rum
211 2061 349 2130 sartguiua
363 2061 536 2132 inquinatur.
553 2063 693 2127 effoditur,
710 2065 875 2134 completur,
892 2079 935 2116 ea-
977 2079 1037 2132 quoe
1054 2063 1183 2117 interitus
1193 2064 1276 2128 cadit,
1293 2080 1325 2117 ae
1338 2071 1464 2120 mortuas
1477 2068 1583 2116 statuas
1599 2069 1778 2129 venerantur,

131 2146 268 2203 deserum
279 2150 361 2204 theca
370 2151 500 2205 efficitur.
517 2151 584 2215 Quae
599 2168 662 2206 cum
677 2152 718 2205 ita
731 2152 798 2218 sint,
806 2153 869 2207 steri
879 2158 934 2207 ton
972 2166 1027 2205 nee
1041 2152 1113 2206 sein
1126 2153 1241 2208 deornm
1255 2169 1405 2207 numerum
1416 2168 1450 2207 ea
1464 2151 1567 2207 referre
1582 2152 1716 2207 sentiunt.

128 2241 229 2308 potest
241 2244 273 2292 ut
286 2246 362 2293 terra
376 2240 429 2295 dea
447 2241 493 2306 sit,
510 2241 559 2295 sed
575 2258 621 2295 res
634 2257 652 2294 a
663 2242 723 2295 Deo
739 2241 775 2295 ad
790 2241 934 2297 hominum
1011 2241 1054 2294 Ad
1069 2241 1182 2297 Gnaeos
1193 2243 1253 2312 jam
1265 2242 1418 2305 veniamus,
1432 2247 1463 2294 nt
1477 2240 1577 2310 siquid
1590 2241 1662 2294 forte
1676 2242 1711 2295 de
1721 2241 1779 2297 Deo

130 2326 335 2381 nonmellecta.
971 2337 1051 2386 reete
1063 2331 1187 2387 sentiant
1202 2331 1353 2385 rideamne.
1369 2329 1457 2385 Grani
1468 2329 1555 2399 igitur
1569 2330 1780 2400 sapientiaelan-

165 2415 377 2482 Eudammodo,
393 2418 932 2489 quiaqunmdeamesseputant,-errant.
977 2421 1039 2475 dem
1063 2420 1117 2474 sibi
1139 2426 1314 2490 arrogantes,
1331 2419 1474 2474 stultiores
1490 2419 1574 2474 ctiam
1589 2418 1726 2472 chaldeis
1747 2435 1777 2479 se

132 2503 210 2559 :Nam
226 2521 261 2559 ea
275 2523 386 2577 quoque
401 2507 434 2560 ad
463 2507 609 2562 bominum
626 2525 706 2562 usum
722 2513 933 2577 procreataest,
976 2510 1165 2580 praebuerunt,
1191 2509 1349 2578 complures
1376 2507 1505 2562 videlicet
1518 2508 1586 2562 deos
1599 2507 1774 2573 inducentem,

135 2609 292 2664 eorumque
303 2594 489 2649 dominationi
502 2595 607 2650 subest.
619 2596 839 2650 Conmminatur
849 2596 934 2651 etiam
971 2600 1078 2670 ,partim
1096 2598 1355 2668 masculospartim
1371 2596 1498 2658 laminas,
1511 2597 1673 2651 vitiosarum
1685 2597 1777 2652 omnis

129 2689 162 2738 et
175 2682 372 2750 labefactatur,
387 2691 416 2738 et
429 2701 492 2738 cnm
502 2685 568 2754 igue
580 2690 674 2739 coacta
687 2691 739 2751 est,
752 2685 933 2740 immutatur:
976 2688 1088 2759 generis
1094 2688 1284 2750 affectionum,
1293 2703 1325 2740 ac
1336 2687 1472 2741 scelernm
1479 2685 1655 2743 architectos.
1667 2686 1777 2747 Etenim

130 2771 204 2828 allos
219 2778 305 2844 atque
320 2773 390 2827 alios
402 2773 519 2828 subinde
532 2775 639 2828 colores
657 2774 754 2839 sumit,
764 2779 860 2844 utpote
874 2790 935 2844 que
972 2775 1381 2845 -ridienla,etstulta,etiurpia,
1391 2792 1473 2842 ores,
1492 2775 1582 2829 Grreci
1597 2775 1778 2841 induxerunt,

127 2865 162 2916 ot
172 2861 281 2933 frigere
293 2868 463 2928 concrescet,
480 2869 558 2918 etex
573 2880 671 2918 cruore
691 2863 853 2934 spurcitiem
868 2879 935 2917 con·
978 2867 1084 2936 eosqui
1109 2883 1163 2919 non
1179 2872 1245 2919 sunt
1266 2865 1345 2933 juxta
1363 2880 1507 2933 perversas
1531 2881 1596 2917 snas
1611 2864 1777 2933 cupiditates
1834 2933 1839 2943 ,

127 2949 238 3016 trabat,
247 2955 279 3005 et
289 2951 325 3006 ad
334 2952 510 3023 impurarum
521 2953 647 3007 omnium
658 2968 752 3007 rerum
763 2950 935 3006 ablutionem
977 2955 1240 3025 doosappollantes,
1252 2958 1288 3007 nt.
1303 2953 1437 3010 nimirum
1467 2970 1515 3006 eos
1529 2953 1587 3007 vitii
1602 2959 1736 3022 patronos
1748 2969 1780 3005 ae

126 3038 312 3094 adhibeatur.
331 3041 369 3095 Ex
397 3058 452 3111 qno
475 3041 584 3112 liquido
610 3045 722 3096 constat
735 3057 838 3110 aquam
853 3040 966 3116 deame
978 3041 1296 3106 defensoreslmbentes
1312 3041 1452 3097 adulteria
1464 3047 1636 3111 perpetrent,
1652 3040 1773 3109 rapiant,

126 3143 193 3183 fle
204 3145 263 3183 non
277 3146 369 3200 posse.
387 3130 434 3184 sed
450 3130 501 3184 Dei
516 3147 597 3200 opus.
977 3134 1126 3198 trucident,
1138 3137 1223 3202 atquc
1233 3131 1407 3186 atrocissima
1417 3130 1644 3199 quaeqnescelera
1654 3128 1781 3182 corrrmit-

157 3219 231 3272 ..lam
245 3235 312 3272 vero
338 3219 385 3289 qui
399 3219 493 3289 inuiam
506 3220 590 3274 deum
605 3235 667 3273 esse
680 3217 865 3284 arbitrantur,
882 3218 935 3289 ipsi
977 3225 1048 3275 tant.
1064 3221 1137 3275 Num
1150 3236 1212 3275 cnm
1225 3220 1350 3290 ipsorum
1365 3219 1403 3275 dii
1417 3217 1579 3287 hujusmodi
1589 3215 1775 3287 flagitiadesi-

125 3322 245 3379 quaque
259 3314 364 3362 emant.
381 3308 491 3362 Etenim
515 3308 589 3379 ignis
616 3308 650 3362 ad
674 3308 825 3363 :hominnm
853 3325 936 3363 usum
976 3311 1231 3381 gnarint,quunam
1242 3315 1322 3379 pacto
1337 3308 1389 3378 ipsi
1405 3324 1515 3378 quoqne
1531 3323 1587 3360 non
1598 3307 1695 3359 eadem
1711 3322 1776 3376 per-

130 3402 246 3452 meus
260 3403 312 3457 eat,
329 3397 511 3469 ipsorumque
526 3398 713 3453 dominationi
732 3398 837 3464 subest,
854 3405 883 3451 et
894 3395 936 3453 ‚ab
977 3399 1152 3471 petrabnntl
1166 3399 1206 3454 En·
1223 3385 1275 3453 bis'
1281 3397 1368 3467 igitur
1382 3395 1485 3450 erroris
1500 3394 1601 3449 studiis
1615 3401 1643 3448 et
1656 3394 1776 3448 institu-

126 3485 254 3558 ipsisad
282 3487 374 3540 onmis
389 3488 508 3557 generis
535 3504 642 3553 carnes,
665 3487 935 3558 partimelixandas,
978 3489 1024 3554 tis,
1042 3487 1201 3542 hominibus
1213 3486 1325 3541 bellant
1339 3485 1439 3549 cadas,
1452 3492 1536 3554 atque
1553 3483 1667 3537 acerbas
1686 3483 1776 3553 capti-

130 3575 394 3647 partimassandas,
419 3583 504 3647 atque
532 3577 617 3631 etiarn
641 3576 676 3630 ed
690 3583 802 3630 mortua
818 3592 935 3646 corpora
976 3578 1076 3634 vinitas
1090 3577 1187 3632 crebro
1211 3575 1329 3646 experiri
1350 3574 1477 3643 contigit.
1489 3574 1562 3637 Quin
1586 3573 1681 3637 etiam,
1702 3572 1725 3625 si
1745 3571 1779 3624 de

127 3664 347 3731 mremande,
365 3682 380 3718 e
394 3665 453 3719 loeo
469 3664 604 3719 inlocum
620 3664 833 3730 circumsertnr3
850 3669 935 3735 atque.
971 3667 1101 3739 ,ipsorum
1112 3667 1166 3721 diis
1180 3665 1324 3735 sigillatim
1338 3663 1422 3717 rerba
1436 3663 1526 3718 lacere
1542 3662 1669 3724 velimus,
1682 3661 1778 3730 ingen-

125 3752 356 3824 'mnpormnltis
372 3754 463 3808 modis
477 3753 676 3824 corrumpitur,
689 3759 718 3808 et
727 3753 761 3807 ab
776 3753 936 3809 hominibus
971 3761 1035 3814 ,tem
1051 3755 1253 3812 absurditatem
1268 3759 1466 3824 perspecturus
1482 3769 1523 3808 es.

127 3842 382 3913 .mtinguitur;.ac
395 3843 512 3914 proinde
527 3842 600 3913 ignis
610 3843 679 3897 deus
690 3859 750 3897 esse
765 3859 821 3897 non
834 3848 934 3912 potest.
1013 3846 1159 3915 Siquidem
1175 3846 1328 3899 Saturnum
1339 3843 1393 3913 ipsi
1407 3847 1472 3899 atate
1484 3858 1583 3895 omnes
1598 3841 1683 3894 dirum
1698 3840 1779 3895 indn-

129 3931 242 3986 annai
259 3948 339 4003 opus.
978 3940 1054 3995 eunt,
1068 3934 1150 4004 eique
1162 3933 1235 3988 lilios
1247 3949 1313 3987 suos
1323 3936 1459 3989 mactant.
1468 3930 1522 3994 Qui
1535 3930 1648 4001 quidam
1662 3946 1695 3983 ex
1701 3929 1780 3985 Rhea

162 4020 213 4075 Ad
230 4021 361 4076 eumdem
383 4021 470 4075 etiam
484 4020 659 4090 modumqui
674 4026 819 4075 ventorum
837 4021 936 4076 ilatum
978 4025 1081 4081 multos
1096 4024 1168 4078 filios
1182 4021 1290 4084 habuit,
1307 4021 1475 4091 quosetiam
1503 4019 1562 4089 ipse
1584 4017 1779 4088 furoreperci-

132 4109 220 4165 thum
235 4126 297 4164 me
309 4111 479 4177 existimant,
494 4116 598 4164 errant·
611 4110 795 4180 Perspicuum
805 4109 879 4164 enim
893 4114 937 4164 est
972 4117 1023 4169 „tus
1036 4112 1195 4166 devorabat.
1216 4111 1303 4165 Aiunt
1330 4118 1425 4163 autem
1447 4110 1544 4162 lovem
1573 4107 1626 4177 ipsi
1657 4107 1780 4175 genitale

128 4210 252 4254 uantum
281 4199 362 4253 alteri
389 4199 533 4262 inservire,
555 4204 653 4265 Μ
679 4205 763 4268 atque
791 4199 936 4254 hominum
978 4200 1135 4254 membrum
1154 4199 1313 4262 abscidisse,
1328 4205 1413 4267 atque
1436 4197 1464 4250 in
1480 4213 1557 4250 inere
1571 4195 1731 4266 projecisse,
1746 4211 1778 4247 ex

129 4288 268 4343 raunad
280 4289 598 4343 tmnsvebendasnares
614 4304 645 4341 ac
656 4287 937 4358 frunieutaoompor-
970 4307 1032 4361 qno
1048 4290 1185 4343 Venerem
1200 4295 1290 4345 ortam
1306 4304 1367 4340 esse
1382 4285 1552 4339 fabulantur.
1564 4283 1674 4354 Jupiter
1684 4287 1778 4337 autem

134 4379 232 4444 tanda,
246 4378 429 4449 reliquosque
447 4379 578 4450 ipsorum
601 4394 669 4432 usus
691 4394 707 4430 a
722 4377 779 4431 Deo
793 4377 936 4432 conditum
946 4412 971 4469 D
980 4384 1088 4450 patrem
1101 4395 1182 4437 sunm
1194 4377 1309 4432 vinculis
1324 4375 1516 4439 constrictum,
1526 4373 1554 4426 in
1564 4377 1703 4427 taratrum
1711 4386 1779 4441 prae·

129 4468 285 4523 meslino
298 4469 414 4530 accedit,
429 4469 503 4539 quod
518 4485 568 4538 pro
587 4469 638 4522 Dei
654 4470 736 4539 jussu
751 4473 836 4538 atque
850 4467 937 4538 impe
980 4468 1093 4539 eipitem
1109 4466 1194 4521 dedit.
1212 4466 1295 4519 Vides
1317 4480 1441 4519 errorem
1468 4480 1499 4516 ae
1524 4460 1677 4523 libidinem,
1695 4475 1778 4529 qnam

130 4558 254 4612 innatam
271 4558 393 4628 augessit
409 4563 470 4611 tum
489 4557 676 4613 imminuitur.
692 4557 861 4622 Quarefrmi
880 4572 936 4610 non
977 4558 1110 4613 adversus
1124 4558 1207 4611 deum
1222 4571 1305 4609 suum
1317 4555 1460 4611 inrehnnt.
1475 4553 1538 4606 Non
1553 4550 1628 4603 enim
1643 4548 1703 4602 lieri
1716 4554 1778 4618 pot-

131 4652 232 4717 .patest
246 4652 281 4701 ut
294 4654 394 4701 ventus
408 4648 482 4701 Deus
494 4645 541 4711 sit,
558 4664 656 4701 verum
668 4648 718 4701 Dei
730 4664 810 4718 aprus.
970 4654 1023 4703 ast
1034 4653 1067 4701 ut
1080 4647 1150 4701 dens
1164 4644 1271 4699 eatenis
1284 4643 1432 4703 vinciatur,
1447 4638 1704 4712 ipsique-genitrices
1716 4654 1778 4709 par-

170 4737 262 4791 Porro
276 4737 325 4807 qui
347 4737 436 4791 solem
458 4736 543 4793 deum
557 4753 617 4790 csse
632 4741 744 4808 putant,
760 4735 813 4806 ipsi
828 4751 938 4806 qnoque
972 4733 1278 4806 -tasamputentur'lO
1305 4732 1476 4800 singularem
1505 4727 1677 4784 amentiam!
1710 4726 1778 4790 Quis

137 4833 244 4880 crant.
254 4826 409 4896 Siquidem
422 4826 663 4881 eumnecessario
678 4825 782 4879 moveri
804 4824 939 4896 pempici-
981 4831 1074 4878 mente
1089 4825 1220 4895 praeditus
1235 4824 1293 4876 liaee
1305 4819 1429 4875 dixerit?

134 4921 312 4985 manetque
326 4932 344 4968 a
358 4921 462 4986 puncto
477 4915 506 4969 in
520 4922 655 4987 punctum
679 4915 802 4984 migrare
816 4919 844 4968 et
863 4930 940 4968 com-
1016 4914 1161 4968 Secundus
1173 4912 1283 4982 Jupiter
1297 4910 1449 4973 inducitur,
1462 4924 1545 4978 quem
1557 4906 1585 4960 in
1601 4923 1698 4961 omnes
1712 4905 1779 4959 deos

128 5004 252 5070 «mutari,
268 5005 475 5059 etoecidereet
488 5005 599 5070 exoriri,
608 5011 640 5059 nt
653 5005 689 5071 ad
704 5004 850 5058 hominum
861 5003 938 5058 utili-
980 5020 1046 5058 snos
1056 5019 1173 5072 regnum
1188 5010 1284 5055 tenere
1296 4999 1386 5065 aiunt,
1402 5003 1487 5067 atque
1501 4995 1633 5051 insanias
1655 4995 1781 5051 animan-

126 5096 338 5165 -tatarnstirpes
353 5094 737 5165 ctplantascaloreafliciat,
755 5098 840 5164 atque
860 5093 939 5147 insu-
972 5093 1164 5162 tiumliguras
1171 5088 1326 5163 immutari,
1336 5094 1368 5143 nt
1377 5085 1543 5143 mortalibus
1553 5083 1781 5141 mulieribnsstu·

127 5200 186 5256 -per
197 5200 264 5237 eum
278 5183 443 5236 divisionem
456 5200 521 5236 cnm
536 5182 650 5253 reliquis
670 5180 936 5247 sideribushabere,
980 5198 1062 5251 prum
1078 5180 1187 5234 inserat.
1204 5176 1314 5233 Etenim
1329 5192 1393 5230 eum
1409 5176 1437 5229 iu
1449 5180 1563 5229 taurum
1591 5189 1652 5227 sese
1676 5171 1781 5229 immu-

129 5288 169 5327 ne
182 5270 426 5344 multis-partibus
440 5273 510 5325 eoelo
525 5271 662 5326 minorem
675 5271 880 5341 essaluceque
894 5270 938 5325 in-
979 5277 1054 5325 tasse
1064 5269 1189 5332 tradunt,
1206 5274 1236 5321 ut
1262 5267 1373 5335 Europa
1391 5264 1547 5336 potiretur,
1570 5263 1600 5316 in
1621 5278 1733 5325 aurum,
1751 5265 1782 5315 nt

129 5360 424 5425 unlum›desrci,.uee
440 5360 694 5432 ullumimporium
707 5366 736 5414 et
750 5359 938 5431 principatum
980 5361 1093 5424 Daciae,
1112 5358 1138 5410 in
1155 5372 1286 5428 cygnum,
1304 5360 1335 5408 ut
1356 5354 1432 5408 Leda
1449 5373 1455 5421 ;
1476 5353 1503 5405 in
1520 5357 1656 5423 satyrum,
1673 5356 1705 5403 nt
1722 5351 1781 5405 altr·

129 5452 276 5507 obtinere.
293 5450 401 5521 Exque
416 5450 485 5504 illud
500 5450 616 5521 planum
642 5449 769 5504 est÷sreri
782 5465 838 5503 non
858 5464 939 5519 posse
980 5448 1071 5519 tiopa;
1094 5447 1123 5501 in
1140 5446 1263 5512 tulmen,
1280 5451 1312 5499 ut
1327 5444 1447 5500 Semela.
1462 5443 1502 5499 Ac
1516 5447 1613 5513 postea
1627 5440 1730 5494 multos
1749 5453 1781 5489 ex

125 5538 435 5606 sanctificantem
450 5538 591 5608 Deiopea.
981 5537 1097 5594 iisttilios
1108 5535 1260 5600 exstitisse,
1275 5533 1416 5593 Bacchum
1443 5531 1558 5589 scilieet.
1568 5525 1781 5595 ‚Zethumerlm-
