3818 6120
146 370 201 431 473
354 375 440 431 VITA
458 375 678 473 sauurouult
696 379 866 439 annuatis
886 379 1055 438 EREMITAE
1073 378 1117 436 ET
1135 375 1318 433 JOSAPHAT
1335 375 1449 433 lNDlAE
1466 374 1583 431 REGIS.
1727 378 1781 432 tit

145 496 232 553 simul
246 503 276 554 et
285 497 410 554 bonitate
419 504 449 554 et
459 501 570 572 justitia
583 505 706 574 praestet,
731 502 972 562 resurrectionish
982 500 1110 557 acerbius
1121 500 1272 570 excogitari
1286 500 1388 573 potest)
1400 500 1435 554 ad
1444 499 1644 572 sempiternam
1663 515 1776 572 paenam

146 600 178 641 ac
191 587 404 643 referendarum
417 589 558 645 rationum
568 591 643 645 diem
657 591 813 658 constituit,
825 597 865 658 ut,
878 608 942 647 cum
984 590 1134 661 ablegabit.

146 691 265 748 quaeque
293 678 387 732 anima
409 695 510 751 corpus
538 696 620 734 suum
634 681 781 750 receperit,
797 679 941 752 improbus
1008 680 1116 736 Canii(
1130 667 1778 750 -losaphatautemhisadeumverbisususest':

147 765 261 836 quidem
276 770 305 819 et
330 767 493 828 sceleratus,
514 768 561 838 qui
583 768 628 822 hic
642 768 737 823 omnia
760 769 882 824 secunda
906 786 938 823 ac
984 768 1102 839 Magnas
1114 765 1690 839 quasdametadmirandas1·eS,magnoque
1701 770 1779 820 metu

146 850 363 922 mansurent,
394 855 451 910 illic
476 857 611 911 scelerum
635 873 732 928 poenas
745 858 823 925 luat3
839 857 943 928 probus
985 863 1148 912 actremorc
1160 856 1260 927 dignas
1271 854 1381 921 mihi,o
1400 854 1493 920 homo,
1509 871 1616 922 narras,
1626 854 1649 911 si
1665 854 1779 926 quidem

146 946 244 996 contra
264 959 362 998 eorum
384 960 446 1015 quae
469 944 564 1016 inique
578 945 705 1015 gesserit,
721 947 811 1018 poenis
834 947 863 1000 in
891 947 944 1002 hac
983 946 1042 1000 haec
1055 945 1095 1000 ita
1109 961 1139 999 se
1153 943 1266 1007 habent,
1284 948 1368 1014 atque
1394 947 1542 1014 postquam
1556 942 1620 999 latis
1634 958 1778 997 concesse·

144 1030 203 1085 vita
216 1032 378 1103 persolutis,
403 1032 462 1086 illic
475 1032 614 1088 bonorum
627 1034 820 1089 hereditatem
845 1051 942 1090 conse-
984 1035 1083 1100 rimus,
1098 1039 1126 1088 et
1134 1033 1163 1087 iu
1173 1033 1294 1087 cinerem
1305 1047 1337 1084 ac
1344 1030 1625 1103 pulveremdissoluti
1631 1029 1777 1093 fuerimus,

143 1124 259 1190 quatur.
275 1120 399 1174 audient
412 1120 497 1187 enim,
512 1121 605 1193 inquit
617 1122 764 1189 Dominus,
779 1123 827 1195 qui
842 1123 869 1176 in
886 1140 943 1178 mo-
983 1104 1780 1192 resurrectioctregeneratiotuturaest,reruruqueinvita

138 1208 291 1262 numentis
312 1214 408 1274 που
423 1214 497 1276 sunt,
510 1225 606 1264 vocem
616 1210 679 1265 Filii
690 1211 750 1266 Dei.
766 1211 801 1266 Et
817 1211 940 1278 exibunt,
982 1216 1127 1284 gestarum
1142 1226 1257 1264 examen
1268 1226 1300 1263 ac
1309 1208 1536 1263 meroesllerum
1547 1224 1602 1279 quo
1614 1211 1779 1278 argumento

138 1295 193 1367 qui
207 1294 454 1352 bonafeceruntin
468 1290 769 1355 resurrectionemvitae
781 1300 943 1371 ;quiautem
983 1301 1041 1355 haec
1056 1299 1176 1371 probas?
1199 1304 1360 1369 etquenam
1373 1297 1398 1350 ei
1414 1297 1455 1351 rei
1470 1313 1530 1368 quae
1552 1295 1676 1351 nondum
1691 1295 1778 1349 oculis

131 1385 222 1439 mala
236 1391 363 1457 egerunt,
378 1387 408 1440 in
424 1388 660 1442 resurrectionem
672 1387 770 1458 iudicii
794 1390 883 1455 (loun.
903 1388 941 1460 v).
983 1393 1129 1462 perspecta
1139 1394 1182 1442 est
1200 1388 1302 1442 audita
1330 1391 1415 1457 atque
1430 1385 1578 1440 intellecta
1602 1383 1778 1456 usqueadeo

131 1471 206 1536 Quo
235 1473 341 1529 scilicet
356 1479 483 1547 tempore
497 1476 577 1531 sedes
592 1492 703 1547 quoque
721 1476 940 1546 collocabuntur,
983 1479 1094 1534 firmam
1104 1482 1133 1531 et
1141 1475 1327 1531 indubitatam
1342 1475 1426 1528 fidem
1434 1473 1703 1530 adhibuististNam
1716 1487 1778 1542 quae
1868 1538 1871 1548 Ι

126 1565 230 1632 atque
258 1563 397 1634 Antiquus
416 1563 525 1618 dierum
541 1566 623 1632 (Dua.
642 1562 701 1633 vn),
719 1554 870 1635 rerumque
884 1582 943 1619 om·
980 1569 1040 1638 jam
1053 1571 1133 1638 gesta
1144 1582 1177 1620 ac
1191 1581 1221 1619 re
1236 1565 1297 1636 ipsa
1311 1563 1452 1618 declarata
1463 1568 1538 1628 sunt,
1547 1561 1657 1617 etiamsi
1667 1560 1720 1631 ipsi
1728 1559 1779 1614 mi·

126 1648 224 1703 nium
233 1666 336 1721 parens
348 1654 377 1704 et
389 1651 558 1705 architectus
571 1651 739 1723 praesidebit.
753 1654 793 1706 Ac
804 1652 868 1706 libri
879 1669 943 1726 apc-
983 1657 1059 1711 nime
1073 1654 1207 1720 videritis,
1219 1657 1249 1708 at
1262 1652 1297 1706 ab
1310 1653 1345 1706 iis
1360 1651 1407 1723 qui
1422 1668 1455 1706 ea
1467 1651 1606 1715 viderunt,
1627 1666 1659 1703 ac
1671 1665 1779 1703 memo-

131 1737 268 1803 rientur,
283 1738 313 1793 in
327 1739 427 1810 quibus
441 1741 568 1794 omnium
583 1745 711 1794 nostrum
737 1741 871 1804 actiones,
887 1757 943 1795 ser·
982 1746 1031 1800 riae
1047 1744 1241 1816 prodiderunt,
1251 1740 1537 1805 audivistis.Quonan1
1548 1744 1642 1793 autern
1654 1737 1777 1792 movlode

129 1841 255 1892 mones,
283 1828 465 1897 cogitationes
484 1828 624 1900 inscriptae
646 1830 834 1884 continentur.
849 1831 941 1902 Atque
951 1819 974 1879 Β
984 1832 1067 1888 rebus
1080 1832 1182 1887 futuris
1196 1836 1254 1885 tam
1266 1846 1368 1899 magna
1376 1833 1405 1883 et
1411 1827 1578 1901 praetumida
1584 1825 1777 1900 praedicantes,

125 1912 245 1985 igneus
261 1915 360 1970 fluvius
369 1916 467 1987 rapido
477 1934 560 1972 cursu
574 1918 709 1984 volvetur,
720 1924 874 1989 cunctaque
881 1935 942 1990 quae
983 1928 1089 1979 certam
1102 1922 1137 1976 de
1151 1921 1185 1975 iis
1195 1921 1279 1974 sidem
1293 1920 1367 1974 nacti
1382 1918 1458 1973 estis.

127 2000 168 2057 in
183 2002 318 2058 abstruso
343 2004 519 2072 delitescunt,
546 2007 690 2077 patefient.
704 2008 768 2062 Non
781 2006 943 2078 illicpatro-
1018 2009 1172 2083 Respondit
1184 2010 1330 2064 Barlaam:
1343 2009 1382 2062 Ex
1396 2007 1431 2061 iis
1445 2023 1506 2077 quae
1518 2008 1578 2077 jam
1588 2004 1775 2074 contigerunt,

128 2107 208 2157 mua,
225 2100 276 2146 aut
288 2092 436 2148 verborum
449 2094 627 2161 lenocinium,
639 2100 688 2149 aut
704 2095 773 2150 falsa
791 2097 941 2163 excusatio,
983 2100 1018 2154 de
1030 2100 1131 2155 tuturis
1145 2099 1230 2152 ctiam
1244 2104 1350 2151 certam
1369 2096 1452 2150 sidem
1462 2099 1639 2150 nactussum.
1650 2090 1779 2163 Numqui

130 2185 194 2236 ¹²¹st
210 2197 296 2252 ΟΡΠΠι
311 2183 446 2252 P⁰t⁸¹¹tissa
463 2187 513 2238 21¹2
526 2183 696 2253 dignitatum
710 2184 807 2249 fustus,
822 2190 872 2238 aut
886 2200 943 2238 am·
983 2189 1042 2242 haec
1056 2187 1252 2259 praedicarunt,
1262 2202 1313 2240 nec
1328 2185 1386 2239 ulla
1403 2185 1477 2239 inre
1492 2199 1587 2237 avero
1600 2181 1777 2245 aberrarunt,

131 2269 279 2341 piissimae
291 2271 612 2342 munerumlargitiones
622 2277 729 2326 rectum
733 2273 870 2343 judicium
879 2289 944 2344 sup·
983 2293 1080 2331 verum
1094 2293 1144 2347 per
1156 2276 1272 2346 signaet
1286 2273 1422 2345 prodigia,
1436 2271 1582 2342 variasque
1592 2270 1710 2324 virtutes
1720 2284 1777 2322 ser·

135 2359 270 2429 primore
283 2363 428 2429 poterunt:
454 2376 551 2414 verum
561 2360 738 2432 incorruptus
753 2361 800 2416 ille
814 2378 846 2416 ac
860 2378 943 2416 verus
984 2364 1113 2420 monibus
1127 2364 1185 2418 suis
1199 2362 1285 2417 robur
1300 2362 1492 2426 conciliarunt,
1502 2359 1586 2414 iidem
1593 2358 1678 2413 etiam
1689 2358 1724 2411 de
1739 2357 1779 2411 lu·

137 2447 233 2518 judex
246 2447 282 2501 ud
293 2448 410 2518 justitiae
425 2448 640 2504 laudemomnia
652 2450 815 2520 perpendet,
830 2451 883 2504 hoc
890 2455 942 2517 est,
984 2454 1056 2508 turis
1069 2469 1120 2509 nos
1135 2453 1352 2506 admonuerunt.
1368 2448 1611 2515 Quemadmodum
1630 2447 1718 2518 igitur
1731 2446 1777 2500 hic

143 2541 176 2590 et
186 2536 338 2602 actionem,
351 2540 380 2590 et
392 2553 560 2604 samonem,
577 2537 820 2609 etcogitationem.
832 2540 872 2593 Ac
881 2554 945 2609 pro·
985 2542 1055 2597 nihil
1069 2545 1270 2614 praeposterum
1283 2557 1315 2594 ac
1327 2538 1593 2602 fictumdocurrunt,
1609 2551 1707 2589 verum
1718 2551 1780 2588 om·

143 2624 310 2679 liciacentur
323 2625 372 2696 qui
390 2624 539 2679 virtutibus
553 2642 668 2697 operam
679 2627 818 2681 dederunt
827 2627 861 2681 ad
872 2644 943 2681 sem·
984 2632 1032 2686 nia
1046 2648 1080 2685 ea
1094 2647 1155 2703 qua
1170 2628 1205 2684 ab
1217 2629 1284 2702 ipsis
1298 2628 1373 2683 dicta
1385 2633 1413 2682 et
1426 2626 1498 2681 facta
1517 2630 1591 2692 sunt,
1604 2625 1662 2679 sole
1674 2623 1777 2678 clarius

141 2713 287 2786 piternam
313 2715 408 2781 vitam,
428 2721 457 2769 et
481 2715 571 2769 lucem
595 2731 707 2772 omnem
730 2715 864 2771 orationis
887 2717 943 2783 vim
985 2719 1158 2781 effulserunt,
1172 2718 1269 2773 eodem
1297 2733 1407 2788 quoque
1427 2715 1510 2769 modo
1532 2715 1589 2768 illic
1604 2730 1668 2767 vere
1682 2712 1778 2767 omnia

142 2802 336 2867 excedentem,
363 2808 396 2857 ut
426 2819 490 2857 cum
513 2803 621 2874 angelis
654 2803 837 2871 oblectentur,
858 2810 943 2876 atque
983 2807 1245 2872 tradideruntQuae
1253 2806 1365 2878 quidem
1373 2805 1458 2859 etiam
1466 2802 1669 2874 ipseDominus
1683 2807 1779 2856 noster

142 2888 257 2945 arcanis
274 2890 355 2946 bonis
374 2892 514 2958 fruantur,
540 2898 698 2963 sanctaequc
720 2893 851 2947 Trinitati
873 2909 943 2965 pure
983 2912 1016 2951 ac
1029 2897 1114 2952 herus
1129 2897 1210 2951 lesus
1224 2894 1362 2960 Christus,
1386 2898 1447 2948 tum
1460 2908 1599 2958 sermone,
1616 2896 1676 2947 tum
1696 2907 1780 2962 opere

143 2984 254 3049 asterit3
265 2981 314 3052 qui
323 2981 553 3054 autemturpibus
560 2981 675 3052 flagitiis
686 2998 746 3036 sese
757 2981 941 3048 devinxerint,
984 2984 1168 3041 confirmavit.
1189 2986 1279 3039 Amen
1295 2983 1380 3049 enirn,
1400 2982 1502 3053 inquit,
1526 2980 1587 3035 dico
1605 2980 1694 3046 vobis,
1715 2980 1782 3051 quia

145 3074 233 3139 atque
249 3085 346 3124 omnes
360 3070 439 3140 impii
455 3075 484 3124 et
497 3076 657 3142 peccatores
681 3070 716 3124 ad
741 3070 944 3142 sempiternum
984 3074 1062 3129 venit
1073 3074 1153 3140 hora,
1168 3072 1280 3143 quando
1297 3070 1524 3125 mortuiaudient
1537 3085 1633 3123 vocem
1649 3067 1702 3121 Flii
1718 3068 1779 3133 Dei,

144 3157 315 3225 cruciatum,
332 3158 379 3229 qui
401 3158 514 3229 quidem
533 3159 661 3228 gehenna
685 3158 796 3225 dicitur,
821 3164 848 3212 et
872 3163 975 3227 exte-C
985 3168 1014 3219 et
1030 3163 1077 3234 qui
1089 3161 1240 3228 audierint,
1251 3161 1344 3214 vivent
1355 3163 1444 3227 (loon.
1456 3160 1516 3225 xvii.
1533 3159 1572 3211 Ac
1585 3173 1697 3210 rursum
1710 3175 1717 3210 :
1728 3156 1781 3209 Ve-

144 3244 236 3299 riores
246 3245 379 3313 tenebrae,
396 3253 424 3300 et
436 3247 573 3301 insomnis
588 3247 700 3314 vermis,
717 3253 746 3302 et
759 3247 864 3301 stridor
878 3246 944 3301 den·
985 3252 1118 3318 nitherus,
1134 3251 1163 3304 in
1179 3265 1235 3320 qua
1246 3248 1396 3320 omnesqui
1411 3248 1440 3301 in
1451 3245 1640 3301 monumentis
1654 3248 1719 3298 sunt
1733 3260 1783 3298 au·

143 3333 227 3401 filim,
242 3335 354 3406 aliaque
363 3336 513 3390 innumera
520 3341 671 3391 tormenta.
985 3342 1064 3397 dieat
1073 3355 1168 3394 vocem
1176 3338 1238 3392 Filii
1246 3337 1345 3392 uelut
1355 3336 1507 3407 procedent
1514 3335 1561 3406 qui
1571 3333 1643 3388 bona
1654 3332 1781 3387 lecerunt

179 3468 309 3532 Quorum
323 3468 398 3523 omni
420 3484 476 3523 mn
496 3469 566 3523 llum
623 3485 660 3523 ue
693 3485 758 3523 rave
769 3474 798 3523 et
811 3485 859 3523 ace
874 3468 912 3523 bu
984 3430 1013 3485 in
1032 3426 1356 3493 resurr⁰⁰ffi⁰nemmae3
1372 3425 1419 3496 qui
1438 3441 1504 3478 vero
1518 3423 1731 3492 malaegerunt’
1749 3421 1778 3476 in

399 3486 419 3523 ⁰
477 3486 495 3524 ¹¹
580 3486 622 3540 Μ]
672 3485 692 3540 g
860 3486 942 3569 ‘fn
983 3517 1217 3573 resurrectionem
1230 3515 1330 3586 judicii
1352 3515 1441 3584 (lucu
1456 3516 1511 3581 xx).
1530 3514 1569 3566 Ac
1584 3527 1697 3565 rursum
1712 3510 1774 3564 ait:

145 3563 197 3655 “b
215 3562 334 3657 mque?
347 3557 585 3657 D⁰⁰,²b³li⁹,¹¹³¹”i’
606 3566 634 3611 οἱ
648 3573 666 3611 ³
679 3558 840 3657 (111,ῙοίὃείΨᾶ
853 3559 942 3658 ipsum.
983 3608 1023 3663 Dc
1043 3610 1218 3660 mortuorum
1244 3608 1339 3657 autem
1363 3601 1566 3656 resurrectione
1590 3615 1645 3653 non
1671 3599 1779 3654 levistis

145 3644 214 3699 facie
234 3644 495 3745 ab11c1,·glor1aque
510 3646 631 3716 illaquae
651 3646 942 3744 nullisverbrsexponl
984 3694 1058 3767 quod
1073 3694 1180 3748 uictum
1208 3697 1251 3747 est
1270 3691 1347 3746 vobis
1371 3707 1387 3744 a
1409 3690 1476 3756 Deo,
1494 3689 1626 3743 dicente:
1645 3643 1780 3758 Εςοῠευῐῐι

146 3738 240 3804 Ι)οιθῧῒ
254 3733 358 3800 ⁰¹'bm’
371 3739 456 3805 atque
468 3739 644 3804 ¹¹¹⁵P⁰⁶t⁸nm
659 3750 789 3788 mem
803 3733 869 3789 orbe
883 3740 943 3789 tm·
985 3783 1060 3838 Deus
1075 3781 1228 3848 Abraham,
1244 3780 1319 3835 Deus
1334 3779 1422 3845 Isaac,
1439 3782 1467 3831 et
1481 3778 1556 3832 Deus
1571 3776 1683 3832 Jacob?
1705 3777 1780 3832 Deus

148 3821 221 3887 duci,
235 3827 265 3876 et
277 3822 431 3892 ignominia
446 3839 507 3893 quae
516 3838 661 3892 nunquam
676 3823 761 3877 linem
769 3822 945 3878 habiturasit
1576 3866 1582 3877 .
1652 3866 1658 3878 .

147 3910 251 3963 nomm.
280 3910 467 3981 Posteaquam
487 3911 562 3964 enim
583 3911 725 3966 horrenda
742 3911 790 3965 illa
804 3912 945 3966 sententia
984 3888 1068 3971 p⁰fr⁰
1083 3875 1258 3970 mmmmm
1269 3868 1409 3968 peninon
1425 3872 1476 3932 θεῖ’
1491 3866 1540 3920 sed
1557 3870 1719 3967 memmin'
1744 3866 1782 3966 Ψ

987 3976 1061 4014 enim
1074 3959 1245 4030 colliguntur
1254 3973 1368 4022 zizania,
1390 3960 1419 4009 ct
1432 3954 1645 4015 comburuntur,
1669 3972 1708 4009 sic
1728 3960 1783 4010 ent

148 3998 224 4053 edm
237 3998 332 4063 ‘uem’
345 4000 440 4053 omnia
454 4000 584 4070 demoeps
606 3999 803 4060 'mmmmm'
831 4006 860 4055 et
882 4016 946 4055 ⁶⁰¹¹·
986 4049 1016 4103 in
1030 4048 1271 4103 consummatione
1281 4045 1374 4101 saeculi
1383 4045 1467 4115 hujus
1480 4046 1585 4108 (thetid.
1596 4044 1783 4110 xxvxl.hlittet

985 4137 1073 4191 Filius
1086 4137 1138 4191 Dei
1148 4136 1262 4207 angelos
1276 4152 1351 4200 suos,
1379 4140 1408 4188 et
1430 4133 1563 4204 colligent
1576 4133 1610 4186 de
1623 4148 1709 4202 regno
1720 4133 1781 4202 ejus

984 4225 1079 4279 omnia
1099 4225 1239 4290 scandala,
1256 4230 1285 4277 et
1298 4240 1345 4277 eos
1361 4222 1408 4293 qui
1424 4221 1530 4275 iaciunt
1543 4221 1730 4292 iniquitatem.
1747 4221 1782 4274 Et

987 4314 1101 4367 mittent
1114 4330 1160 4367 eos
1174 4314 1203 4366 in
1228 4312 1370 4366 caminum
1384 4309 1476 4378 ignis:
1504 4309 1560 4362 illic
1574 4309 1629 4362 erit
1656 4310 1738 4362 lictus
1753 4313 1782 4362 et

953 4397 1090 4456 Dstridor
1106 4400 1242 4455 dentium.
1265 4399 1343 4453 Tunc
1355 4397 1426 4468 justi
1446 4395 1593 4467 fulgebunt
1605 4396 1677 4450 sicut
1695 4395 1737 4450 scl
1751 4395 1781 4450 in

984 4507 1072 4561 regno
1087 4488 1179 4544 Patris
1193 4504 1300 4542 eorum.

1020 4577 1189 4633 Haecdicens
1203 4575 1333 4630 addidit:
1353 4575 1406 4640 Qui
1422 4574 1507 4629 habet
1531 4590 1613 4628 aures
1631 4569 1773 4640 audiendi,

986 4667 1164 4733 audiat(luc.
1181 4666 1224 4736 ιι).
1236 4665 1286 4719 His
1301 4664 1389 4735 igitur
1401 4660 1583 4735 pluribusque
1602 4662 1665 4716 aliis
1684 4666 1774 4729 ’ΜΠ

985 4751 1778 4825 verbisDominuscorporumresurrectionemdeclaravit.

147 4087 283 4141 versionis
304 4087 394 4141 omnis
406 4089 532 4158 expertia
551 4087 707 4142 manebunt
723 4105 729 4139 ε
746 4088 785 4141 sic
805 4088 943 4153 videlicet,

147 4179 239 4229 utnec
251 4175 310 4229 vita
322 4175 387 4229 loeta
405 4176 491 4246 justis
505 4177 590 4230 tinem
613 4175 754 4242 habitura,
769 4191 821 4229 ncc
830 4176 945 4230 afflictio

145 4268 176 4317 et
187 4279 273 4335 poena
286 4264 478 4334 peccatoribus
491 4265 646 4318 terminum
661 4269 810 4335 acceptura
824 4264 870 4318 sit.
887 4265 944 4319 Ne-

149 4368 199 4422 que
214 4352 292 4406 enim
302 4351 449 4406 sublimior
459 4359 523 4424 post
537 4370 602 4408 eum
621 4353 694 4407 alter
709 4353 795 4424 judex
814 4358 865 4419 est,
892 4370 944 4407 nec

147 4440 352 4511 persequentia
361 4457 448 4511 opera
462 4442 602 4511 purgatio,
611 4443 945 4512 necpraestitutusemen-

149 4526 269 4583 datioms
290 4529 439 4596 terminus,
451 4546 501 4584 nec
515 4530 570 4584 alia
585 4530 643 4584 ulla
657 4530 692 4584 iis
712 4530 803 4601 quiin
818 4531 943 4586 cruciatu

149 4616 334 4672 versabuntur
345 4633 392 4671 ars
406 4622 434 4672 et
457 4618 540 4684 ratio,
566 4619 669 4690 quippe
684 4635 747 4673 cum
775 4619 943 4690 supplicium

148 4719 200 4760 una
211 4722 277 4760 cum
291 4705 359 4776 ipsis
369 4706 398 4760 in
409 4707 613 4778 sempiternum
628 4708 721 4763 duret.

177 4839 248 4903 Quae
262 4854 328 4892 cum
343 4838 383 4893 ita
394 4840 459 4906 sint,
477 4840 574 4911 quales
586 4840 702 4894 tandem
715 4857 766 4894 nos
786 4841 816 4895 in
841 4841 943 4896 sanctis
984 4844 1088 4917 Reipsa
1102 4849 1196 4898 autern
1211 4841 1387 4897 sermonibus
1400 4841 1458 4895 suis
1472 4841 1556 4895 sidem
1571 4840 1699 4907 astruxit,
1716 4857 1780 4894 cum

147 4926 403 4982 conversationibus
415 4944 448 4981 ac
466 4928 519 4998 piis
534 4928 689 4983 actionibus
708 4946 768 4983 esse
781 4935 900 4999 oportet,
913 4935 945 4985 ut
985 4939 1110 4988 mortuos
1125 4932 1161 4986 ad
1173 4932 1258 4986 vitam
1273 4929 1420 4994 revocavit,
1437 4946 1469 4982 ac
1487 4928 1539 4983 sub
1562 4930 1704 4984 terrestris
1717 4930 1779 4987 vitae

147 5014 221 5087 digni
235 5014 393 5069 habeamur·
406 5023 539 5070 venturas
560 5017 652 5072 minas
675 5018 807 5088 effugere,
823 5024 908 5089 atque
928 5034 944 5072 a
985 5038 1042 5076 suae
1057 5020 1253 5090 catastrophen
1261 5017 1778 5087 Lazarumquemdamamicumsuum,

146 5102 252 5158 dextris
266 5103 331 5157 Filii
348 5104 399 5158 Dei
410 5108 486 5157 stare
502 5106 601 5170 (lcht.
617 5105 682 5169 ml?
697 5107 768 5159 Nam
783 5106 841 5160 haec
856 5107 946 5177 justo
986 5110 1034 5182 qui
1045 5111 1105 5180 jam
1119 5107 1269 5178 quatriduo
1286 5111 1412 5160 mortuus
1427 5110 1497 5172 crat,
1514 5122 1546 5160 ac
1559 5105 1683 5171 fatebat,
1695 5124 1780 5163 emo·

148 5207 208 5247 rum
223 5192 310 5246 statio
320 5198 372 5257 est,
384 5193 620 5263 quemadmodum
630 5199 728 5248 contra
739 5193 897 5249 miserrima
909 5195 944 5248 ad
986 5202 1121 5252 numento
1134 5195 1249 5257 vocavit,
1259 5210 1379 5264 eumque
1390 5195 1437 5265 qui
1447 5194 1570 5248 animam
1581 5196 1734 5263 elllavcrat,
1743 5197 1781 5251 vi·

148 5279 290 5335 sinistram
302 5296 368 5351 pars
387 5281 578 5352 peccatoribus
590 5282 734 5353 assignata
747 5289 799 5336 est.
818 5284 885 5338 Post
897 5300 945 5338 au·
986 5303 1050 5341 vum
1064 5284 1189 5339 exhibuit
1204 5285 1293 5351 (loon.
1304 5282 1434 5347 manin
1450 5283 1508 5354 ipse
1520 5301 1630 5356 quoque
1643 5285 1780 5340 Dominus

148 5372 201 5423 tem
217 5369 356 5424 Dominus
369 5371 461 5440 justos
477 5370 570 5424 Patris
598 5370 642 5424 sui
669 5370 830 5425 benedictos
844 5389 944 5426 vocans
985 5373 1146 5446 perlectam,
1161 5388 1212 5426 nec
1223 5373 1282 5442 jam
1292 5371 1535 5442 mortisubjectam
1546 5373 1779 5427 resurrectionem

148 5456 253 5524 thaeco.
269 5457 397 5524 xxxvl,in
404 5464 571 5530 perpetuum
578 5459 871 5529 regnumiutroducet3
879 5477 944 5533 pec·
986 5461 1147 5532 auspicatus
1160 5466 1215 5514 cst:
1224 5461 1327 5531 quippe
1337 5460 1482 5531 quimorte
1492 5460 1520 5515 in
1531 5462 1778 5531 carnedegustata,

147 5550 254 5601 catores
277 5551 374 5601 autem
395 5563 459 5601 cum
482 5548 526 5602 ira
539 5553 567 5602 et
588 5547 778 5603 exsecratione
793 5564 810 5602 a
823 5549 902 5603 suavi
915 5555 944 5603 et
983 5550 1078 5605 triduo
1089 5553 1154 5622 post
1163 5549 1198 5604 ad
1212 5549 1300 5604 vitam
1313 5549 1406 5616 rediit,
1418 5549 1779 5621 acmortuorumprimoge-

147 5634 300 5743 tranquilla
312 5634 382 5689 facie
395 5652 448 5690 sua
459 5634 582 5707 abjectos
603 5636 672 5708 (quo
697 5636 767 5692 nibil
780 5637 893 5708 gravius
916 5640 944 5692 et
985 5638 1061 5694 nitus
1075 5638 1190 5694 effectus
1202 5641 1245 5694 est
1265 5639 1289 5709 tl
1296 5638 1358 5696 Cor.
1371 5639 1440 5708 xvv).
1461 5638 1628 5709 Quanquam
1641 5636 1717 5692 enim
1731 5634 1779 5690 alii
