3818 6120
147 312 197 367 sti
701 301 746 355 DE
765 300 859 356 vtrls
878 297 1026 356 PATRUM
1045 299 1151 354 LIBER
1170 301 1216 354 lv.
1733 305 1785 363 843

140 436 241 493 areum
257 434 444 489 commoratus
461 429 606 487 iterumn,
630 429 720 479 callot.
739 440 785 489 vu,
802 443 860 486 cort·
886 421 1054 489 ‘lihhritas
1068 422 1097 477 in
1113 441 1160 489 eo,
1176 429 1204 478 et
1214 423 1412 494 cumloquitur
1423 424 1612 491 mendacium,
1624 442 1657 481 01
1665 430 1784 501 propriis

147 544 210 582 cum
225 531 254 579 01
265 524 324 594 ipse
339 518 490 588 singularis
506 521 534 569 et
548 512 774 584 incomparabilis
796 514 838 567 vir
858 518 941 577 esset,
984 511 1109 582 loquitur
1126 515 1211 575 (locvs.
1229 514 1305 581 vini:
1319 512 1460 567 Pelusium
1475 515 1566 584 petiit,
1578 514 1719 572 ubiillum
1728 518 1782 574 im.

147 615 183 669 ob
197 609 444 684 reprehensionem
466 605 550 658 unius
568 602 714 667 sermonis,
738 619 821 673 quem
846 607 944 656 contra
984 605 1057 655 trem
1076 608 1192 656 noverat
1210 602 1388 667 commorari,
1405 619 1490 672 quem
1507 604 1650 675 malignus
1669 606 1783 678 spiritus

147 702 275 757 abbatem
292 696 444 753 blacarium
457 693 554 747 durius
576 691 701 763 protulit,
726 697 783 744 tam
805 692 866 745 diro
887 690 944 744 (110-
986 690 1106 743 asseruit
1119 690 1425 761 essedeceptum.Erat
1434 692 1520 746 etiam
1531 693 1569 747 ibi
1584 700 1614 748 et
1621 695 1697 749 alius
1704 697 1786 753 frater

146 791 222 846 moni
237 795 280 844 cst
292 784 436 842 confestim
450 782 581 845 traditus,
599 786 630 834 ut
640 780 778 834 humanas
788 779 944 850 egestiones
986 776 1026 829 illi
1052 778 1226 843 notissimus,
1244 795 1327 849 quem
1341 780 1518 850 interrogans
1529 782 1563 836 de
1573 783 1676 837 eodem
1692 783 1782 853 fratre,

146 880 187 935 011
203 896 254 934 suo
265 878 415 947 ingereret.
432 871 511 937 Quod
528 868 669 940 flagellum
686 869 860 939 purgationis
873 868 944 922 divi·
986 867 1091 936 reperit
1100 867 1174 938 quod
1189 868 1286 921 eadem
1302 875 1394 933 nocte,
1411 885 1466 940 qua
1480 871 1646 926 teterrimus
1665 872 1712 927 ille
1732 874 1782 930 ds·

146 969 246 1024 namei
256 959 637 1032 intulissedispensationem,
653 975 688 1011 nc
703 957 744 1011 vel
756 957 944 1012 momentanei
986 971 1052 1008 mon
1067 955 1178 1010 ruinam
1194 958 1312 1026 ejussuo
1323 957 1602 1029 principinnntiaret,
1616 963 1781 1018 monasterio

136 1058 252 1130 ‘peccati
267 1046 777 1110 111011111100111101011010011110
792 1047 944 1100 curationis
985 1043 1104 1114 pristino
1119 1045 1261 1111 derelicto,
1277 1045 1367 1099 vicum
1378 1046 1515 1116 petiisset,
1527 1054 1556 1101 et
1576 1049 1604 1102 in
1624 1048 1780 1106 fornicatio-

145 1134 944 1219 ejusdemonstratumest.Namcontinuoabbatehlacario
985 1148 1050 1186 nem
1060 1133 1780 1195 miserabilitercecidisset.Haecautemaudiensfra

146 1239 174 1291 in
188 1235 343 1290 orationem
354 1233 501 1302 prostrato,
518 1226 594 1280 dictu
606 1224 687 1278 citius
702 1225 841 1293 malignus
860 1223 943 1307 spiri-
985 1227 1037 1286 ter,
1050 1222 1194 1293 suspirans
1204 1223 1320 1289 etflens,
1333 1239 1459 1278 reversus
1470 1225 1547 1280 estin
1558 1227 1652 1282 locum
1661 1245 1748 1283 suum.

145 1332 191 1379 tus
204 1324 238 1378 ab
251 1340 283 1377 οο
297 1321 410 1389 fugatus
419 1314 556 1370 discessit.
1289 1348 1406 1403 CAPUT
1418 1349 1473 1403 LV·

182 1415 219 1468 Ex
235 1428 289 1483 quo
304 1406 451 1462 manifeste
476 1402 668 1474 perpenditur,
685 1416 741 1453 non
767 1399 868 1453 debere
895 1415 942 1453 ens

145 1501 300 1558 abominari
314 1498 357 1551 vel
371 1493 475 1566 despici
489 1508 559 1563 quos
573 1491 697 1544 videmus
718 1489 834 1542 diversis
849 1493 942 1542 tenta·

144 1591 268 1646 tionibus
283 1588 324 1641 rel
336 1583 466 1654 malignis
477 1579 623 1653 spiritibus
638 1579 711 1632 tradi
728 1579 817 1642 libid,
834 1596 856 1632 c.
872 1575 920 1638 asi
935 1596 941 1643 ;

145 1681 210 1751 quia
223 1679 278 1732 duo
293 1678 351 1730 haec
364 1673 478 1728 credere
495 1668 675 1724 immobiliter
685 1683 735 1720 nos
748 1671 859 1737 oportet
871 1683 876 1717 ε
890 1665 944 1736 pri·
1021 1667 1148 1748 Quodam
1165 1672 1261 1722 autem
1283 1673 1411 1738 tempore
1432 1668 1612 1740 duoquidam
1629 1671 1783 1744 philosophi

145 1785 200 1832 mo,
217 1766 291 1838 quod
312 1764 372 1818 sine
387 1761 437 1816 Dei
453 1758 591 1830 permissu
606 1757 700 1809 nullus
715 1755 828 1808 omnino
851 1738 1466 1820 101110-Β11111101101111111η1011111111,
1485 1754 1672 1828 perrexerunt
1682 1761 1784 1817 adeum

143 1864 208 1918 tur;
224 1853 355 1912 secundo,
373 1850 446 1921 quod
460 1848 553 1902 omnia
574 1862 634 1915 quae
658 1861 675 1896 a
690 1845 747 1897 Deo
767 1842 846 1896 nobis
871 1843 942 1895 infe-
986 1843 1784 1921 (Cassium,rottot.v111,cop.18).Quicuminterseqnas-

144 1951 254 2010 runtur,
268 1943 343 1996 velut
358 1957 374 1993 a
388 1937 513 2009 piissimo
527 1941 606 2005 patre
617 1949 649 1987 ac
658 1932 943 1986 clementissimome-
987 1933 1051 1987 darn
1068 1933 1236 2004 quaestiones
1248 1932 1421 1996 habuissent,
1434 1935 1621 2006 despicientes
1629 1938 1783 2011 philosophi

143 2035 214 2098 dico,
232 2047 281 2103 pro
296 2027 400 2084 nostris
415 2024 584 2080 utilitatibus
596 2023 765 2091 irrogentur.
988 2023 1288 2088 111011111111111011111111,
1299 2024 1548 2095 velutimperitum
1567 2031 1596 2080 et
1609 2026 1672 2081 sine
1688 2028 1784 2083 iiim

450 2149 566 2205 gqppq·
576 2148 635 2202 Hp
791 2142 798 2163 ο
986 2112 1088 2175 virum,
1101 2111 1205 2165 reversi
1218 2111 1329 2166 suntab
1338 2128 1381 2167 eo.
1401 2113 1533 2168 l'olentes
1548 2121 1646 2169 antem
1665 2132 1740 2181 eum,
1761 2117 1783 2171 si

472 2176 481 2204 t
640 2188 645 2199 ’
987 2199 1057 2253 nihil
1071 2200 1192 2270 amphus
1204 2201 1361 2271 potuissent
1374 2201 1484 2268 laedere,
1499 2203 1542 2256 vel
1554 2202 1589 2256 de
1608 2205 1713 2259 cellula
1725 2206 1782 2276 ejus

1090 1455 1126 1507 lto
1140 1456 1244 1507 duobus
1256 1455 1432 1524 pbilosophis,
1443 1460 1494 1524 qui
1503 1458 1540 1510 ad
1549 1464 1682 1512 sanctam

1197 1544 1353 1597 Antoru'unv
1372 1552 1567 1612 perrexerunt.

223 2264 410 2328 110110100110,
427 2263 476 2330 qrrr'
491 2263 521 2313 in
536 2259 685 2312 solitudine
697 2262 776 2310 rtocto
791 2256 860 2309 rtdtt

982 2288 1097 2358 magicis
1108 2289 1290 2359 praestigiiset
1300 2290 1537 2346 circumventione.
1551 2292 1713 2347 daemonum
1723 2310 1781 2365 per·

344 2350 554 2406 rraultitudincnr
568 2348 734 2399 clarisonum.

980 2376 1104 2443 turbare,
1123 2377 1301 2432 immiserunt
1324 2379 1349 2432 ei
1371 2379 1558 2449 nequissimos
1581 2382 1726 2437 daemones
1747 2383 1779 2437 ad

177 2476 400 2545 556Ουί111111
411 2477 506 2527 autem
516 2472 603 2523 trater
615 2469 759 2535 (Cassium,
772 2470 863 2523 cotlot.
878 2480 937 2532 vrn,
981 2465 1234 2536 impugnationem,
1249 2467 1301 2520 hac
1316 2466 1420 2521 invidia
1433 2474 1461 2523 et
1482 2468 1569 2525 livore
1595 2471 1727 2541 perculsi,
1749 2487 1780 2526 eo

143 2585 201 2639 cop.
217 2565 274 2637 16),
291 2583 353 2633 cum
369 2579 420 2636 per
433 2559 613 2615 solitudinem
628 2558 683 2611 iter
692 2563 797 2626 ageret,
806 2556 939 2626 advespe-
982 2554 1056 2624 quod
1068 2556 1150 2609 multi
1166 2555 1311 2610 hominum
1326 2555 1360 2609 ad
1372 2557 1462 2622 illum,
1479 2558 1620 2612 1011111101
1636 2559 1779 2625 famulum,

142 2645 940 2727 rantediespeluncamquamdamreperiens,ibidemsub·
981 2643 1105 2712 quotidie
1130 2644 1319 2698 convenirent.
1343 2644 1478 2716 Cumque,
1500 2645 1549 2700 illo
1574 2663 1651 2702 nunc
1670 2649 1780 2719 quidem

142 2747 224 2802 stitit.
240 2745 294 2800 Ubi
309 2743 375 2797 dum
391 2739 513 2812 psalmos
528 2753 560 2790 ex
576 2752 653 2790 more
668 2741 804 2796 cantaret,
826 2741 940 2805 tempus
981 2732 1160 2802 imprimente
1174 2733 1341 2803 pectorisuo
1351 2738 1380 2787 et
1393 2733 1478 2788 fronti
1488 2735 1667 2804 signaculum
1683 2738 1780 2805 0111011,

142 2835 240 2890 mediae
250 2832 341 2887 noctis
355 2828 483 2884 excessit.
501 2827 627 2896 Cumque
640 2824 719 2878 finita
733 2824 839 2894 vigilia,
852 2823 940 2877 refec·
981 2837 1056 2874 nunc
1069 2837 1134 2874 vero
1144 2821 1264 2876 orationi
1274 2821 1439 2893 suppliciter
1449 2822 1612 2889 incubante,
1625 2840 1781 2898 necappro-

142 2930 222 2978 turus
236 2923 342 2976 lassum
358 2934 468 2988 corpus,
488 2914 635 2986 paululum
648 2913 807 2978 resedisset,
825 2917 940 2984 repente
982 2909 1781 2982 pinquarequidemdurissimidaemoneseidemauderent,

140 3001 942 3082 coepitinnumerabilescatervasdmnmrmmundiquecon·
982 2998 1194 3054 revertebantur
1208 3000 1364 3082 111001ᾳυί
1388 3000 1450 3054 11101
1468 3000 1640 3064 direxerant,
1661 3004 1724 3058 sine
1747 3003 1783 3058 ef.

141 3100 287 3156 fluentium
305 3096 423 3161 intueri;
436 3110 497 3165 quae
510 3092 622 3146 infinita
632 3090 835 3160 constipatione
846 3107 942 3161 proce·
954 3088 1065 3152 Gfectu.
1082 3089 1159 3142 Tunc
1171 3087 1213 3142 illi
1228 3088 1298 3142 alios
1313 3104 1434 3153 rursum,
1452 3090 1531 3160 qnasi
1539 3091 1725 3161 potentiores,
1734 3093 1782 3148 mi·

141 3190 248 3255 dentes,
275 3187 336 3242 alia
358 3182 495 3256 praeibant
519 3180 671 3251 principem
695 3195 788 3241 suum,
811 3179 872 3234 alia
894 3196 938 3232 se·
980 3181 1087 3231 serunt.
1103 3177 1231 3249 Cumque
1246 3184 1274 3231 et
1289 3177 1329 3231 illi
1344 3178 1454 3248 fatigati
1468 3179 1662 3245 revertissent,
1680 3181 1781 3236 iterum

141 3278 318 3349 quebantur:
336 3274 385 3345 qui
404 3273 532 3344 princeps
558 3286 664 3333 eorum,
691 3274 720 3322 et
745 3268 939 3336 magnitudine
980 3266 1049 3319 alios
1062 3266 1245 3320 nihilominus
1260 3267 1432 3338 potentiores
1447 3284 1479 3322 ac
1493 3268 1720 3324 vehementiores
1733 3270 1781 3325 ad-

140 3366 282 3440 procerior
296 3362 413 3427 cunctis,
430 3367 458 3415 et
471 3364 584 3430 aspectu
604 3356 757 3411 terribilior
782 3356 937 3410 videbatur.
980 3370 1075 3410 versus
1091 3355 1210 3409 militem
1227 3355 1330 3409 Christi
1345 3355 1564 3423 destinaverunt,
1584 3358 1633 3427 qui
1648 3358 1721 3413 nihil
1734 3376 1780 3431 pe·

140 3458 267 3528 Cumque
280 3454 310 3508 in
323 3451 444 3524 quodam
456 3449 526 3502 solio
537 3446 739 3501 sublimissimo
756 3445 937 3511 consedisset,
981 3445 1057 3498 nitus
1072 3445 1286 3515 praevaluerunt,
1301 3444 1423 3500 Antonio
1433 3446 1552 3500 viriliter
1561 3446 1732 3503 reluctante.
1745 3448 1781 3503 b

139 3545 359 3614 uniuscujusque
380 3545 458 3593 actus
481 3536 609 3605 diligenti
628 3535 833 3588 examinatione
856 3535 941 3605 cepit
981 3533 1077 3603 itaque
1089 3532 1159 3586 nihil
1174 3532 1350 3603 profecerunt
1365 3533 1435 3587 tales
1449 3538 1592 3605 tantaque
1604 3551 1705 3590 eorum
1718 3536 1782 3590 insi·

139 3635 294 3698 discutere3
310 3630 428 3698 illosque
443 3626 491 3696 qui
506 3624 627 3678 necdum
640 3640 669 3676 se
684 3623 884 3677 circumvenire
906 3639 940 3678 ee
981 3620 1043 3687 dim,
1059 3626 1119 3675 tota
1131 3624 1241 3691 magica
1251 3628 1312 3676 arte
1328 3628 1356 3677 01
1376 3623 1570 3677 necromantia
1592 3625 1727 3694 quaesitae,
1751 3631 1781 3680 111

139 3723 230 3777 mulos
240 3737 305 3775 suos
320 3717 444 3789 potuisse
462 3711 601 3778 dicebant,
617 3712 695 3765 velut
707 3712 823 3776 inertes,
842 3730 859 3764 a
873 3729 939 3766 con·
980 3726 1031 3781 per
1045 3712 1104 3764 hac
1118 3710 1324 3765 evidentissime
1337 3711 1553 3782 comprobarent
1575 3727 1711 3784 magnam
1724 3714 1779 3768 vii».

139 3817 237 3882 spectu
251 3824 302 3863 suo
315 3822 379 3860 cum
392 3803 498 3873 injuria
509 3800 627 3872 jubebat
637 3800 746 3871 expelli,
762 3800 852 3870 spotia
866 3801 938 3855 tanti
980 3806 1069 3854 tutem
1085 3799 1175 3853 inesse
1190 3800 1354 3870 professioni
1364 3801 1600 3869 Christianorum,
1616 3802 1778 3874 quibosiiiae

138 3897 274 3969 temporis
287 3900 316 3950 01
334 3909 404 3965 opus
418 3891 540 3945 inaniter
558 3905 712 3960 expensum
736 3905 801 3943 cum
824 3889 938 3944 fremitu
979 3894 1037 3941 tam
1052 3887 1245 3943 saevaeumbrse
1263 3889 1333 3943 nibil
1355 3890 1518 3953 Antonium,
1538 3907 1597 3946 non
1617 3891 1712 3946 solum
1735 3891 1780 3947 la·

138 3986 242 4043 luroris
256 3985 297 4040 eis
307 3981 486 4055 exprobrans.
501 3978 566 4033 lllos
580 3994 645 4032 vero
660 3977 707 4049 qui
723 3977 891 4032 nuntiabant
908 3994 938 4033 se
979 3977 1054 4044 dere,
1071 3978 1120 4032 sed
1134 3994 1184 4031 nec
1200 3982 1304 4049 puncto
1318 3978 1432 4048 quidem
1445 3979 1480 4033 de
1492 3977 1654 4036 habitaculo
1670 3997 1722 4036 suo
1735 3996 1778 4035 ῃ.

139 4070 380 4146 consignatossibi
398 4069 526 4124 homines
545 4067 696 4139 decepisse,
721 4067 839 4121 summis
849 4067 937 4121 laudi·
978 4066 1092 4120 luerunt
1106 4065 1281 4136 perturbare.

139 4165 190 4221 bus
204 4181 268 4220 curn
288 4159 473 4217 exsultatione
488 4173 520 4212 ac
534 4156 628 4211 favore
643 4161 816 4222 cunctorum,
834 4161 866 4210 ut
879 4157 936 4211 for·
1013 4154 1067 4209 Pro
1081 4156 1133 4209 hac
1148 4173 1215 4226 ergo
1231 4157 1416 4210 admiratione
1442 4157 1591 4228 stupefacti
1616 4158 1777 4232 philosophi

136 4255 259 4310 tissimos
269 4255 450 4325 pugnatores,
466 4247 501 4301 nd
513 4247 671 4317 exemplum
683 4251 857 4312 cunctorum,
879 4246 937 4316 glo·
979 4246 1068 4313 (ibid,
1086 4262 1108 4298 c.
1129 4244 1180 4314 19),
1196 4245 1342 4299 confestim
1357 4245 1392 4300 ad
1406 4251 1535 4301 sanctum
1558 4248 1717 4303 Antonium
1735 4265 1778 4304 70,

136 4344 305 4400 riosissimos
320 4355 414 4395 coram
429 4334 560 4390 omnibus
584 4334 739 4389 emittebat.
765 4335 843 4388 lnter
866 4351 936 4406 quos
977 4338 1089 4400 nerunt,
1107 4333 1350 4404 impugnationum
1364 4350 1480 4390 suarum
1496 4335 1726 4407 magnitudinem
1749 4346 1777 4393 et

136 4450 199 4490 cum
214 4432 329 4504 quidam
343 4426 531 4498 nequissimus
547 4424 672 4495 spiritus,
688 4429 785 4494 utpote
801 4407 1074 4494 magnumDeausas
1089 4427 1173 4494 atque
1193 4423 1309 4478 insidias
1332 4423 1426 4478 livoris
1455 4425 1499 4478 sui
1522 4425 1547 4479 ei
1571 4427 1775 4497 patetecerunt,

135 4522 310 4592 triumphum
322 4516 513 4579 nuntiaturus,
530 4513 620 4567 1101101
640 4512 806 4578 advenisset,
832 4529 935 4567 nomen
977 4512 1152 4567 Christianos
1171 4530 1200 4567 se
1211 4513 1270 4567 tieri
1282 4513 1410 4584 protinus
1425 4519 1621 4584 poposcerunt.
1650 4516 1775 4587 Cumque

136 4610 266 4667 monachi
280 4607 385 4681 optime
400 4602 507 4673 cogniti
521 4601 685 4671 designarit,
695 4617 823 4656 asserens
835 4610 935 4673 sepost
976 4601 1050 4655 diem
1065 4601 1162 4655 abillis
1177 4602 1293 4673 proditae
1302 4603 1522 4673 impugnationis
1530 4603 1701 4674 requireret,
1708 4604 1775 4659 iudi

136 4702 259 4773 quinque
273 4699 421 4769 [Cassian.,
435 4690 606 4763 quindecim]
622 4706 719 4754 annos,
741 4690 842 4760 quibus
869 4708 932 4745 eum
975 4695 1125 4758 caverunt;
1138 4692 1260 4746 asseruit
1272 4697 1365 4746 autem
1377 4691 1516 4746 seusatus
1535 4694 1679 4749 Antonius
1699 4710 1775 4748 amq.

133 4790 240 4859 jugiter
255 4786 405 4851 obsideret,
422 4783 465 4836 vix
481 4780 579 4834 eadem
594 4783 675 4833 nocte
685 4779 712 4832 in
724 4779 834 4832 ruinam
845 4779 933 4834 forni-
974 4780 1092 4834 rissimis
1106 4781 1307 4851 cogitationum
1314 4781 1434 4835 stimulis
1442 4785 1509 4835 tunc
1521 4781 1609 4836 fuisse
1619 4783 1773 4854 pulsatum.

135 4877 251 4932 cationis
268 4876 406 4930 mersisse.
426 4873 516 4942 Super
535 4870 614 4939 cujus
633 4868 770 4922 relatione
791 4885 854 4922 cum
879 4870 931 4922 im·
1009 4869 1145 4924 Eumdem
1162 4870 1275 4924 beatum
1286 4870 1440 4924 Antonium
1458 4870 1499 4924 ita
1517 4885 1728 4943 nonnunquam
1744 4871 1773 4926 in

135 4981 217 5020 mane
232 4969 396 5018 cunctorum
403 4960 539 5032 gaudium
548 4957 646 5012 fuisset
660 4963 796 5022 exortum,
815 4958 931 5012 summis
973 4958 1099 5013 oratione
1113 4959 1240 5013 novimus
1260 4959 1414 5031 perstitisse
1440 4959 1589 5045 (Cassios,
1614 4965 1714 5016 coltot.
1735 4975 1773 5030 11,

135 5073 151 5109 a
178 5053 301 5125 principe
323 5067 420 5106 eorum
444 5047 574 5103 laudibus
600 5047 733 5111 elevatus,
764 5047 930 5117 magnisque
972 5063 1029 5116 coir.
1052 5047 1107 5116 31),
1120 5055 1153 5103 ut
1167 5048 1265 5102 eodem
1285 5049 1314 5102 in
1336 5064 1449 5103 excessu
1475 5048 1580 5103 mentis
1608 5049 1772 5122 frequentor

134 5141 280 5216 preconiis
293 5144 442 5194 coronatus
457 5136 600 5190 abscessit.
613 5135 825 5205 Auroraitaque
835 5152 930 5206 super·
970 5143 1078 5198 orante,
1092 5154 1156 5191 cum
1171 5137 1237 5191 solis
1253 5143 1331 5193 ortus
1345 5137 1475 5211 coepisset
1497 5137 1621 5204 infundi,
1648 5139 1770 5194 audiui.

134 5231 272 5294 veniente,
288 5245 351 5282 cum
367 5227 458 5282 omnis
473 5224 928 5279 multitudodaemonumaboculis
970 5242 1033 5279 mus
1047 5242 1112 5280 eum
1122 5227 1152 5280 in
1160 5226 1266 5281 ferrare
1278 5227 1394 5298 spiritus
1405 5227 1445 5281 sic
1454 5226 1692 5297 proclamantem:
1702 5226 1771 5293 Quid

133 5325 194 5395 ejus
209 5317 375 5381 evanuisset,
393 5314 524 5369 dubitans
537 5315 624 5367 frater
646 5313 692 5367 ille
716 5313 750 5366 de
775 5315 929 5369 assertione
970 5330 1015 5367 me
1025 5314 1153 5386 impedis,
1171 5315 1221 5382 sol,
1243 5316 1291 5386 qui
1305 5316 1404 5370 adhoc
1420 5315 1512 5383 oriris,
1528 5322 1562 5370 ut
1575 5332 1622 5371 me
1637 5317 1676 5373 ab
1690 5318 1770 5389 huius

132 5411 248 5486 spiritus
262 5403 410 5469 immundi,
427 5418 535 5457 memor
544 5402 630 5456 etiam
641 5403 805 5473 evangelicae
818 5409 928 5458 senten·
969 5403 1026 5457 veri
1042 5405 1155 5459 luminis
1170 5404 1317 5461 abstrahas
1329 5406 1466 5460 claritate.

131 5493 446 5572 nequamneuam
461 5508 517 5546 non
533 5491 619 5558 stetit,
639 5497 668 5545 et
683 5493 749 5562 quia
764 5508 818 5547 non
835 5499 926 5548 estve·
