3818 6120
135 241 187 303 tot
642 250 803 309 navins
821 252 969 310 Pereunt
987 250 1096 309 LIBER
1114 246 1260 306 eamus.
1716 238 1769 299 5oe

135 371 186 427 tibi
201 372 268 429 dare
282 390 401 447 nequeo,
416 381 449 430 ut
462 374 492 430 in
506 380 654 448 paternam
668 378 783 432 domum
798 377 930 445 abduces,
940 381 964 439 Α
974 377 1040 432 lists
1054 380 1083 432 et
1101 374 1249 447 theologus
1262 375 1352 431 (losa
1370 373 1400 440 tl,
1425 387 1509 428 nemo
1522 375 1611 438 28!
1631 370 1703 429 vidit
1715 388 1768 428 uu·

136 467 220 534 atque
235 480 252 517 a
265 464 334 518 meis
346 464 421 519 ulnis
435 465 591 533 abstrahas,
608 466 689 522 unica
701 468 776 522 enim
792 467 860 522 mihi
877 474 929 523 est.
973 483 1067 538 quam.
1082 465 1250 537 Unigenitus
1264 464 1360 526 Filius,
1373 461 1421 534 qui
1433 467 1476 516 est
1484 462 1513 517 in
1521 462 1586 517 sinu
1597 462 1702 529 Patris,
1711 462 1768 535 ipse

135 554 174 607 At
187 569 247 623 ego,
263 553 356 623 inquit
367 554 487 624 juvenis,
504 555 578 627 apud
594 572 641 609 vos
655 555 782 622 manebo,
795 562 931 611 vestram·
972 556 1122 611 enarravit.
1147 555 1215 626 Ejus
1228 569 1312 624 porro
1326 552 1374 624 qui
1387 551 1530 606 oculorum
1540 551 1672 608 obtutum
1689 554 1766 626 fugit.

137 657 190 711 qne
209 642 270 695 vitae
285 641 424 697 rationem
441 644 606 716 suscipiam3
621 660 653 699 ac
666 651 773 716 postea,
789 646 932 703 luculente
973 645 1217 717 atqueimmensus
1227 641 1768 713 estgloriametmajestatemquiatau·

134 734 209 782 veste
224 729 342 800 abjecta,
358 732 432 786 senis
443 732 519 787 illius
531 738 620 788 vestes
635 735 725 805 petiit,
740 735 831 806 iisque
843 752 873 790 se
888 735 932 790 in·
972 735 1037 790 dem
1052 749 1148 787 eorum
1166 732 1214 804 qui
1228 748 1243 785 e
1257 737 1334 785 terra
1353 730 1474 784 concreti
1496 736 1572 795 sunt,
1591 732 1768 804 comprehen·

135 815 205 870 duit.
222 818 349 890 Cumque
362 820 409 875 ille
423 821 515 892 ipsum
529 822 578 877 diu
594 824 771 895 multumque
783 830 930 891 tentasset,
973 840 1034 878 sam
1046 822 1150 877 habere
1166 825 1260 892 queat,
1275 819 1329 873 nisi
1344 818 1397 891 ipsi
1412 818 1550 875 arbitratu
1564 835 1616 875 suo
1626 836 1690 875 eam
1702 828 1770 893 pals·

133 905 273 978 variisque
287 908 378 963 modis
388 909 474 981 ipsius
489 912 616 965 animum
626 913 806 983 explorasset,
824 918 855 968 ut
868 930 933 968 eum
974 912 1080 978 fecerit,
1105 909 1344 983 quemadmodum
1367 908 1474 963 scilicet
1492 909 1640 981 prophetis
1664 910 1724 966 suis
1748 918 1772 968 et

134 996 237 1050 mentis
248 997 387 1066 gravitate
402 999 549 1070 praeditum
564 1017 626 1055 esse
640 1003 777 1073 cognovit,
788 1002 933 1058 necstnlto
974 1001 1108 1072 apostolis
1124 998 1271 1072 patelecitl
1286 998 1343 1052 Nos
1358 1003 1453 1052 autem
1465 1002 1527 1052 tum
1541 1014 1574 1052 ex
1589 1014 1689 1054 eornm
1704 1016 1771 1072 pre-

135 1083 257 1153 quodam
272 1102 368 1141 amore
391 1087 535 1144 obsessum
550 1089 636 1143 filiam
651 1106 731 1144 suam
746 1090 775 1145 in
790 1092 933 1145 matrimo·
974 1090 1123 1156 dicatione,
1136 1095 1196 1144 tum
1211 1087 1314 1159 exipsa
1324 1102 1419 1141 rerum
1432 1091 1543 1153 natura,
1556 1092 1696 1159 quantam
1703 1104 1775 1145 asse·

134 1171 213 1227 nium
227 1179 437 1245 petere,verum
451 1178 564 1249 pietatis
578 1178 671 1233 studio
685 1196 836 1251 pauperem
845 1180 929 1234 vitam
971 1180 1020 1251 qui
1036 1178 1116 1234 nobis
1130 1179 1223 1244 datur,
1241 1193 1303 1232 eam
1317 1175 1463 1230 discimus.
1474 1175 1521 1229 Ait
1531 1176 1607 1231 enim
1617 1177 1770 1250 Scriptura:

133 1263 296 1334 amplexari,
309 1282 426 1337 eamque
435 1267 532 1337 gloriae
545 1284 602 1322 suae
612 1286 644 1323 ac
659 1269 796 1324 nobilitati
811 1270 931 1324 anteier-
972 1269 1040 1324 celi
1060 1272 1194 1323 enarrant
1203 1266 1322 1337 gloriam
1335 1264 1397 1330 Dei,
1420 1270 1449 1319 et
1463 1281 1548 1336 opera
1561 1281 1701 1322 manuum
1715 1268 1772 1339 eJns

133 1367 175 1417 re,
191 1361 305 1424 arrepta
319 1355 406 1426 ipsius
422 1372 506 1411 rnanu
520 1357 550 1411 in
567 1357 696 1411 conclave
710 1375 792 1413 suum
807 1374 873 1412 eum
887 1359 931 1413 in-
972 1358 1122 1412 annuntiat
1141 1357 1351 1410 firmamentum
1376 1356 1456 1413 lPsct.
1477 1362 1563 1421 xv111).
1585 1355 1626 1409 Ac
1651 1372 1770 1412 rursus:

134 1440 268 1508 traduxit,
288 1448 317 1497 et
340 1444 468 1513 ingentes
490 1461 557 1516 opes
577 1445 632 1500 illic
657 1447 823 1505 reconditas.
847 1453 932 1518 atque
973 1446 1126 1502 Invisibilia
1141 1445 1229 1516 ipsius
1244 1461 1261 1498 a
1275 1449 1405 1498 creatura
1419 1442 1526 1511 muudi,
1542 1459 1593 1514 per
1607 1460 1640 1499 ea
1660 1461 1724 1516 quoe
1736 1444 1775 1501 fa·

135 1528 367 1586 innumerabilem
389 1534 571 1605 pecuniarum
597 1535 711 1597 molem,
742 1542 932 1607 quantamque
973 1542 1019 1589 cta
1033 1540 1108 1599 sunt,
1124 1534 1266 1589 intellecta
1279 1531 1497 1603 conspiciuntur,
1517 1531 1693 1605 sempiterna
1710 1550 1775 1606 quo·

132 1618 244 1687 juvenis
263 1620 309 1675 ille
325 1638 469 1693 nunquam
489 1623 606 1690 viderat,
623 1624 676 1695 ipsi
693 1625 930 1679 commonstravit.
974 1642 1028 1698 que
1039 1623 1126 1695 ipsius
1139 1623 1265 1695 potentia
1279 1627 1308 1676 et
1321 1621 1451 1676 divinitas
1466 1623 1548 1681 idern.
1562 1622 1594 1691 ι).

134 1706 238 1779 llitque
252 1710 288 1763 ad
304 1727 367 1764 eum
384 1730 389 1765 ε
407 1712 469 1777 Fili,
484 1713 543 1767 lxaec
557 1714 653 1767 anania
666 1713 717 1767 tibi
731 1714 804 1767 dono
814 1714 965 1795 dapne-B
1012 1711 1253 1778 Quemadmodum
1268 1710 1343 1765 enim
1359 1709 1498 1782 quispiam
1512 1710 1628 1766 domum
1643 1711 1774 1782 preclare

135 1800 233 1865 pterea
245 1800 320 1869 quod
336 1817 462 1855 mearum
477 1818 561 1872 opum
583 1802 671 1856 lraeres
686 1819 747 1856 esse
765 1802 934 1857 inanimum
976 1817 1008 1854 ac
1023 1815 1132 1853 summa
1143 1802 1202 1851 arte
1210 1800 1408 1861 constructam,
1420 1799 1469 1849 aut
1478 1795 1620 1851 vasculum
1632 1795 1776 1868 eleganter

135 1884 279 1942 induxisti.
289 1888 352 1952 Qua
361 1889 524 1944 haereditate
540 1897 678 1961 percepta,
692 1891 738 1945 ille
750 1899 935 1947 omncsterrae
976 1889 1173 1943 concinnatum
1192 1885 1372 1957 perspiciens,
1396 1884 1580 1939 architectum
1593 1890 1645 1939 ant
1666 1884 1775 1941 fabrum

135 1971 235 2028 divites
252 1979 280 2029 et
295 1977 385 2031 claras
399 1978 525 2033 homines
538 1980 688 2050 superavit.
976 1978 1072 2032 statim
1087 1976 1122 2030 ob
1143 1974 1269 2029 animum
1283 1973 1337 2028 sibi
1363 1973 1493 2044 proponit
1517 1973 1557 2028 sic
1576 1974 1665 2029 etiam
1677 1991 1730 2045 ego
1743 1991 1775 2031 ex

171 2064 236 2118 Cae.
248 2065 334 2120 XVII.
351 2097 381 2107 -
398 2068 473 2122 Dixit
484 2073 578 2123 autern
589 2071 724 2141 iosaphat
738 2069 773 2123 ad
789 2070 933 2129 Barlaam:
977 2066 1064 2121 nihilo
1084 2065 1202 2128 effictus,
1218 2068 1303 2134 atque
1321 2063 1350 2117 in
1369 2067 1461 2116 ortum
1483 2062 1649 2133 productus,
1666 2062 1775 2119 etiamsi

134 2153 207 2223 Apte
220 2169 288 2209 sane
303 2154 360 2210 haec
382 2156 468 2210 etiarn
483 2158 607 2212 narratio
629 2176 722 2213 rerum
738 2175 864 2213 arearum
881 2166 936 2215 sta·
976 2157 1103 2211 lictorem
1122 2170 1155 2208 ac
1169 2153 1365 2224 productorem
1380 2166 1474 2205 meum
1489 2167 1603 2206 cernere
1624 2168 1774 2223 nequeam,

135 2245 195 2294 tum
211 2243 350 2312 exprimit,
367 2262 399 2299 ac
410 2246 527 2316 proinde
542 2247 577 2301 de
592 2264 637 2302 mc
649 2264 761 2319 quoquc
775 2249 833 2303 haec
843 2248 893 2303 abe
906 2254 936 2303 to
977 2251 1072 2299 tamen
1081 2260 1115 2297 ex
1126 2242 1271 2313 aptissima
1281 2239 1456 2310 maximeque
1463 2238 1631 2295 admiranda
1640 2241 1697 2296 mei
1705 2247 1775 2297 stru

134 2329 207 2384 dicta
223 2348 284 2387 esse
296 2333 434 2389 existimo.
446 2335 549 2390 Verum
566 2336 706 2406 quodnam
719 2337 832 2390 tandem
846 2343 890 2392 est
904 2336 936 2391 il·
977 2340 1058 2389 ctura
1071 2332 1104 2387 ad
1113 2331 1256 2402 sapientiae
1266 2329 1354 2401 ipsius
1364 2328 1550 2399 cognitionem
1560 2329 1636 2395 veni,
1646 2346 1703 2385 non
1712 2346 1777 2402 qua·

133 2418 183 2472 lud
193 2421 415 2492 experimentum
429 2426 561 2496 perquod
576 2424 664 2479 animi
680 2425 735 2478 mei
748 2425 934 2480 constantiam
977 2427 1060 2477 tenus
1068 2426 1120 2484 est,
1128 2420 1176 2474 sed
1185 2424 1322 2491 qnatenus
1333 2417 1490 2489 intelligere
1497 2433 1570 2489 queo
1580 2437 1586 2472 :
1598 2435 1703 2491 nempe
1711 2419 1776 2491 quia

135 2508 307 2578 exploratam
321 2510 428 2565 habere
438 2512 517 2582 cupis
526 2513 539 2565 'l
977 2526 1033 2565 non
1043 2525 1109 2563 casu
1120 2525 1152 2562 ac
1160 2507 1276 2562 fortuito
1285 2506 1437 2578 productus
1445 2522 1651 2570 sum,necame
1661 2507 1723 2579 ipso
1731 2524 1775 2563 ex·

171 2598 325 2669 Respondit
339 2616 441 2654 senex:
458 2600 593 2671 Equidem
605 2601 664 2673 ipse
678 2602 763 2657 etiam
779 2603 934 2673 periculum
976 2599 1045 2663 stiti,
1056 2614 1151 2652 verum
1166 2596 1225 2668 ipse
1238 2595 1377 2650 arbitratu
1386 2611 1437 2649 suo
1448 2611 1492 2648 me
1500 2594 1623 2650 effinxit:
1639 2596 1680 2651 sic
1689 2595 1774 2651 nimi·

135 2683 196 2749 feci,
209 2691 238 2740 et
252 2687 375 2741 intellexi
390 2694 494 2759 quanta
507 2690 535 2743 in
543 2696 571 2744 te
582 2691 683 2744 mentis
694 2690 843 2761 prudentia
850 2698 935 2762 atque
975 2705 1038 2742 rum
1064 2691 1094 2742 ut
1107 2702 1151 2740 me
1172 2702 1266 2739 rerum
1280 2684 1407 2738 omnium
1421 2683 1598 2738 conditarum
1621 2684 1775 2756 principem

136 2775 303 2840 constantia,
325 2793 465 2847 quamque
486 2783 578 2832 rectus
593 2785 621 2833 et
636 2779 746 2849 integer
759 2778 809 2834 tibi
824 2779 934 2834 animus
975 2773 1337 2845 constitueritquibusdam
1349 2778 1443 2827 autem
1454 2772 1733 2839 interioreml‘ecern't,
1743 2788 1775 2829 ac

138 2861 295 2929 sit;,verum
306 2865 424 2919 actionis
438 2872 494 2921 tuae
506 2867 570 2920 linis
581 2868 639 2922 hauc
646 2868 833 2923 confirmabit.
844 2869 934 2939 Hujus
975 2866 1126 2920 contritum
1146 2864 1230 2918 etiam
1242 2861 1336 2916 divino
1354 2877 1404 2915 suo
1420 2860 1539 2932 imperio
1549 2876 1594 2915 me
1609 2878 1642 2916 ex
1656 2861 1710 2916 hec
1720 2861 1775 2917 vila

135 2953 176 3006 rei
202 2953 294 3023 gratia
319 2956 400 3009 ilecto
430 2972 524 3026 genua
549 2974 612 3011 mea
635 2958 668 3012 ad
696 2959 784 3013 Deum
807 2964 933 3013 nostrum
976 2955 1105 3017 educens,
1121 2953 1155 3007 ad
1171 2952 1289 3006 alteram
1303 2949 1656 3021 vitamllnisexpertamac
1670 2950 1773 3023 sempi-

134 3043 240 3111 (pres.
265 3047 319 3113 ιιι),
347 3045 394 3115 qui
420 3044 449 3098 in
471 3046 610 3101 Trinitate
624 3047 791 3113 celebratur,
808 3048 842 3101 ad
857 3048 1084 3112 eun1,Cternam
1099 3040 1260 3097 transferat.
1275 3038 1382 3104 Quibus
1392 3037 1522 3093 omnibus
1535 3039 1565 3093 in
1578 3037 1664 3094 rebus
1682 3040 1773 3111 provi·

134 3130 260 3201 inquam,
286 3132 333 3203 qui
354 3133 458 3199 omnia,
484 3140 540 3189 tam
555 3152 616 3206 quae
632 3141 746 3208 aspectu
772 3136 933 3191 sentiuntur
974 3132 1075 3186 dentiae
1097 3130 1184 3202 ipsius
1208 3128 1312 3183 viribus
1332 3127 1468 3182 obluctari
1488 3143 1613 3199 nequeo,
1634 3144 1686 3183 nec
1704 3128 1776 3184 milti

134 3234 219 3289 quam
229 3237 291 3290 quae
301 3222 446 3276 oculorum
457 3239 571 3277 sensum
581 3224 694 3294 lugiunt
703 3224 873 3296 procreavit;
886 3225 934 3296 qui
974 3220 1138 3292 quidquam,
1153 3219 1197 3273 vel
1210 3222 1347 3288 quantum
1362 3217 1398 3270 ad
1413 3221 1561 3280 staturam,
1576 3217 1621 3271 vel
1635 3222 1773 3288 quantum

132 3324 197 3363 vere
211 3325 243 3363 ac
257 3311 428 3382 sempiterne
450 3316 501 3375 est,
520 3330 571 3367 nec
585 3313 702 3383 gloriosi
716 3320 808 3368 status
827 3313 870 3367 sui
884 3318 933 3367 aut
974 3312 1009 3364 ad
1022 3309 1119 3364 formae
1131 3309 1250 3379 liguram
1266 3306 1378 3372 attinet,
1394 3305 1515 3376 adJicere
1529 3311 1580 3360 aut
1592 3305 1769 3371 subtrahere,

133 3396 300 3469 principium
313 3417 436 3471 unquam
447 3400 555 3463 habuit,
568 3402 930 3457 autfinemhabiturusest:
974 3415 1025 3453 ner
1041 3414 1150 3469 eaquae
1168 3397 1196 3451 in
1220 3412 1265 3450 me
1285 3399 1424 3450 vetustate
1445 3394 1570 3449 conlecta
1590 3400 1669 3461 sunt,
1694 3410 1771 3451 reno·

133 3484 168 3538 ad
178 3485 268 3552 illum,
282 3487 406 3557 inquam,
416 3489 598 3543 metuendum
610 3496 694 3561 atque
705 3490 829 3544 omnium
839 3506 933 3546 rerum
975 3504 1051 3552 vare,
1068 3503 1119 3541 nec
1134 3503 1195 3557 qum
1210 3484 1374 3539 labefactata
1386 3491 1415 3538 et
1428 3490 1559 3554 oonupta
1573 3488 1650 3551 sunt,
1661 3484 1693 3539 in
1705 3484 1771 3539 inte·

133 3580 346 3645 praepotentem,
362 3576 524 3648 bonumque
544 3582 572 3631 et
592 3579 626 3632 ad
645 3579 851 3632 miserationem
868 3596 933 3649 pro·
974 3593 1056 3648 grum
1069 3575 1228 3629 restituere.
1246 3574 1344 3644 Neque
1357 3572 1432 3626 enim
1447 3572 1612 3626 mortalium
1630 3573 1707 3628 ullus
1722 3589 1770 3629 un·

134 3678 262 3732 pensum,
278 3670 310 3718 ut
324 3665 416 3719 cordis
439 3665 481 3719 tui
497 3667 592 3720 oculos
605 3666 755 3733 illuminet,
765 3667 868 3738 detque
882 3667 933 3721 tibi
975 3664 1126 3737 quamluit,
1138 3663 1185 3734 qui
1198 3663 1298 3717 horum
1309 3661 1463 3732 quidquam
1472 3659 1583 3715 efficere
1597 3668 1704 3732 posset,
1719 3678 1770 3717 non

134 3749 264 3819 spiritum
280 3751 425 3821 sapientiae
435 3759 464 3806 et
474 3753 650 3807 revelationis
664 3754 698 3808 ad
714 3754 802 3825 ipsius
812 3755 934 3824 agnitio·
975 3771 1033 3821 rex,
1044 3769 1100 3806 non
1111 3751 1233 3822 sapiens,
1244 3767 1301 3804 non
1309 3749 1394 3815 dives,
1402 3766 1458 3803 non
1469 3754 1576 3820 potens,
1588 3765 1647 3805 non
1656 3750 1771 3823 denique

134 3852 210 3901 nem,
226 3842 259 3892 ut
276 3856 427 3910 cognoscas
442 3857 504 3911 quae
518 3842 555 3895 sit
569 3859 632 3912 spes
653 3843 803 3897 venationis
822 3848 889 3909 tuae,
905 3850 935 3898 et
975 3842 1047 3896 alius
1071 3841 1208 3911 quispiam
1227 3839 1352 3892 bumana
1370 3838 1464 3893 studia
1487 3844 1662 3894 consectans.
1676 3840 1772 3895 Nullus

135 3941 196 3995 quae
209 3925 312 3981 divitiae
324 3928 421 3998 gloriae
445 3929 616 3984 haereditatis
629 3931 716 4002 ipsius
730 3931 758 3985 in
777 3931 890 3991 sanctis.
905 3937 934 3986 et
974 3931 1060 3996 enim,
1073 3928 1227 4000 inquitille,
1235 3932 1401 3998 segunnam
1408 3943 1504 3981 eorum
1512 3927 1560 3998 qui
1566 3927 1596 3982 in
1602 3926 1772 3984 sublimitate

135 4030 196 4085 qum
210 4016 422 4087 supereminens
431 4017 480 4071 illa
492 4019 655 4089 magnitudo
664 4020 795 4091 potentiae
805 4021 893 4092 ipsius
902 4021 932 4075 in
974 4025 1049 4085 sunt,
1060 4018 1136 4072 aliud
1147 4016 1246 4070 habuit
1255 4015 1410 4070 nativitatis
1423 4015 1544 4070 initium.
1556 4017 1638 4072 Unus
1647 4017 1725 4073 enim
1734 4022 1773 4073 eet

134 4119 185 4158 nos
195 4105 242 4175 qui
256 4105 435 4171 credidimus,
452 4112 482 4161 ut
493 4108 558 4179 jam
566 4125 621 4162 non
636 4109 675 4163 sis
689 4109 791 4180 hospes
805 4118 834 4163 et
848 4110 932 4164 advo·
973 4107 1097 4162 oxnnium
1109 4106 1241 4160 introitus
1249 4105 1284 4158 ad
1292 4105 1387 4170 vitam,
1400 4112 1428 4159 et
1437 4104 1510 4159 idem
1521 4105 1616 4161 exitus
1625 4107 1703 4176 (Sap.
1716 4112 1770 4171 rut.

133 4208 179 4258 na,
191 4193 239 4248 sed
250 4194 483 4252 civissanctorum
492 4201 521 4250 et
535 4196 703 4253 domesticus
718 4198 768 4253 Dei
785 4200 888 4267 (Epire.
900 4205 930 4261 xl,
1009 4195 1198 4261 Quamobrem
1213 4193 1292 4248 exiis
1307 4209 1369 4264 que
1383 4192 1419 4248 nd
1438 4209 1483 4247 me
1499 4194 1652 4265 pertinent,
1669 4196 1707 4251 ad
1720 4211 1773 4250 me·

132 4283 370 4351 superaedificatus
378 4301 463 4356 super
473 4285 687 4341 fundamentum
698 4287 889 4357 apostolorum
904 4290 934 4341 et
943 4319 967 4378 D
974 4283 1250 4356 gnitlcentiaesummi
1261 4282 1337 4337 illius
1344 4281 1487 4337 architecti
1493 4282 1773 4354 cognitionem,velut

132 4372 344 4442 prophetarum,
368 4373 428 4444 ipso
454 4390 565 4428 summo
591 4375 721 4446 angulari
745 4375 837 4446 lapide
865 4376 932 4431 lesu
976 4379 1105 4444 porrecta
1117 4388 1205 4426 marm
1218 4371 1314 4426 ducor.
1331 4372 1470 4426 Praeterea
1482 4376 1578 4426 autem
1599 4372 1772 4444 aptissimam

132 4459 255 4529 Christo,
274 4461 303 4515 in
325 4478 381 4532 quo
396 4462 487 4516 omnis
499 4463 647 4518 aedificatio
662 4469 822 4519 constructa
835 4463 935 4519 crescit
974 4460 1384 4517 remmomniuxnconditarum
1395 4464 1564 4514 structuram
1573 4466 1773 4532 etqueeonser·

131 4547 161 4604 in
175 4550 313 4622 templum
328 4557 455 4605 sanctum
475 4551 505 4605 in
520 4551 638 4606 Domino
649 4553 753 4620 (Eplres.
769 4560 810 4618 ιι).
974 4550 1114 4604 vationem
1130 4548 1311 4611 consideravi,
1336 4564 1438 4619 nempe
1454 4548 1528 4619 quod
1544 4554 1647 4620 suapte
1661 4550 1771 4621 quidem

167 4639 303 4711 iosaphat
316 4645 410 4694 autem
423 4639 530 4711 ingenti
546 4640 632 4695 animi
642 4641 857 4711 compunctione
867 4640 933 4694 alle-
973 4645 1076 4693 natura
1088 4643 1188 4693 cuncta
1201 4636 1350 4691 mutationi
1365 4642 1450 4707 atque
1463 4636 1638 4692 conversioni
1649 4637 1773 4709 subjecte

132 4731 203 4788 ctus,
225 4728 313 4782 dixit:
330 4729 395 4783 llaec
410 4728 516 4782 scilicet
533 4728 629 4783 omnia
652 4728 711 4799 ipse
732 4744 843 4799 quoque
860 4728 932 4782 scire
973 4732 1048 4787 sunt,
1062 4726 1194 4781 nimirum
1209 4741 1242 4779 ea
1259 4740 1321 4798 quae
1336 4730 1429 4780 mente
1442 4724 1561 4798 praedita
1574 4732 1653 4789 sunt,
1666 4728 1772 4783 ratione
1790 4764 1794 4769 -

131 4815 263 4882 gestiens,
279 4815 369 4872 abste
384 4823 459 4889 peto,
475 4823 506 4872 ut
516 4823 545 4872 et
558 4817 659 4872 divinae
667 4817 763 4888 gloriae
772 4817 892 4883 divitias,
904 4821 933 4871 et
972 4815 1133 4880 veluntatis,
1156 4830 1376 4885 progressusque
1398 4813 1514 4869 inbono
1538 4820 1589 4869 aut
1610 4831 1740 4872 recessus
1756 4832 1772 4871 ι

132 4899 220 4971 ipsius
230 4905 362 4974 potentiae
376 4907 568 4961 excellentiam
584 4907 652 4961 mihi
668 4906 801 4961 declares.
975 4911 1060 4973 bono,
1076 4910 1210 4959 eaautem
1222 4921 1283 4975 quae
1292 4904 1321 4958 in
1331 4920 1443 4958 sensum
1452 4903 1565 4970 cadunt,
1576 4904 1772 4961 rationeortue

167 4989 242 5045 Dixit
256 4998 351 5047 autem
366 4995 402 5049 ad
421 4996 513 5067 ipsum
533 4997 662 5050 Barlaam
680 5014 686 5049 :
707 4996 796 5050 Deum
815 4995 930 5066 supplex
972 4994 1151 5060 etinteritus,
1163 4993 1393 5063 accretionisque,
1407 4997 1436 5047 et
1448 4992 1668 5060 imminutionis,
1678 5000 1709 5050 et
1717 5010 1774 5051 mu·

132 5094 200 5149 rogo
214 5088 246 5134 ut
259 5081 319 5135 haec
332 5090 361 5136 te
375 5083 482 5146 doceat,
500 5090 584 5155 atque
599 5083 761 5154 huJ'usmodi
777 5100 871 5138 rerum
886 5099 931 5137 co-
971 5083 1086 5137 tationis
1100 5084 1161 5153 ejus
1174 5099 1237 5155 quae
1247 5083 1276 5137 in
1290 5082 1425 5154 qualitate
1438 5081 1530 5153 posita
1543 5087 1597 5148 est,
1609 5098 1644 5137 ac
1653 5082 1773 5156 demque

131 5166 285 5238 gnitionem
301 5170 395 5225 animo
412 5176 461 5226 tuo
478 5172 594 5228 inserat.
609 5173 843 5244 Quandoquidem
855 5174 930 5244 apud
971 5172 1067 5227 localis
1077 5179 1178 5226 motus.
1196 5174 1235 5226 Ac
1248 5188 1300 5242 per
1313 5187 1347 5225 ea
1363 5171 1456 5225 tacitis
1473 5170 1642 5242 quibusdam
1659 5172 1774 5229 vocibus

131 5256 260 5311 homines
269 5257 453 5330 ipsiusgloxia
462 5276 494 5315 ac
503 5263 627 5332 potentia
635 5262 800 5316 nullomodo
811 5277 931 5315 comme·
971 5261 1124 5331 praedicant
1143 5277 1172 5314 se
1186 5278 1203 5314 a
1217 5261 1274 5314 Deo
1283 5265 1449 5314 creatoreac
1462 5260 1628 5314 mutationis
1640 5262 1736 5317 omnis
1746 5266 1776 5317 et

131 5346 237 5400 morari
246 5350 347 5417 potest,
361 5349 487 5417 quamvis
497 5350 583 5403 etiam
596 5367 693 5405 omnes
703 5351 828 5404 omnium
839 5350 928 5405 horni-
969 5350 1158 5404 conversionis
1169 5355 1281 5421 experte
1292 5354 1438 5420 procreata
1452 5366 1522 5416 esse,
1538 5353 1625 5420 atque
1633 5350 1774 5407 contineri

129 5452 208 5500 num,
217 5441 276 5490 tam
285 5436 488 5506 quinuncsunt
497 5440 636 5511 quemqui
646 5439 925 5510 aliquandosuerunt,
969 5445 998 5494 et
1011 5439 1178 5506 conservari,
1195 5455 1361 5510 semperque
1374 5437 1536 5508 gubernari.
1551 5437 1686 5503 Quonam
1699 5438 1774 5495 enim

129 5526 233 5596 linguae
248 5524 277 5579 in
287 5540 374 5579 unum
385 5530 493 5580 coeant.
506 5526 595 5581 Deum
606 5529 691 5592 enim,
704 5527 797 5600 inquit
807 5544 927 5599 evange·
968 5527 1074 5599 alioqui
1088 5528 1171 5583 modo
1189 5534 1298 5583 naturae
1313 5527 1388 5583 inter
1401 5543 1432 5582 se
1452 5532 1611 5598 pugnantes
1630 5530 1670 5584 ad
1690 5528 1775 5597 unia.
