3832 6120
61 223 119 285 ⁸9³
714 247 833 305 vasen
852 249 1048 308 eumenen.
1649 233 1703 294 8⁰4

58 358 98 406 ut
109 358 236 423 pereant,
248 355 322 412 Deus
329 358 389 426 jam
403 377 459 418 non
470 365 574 436 cogitat
597 367 633 423 de
646 369 738 427 nobis.
752 375 863 446 Cogita·
870 379 896 440 Α
937 377 965 433 8.
978 374 1055 431 Dixit
1061 371 1146 428 abbas
1161 369 1261 425 Pastor
1272 367 1307 423 de
1321 366 1422 424 abbate
1429 365 1538 422 Ioanne
1548 360 1640 420 brevis
1646 366 1704 417 sits·

59 440 170 496 tionem
183 460 250 516 ergo
260 452 385 504 nostram
397 452 571 522 jactemusin
586 458 715 528 Domine,
729 464 861 534 quoniam
902 472 972 521 turae
987 465 1054 536 quia
1067 459 1206 533 rogaverit
1224 458 1385 524 Dominum,
1403 461 1432 511 et
1453 453 1601 510 abstulerit
1619 449 1654 506 ab
1669 467 1702 507 0⁰

56 530 115 602 ipsi
130 549 199 588 cura
215 539 259 589 est
272 536 307 591 de
323 537 413 594 nobis.
902 571 1000 609 omnes
1014 552 1167 624 passiones,
1184 552 1213 603 et
1222 547 1336 602 effectus
1350 551 1394 601 est
1407 560 1532 611 securus,
1544 546 1573 596 et
1586 541 1702 595 veniens

271 626 444 685 LIBELLUS
464 632 650 692 SEPTIMUS.
903 643 1005 698 dixerit
1015 641 1125 697 cuidam
1136 638 1209 693 seni:
1229 636 1299 690 Vide
1314 634 1456 690 hominem
1466 627 1702 705 quietum,etnul-

239 716 275 769 De
288 720 425 785 patientie
445 737 491 775 sco
506 725 682 791 fortitudine.
902 732 959 786 lam
970 731 1120 786 habentem
1135 742 1269 800 pugnam·
1295 725 1330 779 Et
1348 723 1417 778 dixit
1441 722 1466 777 ei
1479 730 1573 788 iseum
1589 736 1595 772 ³
1613 717 1699 783 νῶθ’

100 799 124 856 1.
137 801 571 868 SanetusAnteniusabbascum
585 816 697 874 sederet
711 819 863 891 aliquando
904 837 973 892 rega
985 820 1148 882 Dominum,
1165 822 1197 872 ut
1212 814 1313 887 jubeat
1327 813 1357 867 in
1380 819 1408 866 te
1433 810 1538 866 moveri
1566 822 1700 880 Pu8⁰³m¹

55 887 324 960 inerenvotltusfin,
334 898 351 948 l.
368 910 410 964 nr,
427 915 455 953 e.
470 900 663 968 austerrimus
678 907 739 976 ejus
749 908 863 964 taedium
905 911 1038 981 queniam
1049 907 1160 979 proficit
1175 903 1327 977 pugnando
1342 901 1445 956 anima·
1464 901 1497 954 Ei
1508 915 1572 953 Cum
1584 896 1703 952 ledisset

57 981 90 1031 et
100 978 295 1036 contusionem
310 985 512 1056 cogitationum
521 989 649 1059 incurrit,
666 1000 695 1049 et
708 995 819 1052 dicebat
828 999 864 1053 ad
904 998 934 1053 in
944 1016 977 1053 eo
987 1014 1090 1070 pugna,
1105 994 1224 1051 ulterius
1234 1009 1290 1047 non
1301 991 1399 1056 oravit,
1410 994 1443 1044 ut
1454 989 1611 1043 auferretur
1624 985 1659 1039 ab
1669 1000 1702 1039 ⁰⁰

57 1066 169 1121 Deum:
186 1069 314 1138 Domine,
329 1075 391 1129 volo
417 1078 509 1133 salvus
532 1081 602 1147 fieri,
619 1087 648 1136 et
670 1101 727 1138 non
742 1102 788 1140 me
802 1104 863 1158 per·
903 1104 1007 1159 pugna,
1025 1086 1075 1141 sed
1088 1084 1215 1141 dicebat:
1232 1081 1361 1147 Domine,
1380 1079 1417 1133 da
1435 1077 1504 1132 mihi
1519 1073 1700 1131 melantiam

58 1153 181 1209 mittunt
194 1158 378 1228 cogitationes
391 1180 469 1219 meae.
496 1166 569 1231 Quid
583 1168 683 1225 faciam
697 1173 726 1226 in
748 1174 800 1229 hac
814 1176 864 1230 tri·
905 1177 1063 1232 sustinendi
1087 1176 1138 1230 has
1147 1189 1268 1245 pugnas.

59 1241 217 1312 bulatione,
233 1251 373 1319 quemodo
391 1254 484 1309 salvus
497 1258 568 1311 ero?
596 1259 630 1314 Et
644 1261 752 1316 modice
767 1279 863 1319 assur-
941 1265 967 1321 9.
984 1265 1068 1321 Venit
1081 1263 1167 1319 abbas
1186 1260 1326 1318 Macarius
1340 1258 1432 1329 major
1454 1255 1490 1311 ad
1505 1252 1634 1309 abbatem
1648 1251 1704 1305 An·

58 1349 144 1404 gens,
162 1336 246 1407 coepit
260 1338 334 1394 ieras
344 1342 431 1400 exire.
444 1345 478 1399 lit
485 1346 553 1400 vidit
563 1349 862 1424 quemdam‚tanqnam
906 1355 1013 1409 tunium
1028 1355 1057 1408 in
1073 1358 1217 1417 montem3
1234 1356 1336 1405 etcum
1350 1343 1609 1419 pulsassetestium,
1619 1339 1705 1394 exivit

60 1421 199 1493 seipsum,
217 1427 359 1484 sedentem
376 1438 460 1503 atque
477 1442 639 1506 operantem
653 1458 659 1506 ;
684 1440 784 1496 deinde
800 1459 864 1498 sur·
905 1444 1027 1509 adeum,
1044 1448 1072 1498 et
1090 1442 1160 1497 dixit
1188 1440 1213 1495 ei
1230 1458 1236 1492 ε
1255 1440 1296 1493 Tu
1317 1435 1438 1508 quises?
1454 1435 1489 1489 Et
1501 1432 1548 1487 ille
1562 1430 1602 1485 ait
1618 1448 1624 1484 t
1642 1427 1704 1500 ΕΚΘ

59 1517 177 1581 gentem
184 1512 219 1567 ab
233 1517 364 1587 operibus
378 1527 407 1574 et
419 1528 560 1591 orantem3
571 1526 706 1583 etiterum
718 1531 862 1587 sedentem
903 1549 965 1587 sum
980 1531 1129 1587 Macarius.
1147 1531 1181 1584 Et
1190 1527 1323 1583 claudens
1333 1525 1436 1580 estium
1446 1521 1571 1587 intravit,
1587 1516 1703 1574 etdimi·

60 1604 92 1655 ct
108 1601 228 1673 plectam
242 1605 277 1658 de
288 1607 391 1678 palmis
415 1610 573 1680 facientem,
597 1620 625 1670 et
639 1617 704 1672 inde
714 1636 812 1675 rursus
826 1622 861 1677 ad
903 1620 941 1675 sit
950 1638 1015 1675 eum
1024 1621 1099 1675 loris.
1117 1620 1152 1674 Et
1165 1634 1228 1672 cum
1235 1615 1349 1669 vidisset
1358 1617 1456 1684 postea
1469 1608 1634 1682 patientiam
1640 1608 1702 1678 elus

60 1689 221 1746 orationem
235 1703 406 1765 surgentem.
428 1700 495 1754 Erat
506 1707 600 1758 autern
616 1707 734 1776 angelus
749 1709 861 1764 Domini
872 1693 892 1751 Β
903 1709 1057 1781 aperuitei.
1069 1709 1103 1763 Et
1114 1705 1275 1778 adgaudens
1284 1703 1319 1769 ei,
1328 1700 1438 1756 dicebat
1449 1718 1454 1752 ÷
1466 1699 1583 1754 Multum
1589 1701 1702 1766 iemlffl

60 1778 168 1834 missus
182 1781 216 1835 ad
232 1785 435 1856 correptionem
450 1796 480 1851 et
492 1793 629 1847 cautelam
645 1795 767 1851 dandam
777 1800 863 1854 Anto·
904 1803 947 1853 est
962 1814 995 1852 ex
1010 1814 1065 1870 quo
1088 1802 1116 1851 te
1138 1795 1232 1849 videre
1261 1790 1465 1855 desiderabam,
1482 1787 1599 1843 audiens
1613 1784 1648 1838 (10
1661 1787 1701 1838 ie·

60 1867 120 1921 nio.
139 1869 174 1923 Et
186 1872 295 1928 audivit
309 1891 404 1929 vocem
419 1880 522 1949 angeli,
539 1881 679 1938 dicentis:
708 1885 753 1940 Sic
765 1887 816 1953 sac,
834 1893 863 1942 et
904 1888 937 1942 Et
967 1885 1100 1941 exhibens
1115 1885 1142 1940 ei
1156 1883 1387 1955 hospitalitatem,
1410 1877 1508 1934 refecit
1531 1891 1610 1931 eum:
1640 1875 1703 1926 erat

59 1957 157 2012 salvus
173 1960 237 2014 eris.
259 1962 309 2017 Ille
327 1970 430 2031 autem,
448 1969 501 2022 boc
524 1971 630 2039 audite,
646 1990 781 2044 magnum
794 1994 863 2048 gau·
903 1977 979 2031 enim
993 1976 1083 2030 sessus
1102 1975 1136 2029 de
1152 1974 1241 2029 multo
1256 1971 1361 2026 labere.
1378 1969 1500 2040 vespere
1519 1970 1614 2021 ”ulem
1628 1961 1702 2016 f⁸⁰t⁰

59 2045 141 2101 dium
165 2050 285 2122 sumpsit
298 2058 383 2125 atque
403 2057 544 2118 fiduciam.
559 2061 593 2115 Et
607 2061 647 2116 ita
661 2062 774 2130 faciens,
788 2066 862 2121 salu·
902 2065 1005 2120 inludit
1020 2063 1073 2119 sibi
1083 2062 1169 2119 abbas
1182 2060 1320 2118 Antonius
1334 2058 1458 2114 modicas
1472 2049 1703 2129 palmas,etdiCit

59 2141 121 2191 tem
136 2154 222 2208 quam
233 2141 376 2212 querebat
391 2144 506 2202 invenit.
903 2155 930 2209 ei
942 2154 1028 2208 abbas
1037 2153 1174 2208 Macarius
1188 2169 1195 2205 :
1214 2150 1259 2206 Da
1269 2149 1348 2216 mihi,
1366 2152 1398 2203 ut
1406 2163 1457 2218 ego
1470 2142 1616 2200 infundam
1627 2137 1701 2212 q⁰⁰d

97 2224 126 2278 2.
141 2227 241 2282 Frater
255 2231 368 2300 quidam
384 2233 568 2308 interrogavit
586 2238 716 2295 abbatem
740 2243 863 2312 Agatho-
878 2244 886 2254 ”
903 2260 1012 2315 operer.
1030 2244 1183 2297 llleautem
1200 2240 1282 2295 dixit:
1293 2240 1356 2294 Non
1368 2235 1457 2291 habeo
1467 2234 1540 2306 plus-
1552 2227 1701 2287 Etsassiessss

62 2331 139 2382 nem,
156 2316 275 2372 dicens:
306 2322 470 2380 Mandatum
498 2327 567 2382 mihi
584 2329 668 2396 venit,
691 2336 720 2385 et
740 2332 862 2387 estmihi
903 2331 1067 2387 fasciculum
1075 2321 1701 2403 majorem,infudjtoum,Etsedentcsaseffl

63 2421 161 2476 pugna
187 2409 280 2477 gravis
304 2410 333 2466 in
349 2412 418 2479 loco,
434 2432 490 2485 quo
505 2421 548 2471 est
568 2416 659 2490 ipsum
686 2421 860 2476 mandatum.
905 2428 933 2476 et
947 2422 1137 2492 colloquentes
1165 2419 1200 2473 de
1222 2418 1345 2473 utilitate
1371 2414 1540 2478 animarum,
1561 2407 1703 2463 faciebant
1791 2436 1801 2453 ·

63 2494 134 2549 Volo
150 2512 218 2566 ergo
232 2506 346 2571 propter
357 2504 521 2559 mandatum
537 2523 656 2578 pergere
670 2508 749 2575 illud,
765 2515 793 2565 et
816 2528 863 2582 pa·
903 2511 1034 2582 plectam,
1051 2514 1079 2564 et
1092 2509 1153 2580 ipsa
1167 2508 1259 2579 plecta
1279 2522 1330 2577 per
1350 2504 1503 2558 fenestram
1517 2493 1704 2567 descendebat

63 2600 145 2639 vesco
161 2585 272 2642 bellurn.
290 2590 363 2645 Dicit
378 2593 403 2646 ei
419 2610 503 2648 senex
519 2612 525 2647 :
543 2596 589 2651 Sic
603 2598 797 2668 eratAgatlro;
813 2599 864 2654 irn-
903 2598 933 2653 in
947 2600 1090 2670 spelunca.
1107 2599 1142 2652 Et
1155 2596 1300 2667 egrediens
1324 2609 1407 2648 mane
1421 2594 1534 2647 sanctus
1552 2584 1701 2649 Antonius,

64 2673 161 2745 plebat
171 2678 346 2746 mandatum,
362 2686 390 2735 et
404 2681 532 2739 vincebat
542 2683 656 2740 bellum.
904 2687 974 2742 vidit
987 2688 1178 2742 collectionem
1191 2686 1347 2758 plectarum
1359 2680 1468 2737 abbatis
1481 2675 1606 2742 Meceni,
1618 2679 1646 2729 el
1655 2672 1704 2728 ad·

97 2761 124 2820 3.
141 2765 222 2821 Dixit
237 2766 322 2822 abbas
335 2770 499 2839 Ammonas,
512 2774 579 2844 quia
593 2776 805 2846 quatuordecim
816 2793 863 2831 an·
905 2777 1023 2831 miratus
1035 2782 1087 2841 est,
1099 2781 1128 2831 et
1141 2775 1391 2834 osculatusjmanus
1400 2772 1471 2842 ejus,
1489 2765 1607 2823 dicebat:
1617 2761 1705 2819 Multa

63 2868 114 2907 nos
127 2853 227 2909 fecerit
244 2857 274 2910 in
287 2857 392 2929 Scytlri,
405 2860 558 2931 deprecans
571 2863 661 2918 Deum
677 2864 722 2919 die
738 2881 770 2920 ae
782 2872 864 2922 necte
906 2865 994 2920 virtus
1009 2865 1044 2919 de
1058 2865 1120 2919 istis
1132 2863 1285 2935 egreditur.

63 2947 97 2996 ut
108 2943 193 2998 daret
203 2945 231 2998 ei
244 2944 375 3002 virtutem
385 2952 536 3020 superandi
550 2952 632 3007 iram.
940 2953 986 3011 te.
1001 2953 1151 3008 Descendit
1160 2951 1311 3023 aliquando
1326 2950 1386 3021 ipse
1400 2945 1540 3003 Macarius
1555 2944 1591 2998 de
1606 2938 1703 3014 Scythi

99 3031 127 3086 l.
143 3032 221 3087 Dixit
231 3033 316 3089 abbas
335 3037 477 3105 Besarion,
492 3040 558 3111 quia
572 3043 759 3114 quadraginta
768 3050 864 3100 nectes
874 3048 896 3110 c
907 3043 942 3098 ad
957 3044 1048 3097 locum
1058 3042 1105 3114 qui
1116 3039 1408 3105 dicitanerenuthin,
1417 3042 1445 3092 et
1457 3033 1572 3090 intravit
1580 3028 1704 3087 dormire

64 3122 205 3176 manserit
218 3123 293 3177 inter
306 3125 402 3196 spinas
412 3133 500 3194 stans
518 3135 546 3184 ct
558 3147 615 3185 non
628 3133 784 3188 dormierit.
906 3133 935 3186 in
960 3123 1152 3196 monumento,
1169 3129 1217 3185 ubi
1233 3135 1314 3184 erant
1328 3126 1485 3198 antiquitus
1504 3121 1615 3195 sepulta
1640 3134 1704 3173 cor·

101 3208 128 3266 5.
144 3211 246 3266 Frater
259 3213 374 3285 quidam
388 3217 488 3271 sedens
496 3219 647 3289 singularis
658 3221 867 3289 turbabatur,et
907 3238 977 3294 pera
990 3236 1174 3292 paganorum.
1187 3220 1221 3274 Et
1235 3218 1321 3272 traxit
1334 3233 1422 3272 unum
1436 3230 1537 3285 cerpus
1550 3209 1602 3267 sub
1620 3211 1705 3278 caput

65 3315 188 3370 pergens
200 3301 236 3355 ad
252 3301 382 3358 abbatem
402 3306 580 3363 Theodorum
596 3309 630 3364 de
647 3309 778 3379 Pher-me,
797 3312 867 3366 dixit
907 3327 990 3365 suum
1002 3315 1137 3380 tanquam
1154 3307 1323 3379 plumatium
1337 3307 1372 3360 de
1382 3305 1473 3376 scirpo
1485 3300 1704 3372 xastnaemones

67 3389 102 3454 ei,
115 3389 185 3461 quia
195 3391 418 3450 conturbaretur.
435 3395 525 3450 Senex
535 3403 630 3452 autem
641 3398 712 3453 dixit
726 3400 764 3455 ei:
778 3401 865 3468 Vade,
909 3403 1004 3453 autem
1017 3398 1142 3452 videntes
1156 3397 1286 3451 fiduciam
1293 3392 1450 3466 ejus,iuvisi
1458 3394 1566 3458 sunt,et
1579 3387 1704 3442 volentes

67 3477 188 3533 humilia
199 3485 295 3546 585
304 3488 428 3537 mentem
438 3489 527 3551 tuam,
540 3490 568 3540 et
581 3486 668 3542 subde
682 3493 721 3554 te,
731 3494 759 3543 ct
774 3488 869 3544 habita
909 3494 1016 3544 terrere
1028 3503 1103 3552 cum,
1119 3485 1257 3540 vocabant
1278 3484 1357 3556 quasi
1373 3482 1524 3555 quemdam
1544 3476 1702 3540 mulierem,

69 3583 131 3622 cnm
146 3567 220 3622 aliis.
238 3569 315 3624 Abiit
329 3577 424 3626 autem
440 3572 468 3627 in
484 3580 619 3642 mentem,
636 3581 666 3631 et
676 3577 782 3633 mansit
805 3595 869 3633 cum
909 3577 1033 3632 dicentes
1050 3594 1055 3629 ε
1072 3577 1173 3631 Nonne
1189 3573 1241 3644 (39)
1257 3575 1315 3638 illa,
1336 3569 1557 3627 veninebiscum
1584 3567 1621 3621 ad
1648 3563 1706 3618 bal-

70 3656 140 3711 aliis.
154 3658 191 3712 Et
205 3674 332 3714 reversus
347 3665 390 3714 est
406 3667 503 3732 postea
516 3663 552 3717 ad
575 3681 681 3732 senem,
698 3669 727 3720 et
740 3666 811 3722 dixit
821 3667 864 3722 ei:
909 3683 1005 3723 neum.
1018 3666 1053 3720 Et
1060 3666 1133 3719 alter
1143 3665 1251 3720 daemon
1266 3661 1359 3718 desub
1368 3661 1430 3733 ipso
1444 3664 1579 3730 tanquam
1589 3672 1622 3710 ex
1632 3669 1705 3708 mor·

69 3746 126 3801 Nee
139 3763 205 3801 cum
229 3748 292 3802 aliis
307 3749 468 3806 hominibus
495 3752 633 3822 habitans,
651 3755 774 3826 quietem
793 3756 867 3811 inve
908 3754 966 3808 tuis
981 3754 1036 3808 illis
1046 3755 1201 3826 respondit,
1216 3753 1312 3807 dicens
1328 3769 1333 3805 :
1350 3748 1534 3820 Peregrinum
1555 3742 1705 3816 quemdam

69 3835 124 3891 nio.
143 3837 178 3891 Et
188 3836 259 3891 dixit
274 3837 299 3890 ci
321 3855 425 3893 senex:
453 3841 482 3895 Si
506 3842 649 3897 solitarius
663 3859 719 3898 nen
735 3844 865 3916 quiescis,
908 3843 998 3898 habeo
1012 3860 1097 3914 super
1109 3860 1163 3904 me,
1180 3859 1236 3897 non
1252 3857 1366 3913 possum
1390 3837 1493 3893 venire.
1508 3836 1598 3891 Senex
1609 3838 1704 3888 autem

68 3940 237 3997 nequecum
252 3925 324 3992 aliis,
353 3944 405 3982 cur
418 3929 530 3984 voluisti
557 3931 725 3987 monachum
748 3933 866 3988 laceret
908 3948 965 3987 nen
986 3933 1104 4003 expavit,
1128 3933 1177 3987 sed
1192 3931 1334 3986 confidens
1352 3926 1490 3985 tundebat
1512 3940 1612 3995 corpus
1624 3920 1703 3986 illud,
1809 3918 1811 3923 '

65 4029 161 4069 nonne
178 4019 211 4069 ut
223 4015 363 4071 sustineas
376 4017 594 4074 tribulationes?
621 4020 781 4076 Dicentem
795 4022 865 4077 mihi
908 4020 1005 4076 dicens
1021 4039 1026 4073 :
1040 4021 1139 4091 Surge,
1154 4020 1233 4085 vade,
1245 4019 1268 4073 si
1283 4024 1372 4090 potes.
1389 4016 1469 4082 Quod
1483 4030 1546 4070 cum
1561 4011 1706 4068 audissent

66 4109 138 4175 qnet
150 4121 241 4159 annos
255 4104 342 4159 habes
355 4106 385 4160 in
399 4106 497 4162 habitu
510 4108 586 4162 isto?
601 4110 636 4164 Et
648 4109 716 4164 dicit
729 4111 768 4165 ei:
786 4111 865 4167 Octo.
908 4109 1050 4164 daemones
1064 4109 1255 4163 clamaverunt
1265 4123 1330 4162 voce
1345 4121 1457 4177 magna,
1469 4102 1610 4158 dicentes:
1631 4096 1704 4152 Vici·

66 4192 104 4248 Et
118 4193 189 4248 dicit
199 4194 225 4247 ei
238 4210 323 4249 senex
339 4214 347 4248 :
363 4196 451 4250 Crede
472 4197 552 4260 mihi,
569 4197 668 4253 habitu
682 4199 737 4254 isto
756 4205 867 4271 septua-
908 4197 945 4254 sti
960 4214 1019 4253 nes.
1032 4198 1067 4252 Et
1075 4197 1209 4269 legerunt
1218 4195 1333 4251 confusi.

59 4282 149 4353 ginta
162 4299 262 4350 annos,
280 4289 309 4338 et
323 4301 374 4338 nee
388 4285 497 4341 unadie
506 4287 584 4358 potui
595 4287 721 4358 requiem
729 4288 864 4358 invenire3
942 4285 987 4343 ll.
1002 4285 1118 4341 Dicebat
1141 4285 1227 4340 abbas
1254 4283 1376 4340 Mathois
1392 4301 1398 4337 :
1416 4281 1486 4336 Volo
1509 4277 1623 4350 aliquod
1647 4275 1706 4329 leve

63 4377 100 4426 et
112 4377 143 4427 tu
158 4372 189 4426 in
199 4378 262 4428 octo
274 4373 355 4429 annis
363 4374 488 4446 requiem
500 4375 541 4430 vis
555 4375 677 4431 habere?
877 4369 979 4448 Dopus
995 4381 1024 4431 et
1037 4374 1211 4439 continuum,
1228 4390 1312 4446 quam
1326 4389 1411 4445 grave
1424 4370 1499 4443 quod
1513 4367 1569 4424 cito
1579 4364 1687 4420 linitur.

106 4459 132 4515 6.
149 4461 336 4533 Interrogavit
351 4480 415 4518 eum
429 4464 532 4519 iterum
540 4465 627 4520 frater
635 4465 865 4537 quidamdicens:
947 4463 1234 4523 reseraremus
1253 4463 1353 4518 abbate
1361 4461 1457 4516 Milido
1475 4455 1540 4528 (30),
1562 4454 1706 4527 quiscum

60 4548 101 4604 Si
126 4550 177 4605 liat
196 4550 291 4605 subito
305 4568 390 4607 sonus
404 4553 493 4608 ruinae
508 4554 636 4626 aliqu'us,
662 4555 694 4609 lit
707 4554 758 4609 tibi
772 4555 866 4623 timor,
908 4552 1052 4608 habitaret
1061 4553 1214 4626 aliquande
1225 4569 1290 4608 cum
1298 4550 1406 4608 duobus
1416 4545 1594 4620 discipulisiu
1604 4540 1707 4598 linibus

55 4637 161 4693 abba?
176 4639 212 4694 Et
221 4639 292 4694 dixit
305 4640 331 4695 ei
346 4658 447 4696 senex:
464 4642 493 4697 si
508 4643 609 4697 coelum
623 4647 704 4698 terrm
718 4645 867 4712 adhaereat,
909 4644 1070 4710 Persarum,
1085 4642 1216 4698 exierunt
1231 4641 1287 4696 duo
1298 4641 1348 4695 filii
1359 4637 1537 4712 imperatoris
1552 4631 1706 4690 secundum

54 4723 235 4783 Theodorus
245 4745 302 4784 non
312 4730 453 4786 formidat.
470 4732 640 4803 Poposeerat
650 4733 726 4787 enim
740 4733 868 4805 precibus
909 4733 1142 4788 consuetudinem
1152 4733 1181 4787 in
1195 4731 1382 4797 venationem,
1402 4734 1431 4783 et
1446 4727 1585 4782 miserunt
1595 4719 1705 4777 retiain

52 4831 88 4872 a
99 4818 159 4873 Dee
173 4823 206 4872 ut
216 4818 375 4874 auferretur
385 4819 420 4873 ab
434 4837 467 4874 eo
481 4820 610 4889 formido,
626 4825 656 4875 et
670 4823 868 4894 proptereain·
909 4821 1025 4893 longum
1036 4839 1087 4894 per
1099 4815 1623 4893 milliaquadraginta,utquodcunque
1632 4810 1708 4865 iutra

58 4908 226 4978 terrogavit
238 4925 301 4962 eum
316 4908 413 4963 frater.
909 4911 1173 4978 retiainveniretur,
1183 4910 1351 4966 occiderent.
1365 4909 1499 4963 Inventus
1508 4906 1655 4959 astantem
1664 4916 1706 4955 se·

105 4998 132 5051 7.
144 4996 282 5052 Dicebant
294 4998 328 5052 de
351 4997 452 5053 abbate
461 4993 619 5066 Theodoro,
632 5005 661 5055 et
670 4999 770 5055 abbate
784 5000 869 5056 Lucio
909 5016 963 5056 nex
975 5018 1039 5056 cum
1049 5001 1158 5058 duobus
1172 5000 1316 5072 discipulis
1330 4998 1406 5053 intra
1415 4995 1498 5052 retia.
1509 4995 1545 5050 Et
1554 5009 1617 5050 cum
1624 4990 1707 5048 vidis-

63 5085 196 5141 deNono
207 5085 382 5141 Alexandria
394 5085 656 5158 (litquialecerint
666 5089 871 5161 quinquaginta
909 5095 973 5145 sent
994 5107 1059 5146 eum
1075 5091 1198 5163 pilosum
1221 5094 1250 5145 et
1262 5087 1417 5144 terribilem
1432 5090 1556 5159 aspectu,
1576 5080 1708 5138 admirati

66 5189 168 5241 annea,
187 5173 354 5231 seducentes
371 5177 564 5242 animessues,
579 5181 608 5231 et
621 5177 744 5232 dicentes
755 5179 869 5234 :Trans
910 5185 986 5247 sunt,
999 5184 1029 5234 et
1038 5180 1169 5235 dixerunt
1181 5179 1206 5233 ei
1218 5197 1223 5231 ε
1237 5179 1328 5233 Homo
1342 5193 1382 5242 cs,
1398 5192 1435 5231 an
1444 5173 1560 5248 spiritus
1575 5171 1677 5251 aliquis
1695 5171 1708 5225 l

68 5272 133 5321 acta
141 5264 236 5320 hieme
250 5264 315 5332 ista,
323 5264 508 5336 migrabimus
516 5266 593 5321 hinc.
604 5266 639 5321 Et
648 5266 869 5339 iterumquando
910 5267 1055 5324 dicnobis.
1072 5269 1106 5324 Et
1119 5267 1189 5323 dixit
1212 5267 1252 5322 eis
1274 5285 1279 5320 :
1310 5265 1401 5321 Home
1423 5281 1487 5321 sum
1513 5266 1651 5337 peccator,
1678 5266 1708 5316 et

73 5354 157 5410 tabat
170 5359 265 5422 aestas,
277 5353 407 5409 dicebant
423 5373 428 5408 :
443 5355 514 5420 Quia
524 5359 665 5411 transacto
675 5356 870 5424 aestivo,discc·
911 5355 981 5413 exivi
991 5359 1058 5413 llere
1063 5361 1176 5430 peccata
1182 5373 1246 5411 mea
1265 5374 1272 5424 ;
1290 5354 1409 5410 etadoro
1419 5353 1522 5409 Filium
1531 5352 1581 5407 Dei
1588 5351 1650 5406 rivi.
1662 5348 1706 5404 llli

73 5443 170 5499 demus
182 5442 258 5499 hin'c.
273 5443 307 5497 Et
322 5442 361 5499 sic
374 5443 502 5500 fecerunt
512 5451 572 5501 teto
585 5450 712 5517 tempere
726 5462 871 5502 conversa·
911 5452 1007 5502 autem
1015 5446 1146 5502 dixerunt
1156 5446 1181 5500 ei
1193 5465 1200 5499 :
1228 5445 1292 5500 Non
1308 5449 1351 5499 est
1360 5443 1432 5500 alius
1445 5444 1530 5510 Deus,
1545 5438 1664 5504 nisiSol,
1677 5440 1706 5490 et

73 5532 154 5590 tionis
169 5549 229 5590 suae
242 5548 353 5606 semper
370 5533 571 5591 reminiscendi
582 5535 689 5591 Patres.
911 5535 998 5608 Ignis,
1019 5539 1049 5591 et
1062 5536 1143 5607 Aqua
1159 5533 1232 5607 (3173
1253 5532 1329 5606 ipses
1342 5532 1438 5601 adora,
1463 5536 1493 5589 ct
1505 5528 1631 5586 sacrifica
1653 5523 1703 5582 eis·
