3818 6120
152 259 208 316 303
338 304 342 314 .
659 259 707 316 DE
725 261 820 317 VITIS
838 262 987 317 Paruum
1006 261 1114 317 LIBER
1131 258 1277 317 PRIMUS.
1735 254 1787 315 ³04

153 389 252 443 amatis
265 387 448 442 voluntariam
460 384 742 452 abrenuntiationem,
759 401 842 456 quam
856 385 887 439 in
901 402 947 438 me
955 392 980 448 A
991 385 1123 441 suasoriis
1137 388 1198 458 ejus
1207 385 1298 441 verbis
1309 385 1468 450 deveniens,
1478 384 1547 438 dixit
1562 383 1599 439 ad
1614 399 1695 438 eum:
1707 381 1787 438 Siris

152 493 205 547 per
232 478 332 533 saecula
351 480 534 546 spontaneam
554 474 809 546 repromissionem,
830 481 858 527 et
883 474 949 544 quia
989 473 1058 527 mihi
1074 474 1243 538 satisfacere,
1256 480 1285 528 et
1293 473 1432 528 infelicem
1442 473 1565 527 animam
1579 488 1673 527 meam
1687 471 1787 526 certifi-

153 583 263 621 mecum
276 565 331 619 eris
345 564 374 617 in
388 564 434 617 die
446 563 544 634 J'udicii
560 563 644 618 simul
663 562 850 635 perfruiturus
865 568 947 617 mter·
988 579 1062 628 carc,
1077 580 1140 617 cras
1154 580 1205 634 ego
1220 568 1249 617 et
1259 570 1290 617 tu
1305 579 1453 634 pergemus
1468 560 1642 616 unanimiter
1651 560 1688 614 ad
1703 559 1787 615 cccle-

152 655 196 708 uis
223 652 373 725 suppliciis,
399 669 460 723 quse
478 652 548 707 mihi
567 658 634 705 sunt
651 658 818 723 praeparata.
842 653 879 705 nt
900 651 947 705 ille
989 651 1069 717 siam,
1086 657 1115 706 et
1130 669 1224 706 coram
1245 669 1290 706 mc
1310 668 1389 706 sume
1409 652 1578 705 intemerata
1597 649 1743 722 mysteria,
1758 655 1787 704 et

152 741 279 814 exposuit
290 741 412 813 propriae
427 757 527 796 manus
547 741 693 811 scriptum,
709 740 947 811 quemadmodum
988 740 1084 795 taliter
1096 741 1166 795 mihi
1181 742 1285 812 poteris
1303 741 1473 795 satisfacere.
1490 741 1568 794 lianc
1590 743 1703 794 coactus
1718 738 1787 793 dixit

150 831 242 885 suerat
254 830 403 901 expetitus.
420 830 584 900 Rursusque
611 828 658 882 ille
672 835 820 900 corruptor
842 829 948 883 anima·
988 829 1014 883 ci
1024 830 1193 884 sententiam
1205 830 1330 901 capituli.
1342 830 1473 884 Protinus
1486 845 1552 900 ergo
1563 828 1658 899 puella
1666 827 1788 881 feminea

149 935 210 975 rum
226 918 310 974 draco
324 918 447 973 destinat
458 919 598 973 demones
619 917 797 972 fornicationi
812 917 947 988 praeposi·
986 916 1151 972 infirmitate
1164 919 1301 990 deposita,
1316 924 1345 971 et
1355 917 1470 972 consilio
1482 914 1555 971 bono
1565 921 1690 988 accepto,
1700 915 1788 971 currit

148 1013 192 1062 tos
202 1005 305 1076 (lohet
319 1007 498 1062 exardescere
512 1006 619 1061 faciunt
632 1006 753 1077 puellam
769 1005 804 1060 ad
820 1022 945 1060 amorem
987 1006 1023 1061 ad
1031 1013 1173 1077 pastorem
1179 1007 1379 1078 etdiscipulum
1386 1005 1490 1060 Christi
1496 1005 1642 1072 basilium,
1653 1005 1788 1059 adversus

148 1095 239 1167 pueri,
256 1112 317 1168 quse
342 1095 460 1167 projecit
479 1112 509 1149 se
535 1095 565 1149 in
592 1095 794 1167 pavimentum,
816 1101 845 1148 et
863 1094 947 1165 coepit
986 1100 1094 1149 tantam
1116 1096 1241 1150 clamans
1261 1095 1459 1166 impietatem:
1481 1080 1701 1149 Misericordiam
1718 1093 1787 1148 mihi

148 1185 272 1240 clamare
286 1185 322 1239 ad
340 1191 450 1256 patrem
467 1202 473 1236 :
491 1183 623 1238 Miserere
637 1183 703 1249 mei,
719 1183 863 1249 miserere,
880 1183 947 1253 quia
987 1184 1097 1239 miserae
1111 1191 1222 1256 presta,
1240 1189 1336 1238 sancte
1350 1184 1411 1248 Dei,
1421 1184 1555 1238 miserere
1569 1182 1635 1250 mei,
1650 1182 1787 1254 discipule

147 1273 281 1328 atrociter
293 1279 427 1345 torqueor
440 1278 555 1345 propter
571 1273 657 1326 talem
672 1288 791 1343 puerum
806 1277 944 1326 nostrum.
986 1271 1108 1337 Domini,
1119 1289 1180 1342 quae
1194 1276 1370 1327 contractum
1379 1271 1695 1327 cumdaemonibusfeci.
1707 1271 1788 1326 Mise-

148 1338 315 1434 Compatere
328 1360 479 1416 visceribus
493 1360 559 1426 tuis,
576 1360 692 1415 ostende
706 1360 736 1414 in
755 1377 801 1414 me
819 1359 947 1430 unigeni·
987 1376 1049 1414 rere
1064 1361 1129 1428 mei,
1145 1378 1207 1432 quae
1223 1361 1336 1432 proprio
1352 1361 1426 1432 patri
1446 1360 1519 1415 facta
1533 1377 1596 1415 sum
1610 1360 1785 1415 inobediens.

148 1457 208 1506 tam
220 1456 300 1506 tuam
313 1457 462 1523 paternum
478 1450 618 1512 aflectum,
641 1456 670 1503 et
681 1449 769 1520 junge
787 1466 833 1503 me
847 1464 944 1520 puero,
988 1448 1023 1503 Et
1033 1449 1145 1518 cognita
1152 1448 1193 1502 illi
1208 1448 1273 1503 fecit
1282 1449 1323 1503 rei
1336 1455 1422 1520 gestae
1432 1449 1553 1520 negotia.
1570 1449 1658 1503 Porro
1672 1454 1787 1503 sanctus

149 1556 233 1615 quem
248 1539 322 1611 eligi.
334 1539 415 1604 Quod
429 1539 453 1593 si
464 1540 521 1594 haec
536 1555 620 1609 agere
634 1538 767 1604 nolueris,
779 1536 886 1592 videbis
902 1553 947 1592 me
987 1538 1047 1604 Dei,
1057 1543 1206 1593 convocato
1220 1555 1317 1609 puero,
1330 1538 1524 1593 sciscitabatur
1538 1537 1573 1591 ab
1587 1555 1620 1592 eo
1631 1539 1655 1592 si
1666 1538 1727 1593 haec
1738 1537 1787 1593 hu-

147 1646 246 1684 amara
260 1634 351 1683 morte
365 1633 429 1700 post
440 1628 586 1700 paululum
601 1633 753 1691 mortuam,
765 1631 794 1680 et
807 1627 947 1681 rationem
984 1626 1109 1696 jusmodi
1119 1633 1221 1684 essent,
1236 1627 1290 1690 Qui
1308 1628 1344 1681 ad
1359 1633 1486 1682 sanctum
1500 1644 1565 1681 cum
1576 1627 1710 1698 lacrymis
1722 1629 1784 1681 ait:

146 1716 226 1772 dabis
240 1718 298 1771 Deo
313 1734 364 1788 pro
377 1733 423 1770 me
437 1716 467 1771 in
482 1716 527 1770 die
538 1715 646 1785 judicii.
656 1722 742 1780 152
756 1715 840 1768 Pater
850 1699 976 1770 autemB
987 1714 1089 1777 Etiam,
1102 1721 1196 1770 sancte
1210 1715 1270 1769 Dei.
1279 1716 1352 1770 Nam
1361 1716 1412 1770 etsi
1422 1733 1474 1787 ego
1486 1723 1610 1782 tacuero,
1625 1733 1713 1787 opera
1726 1732 1786 1772 mea

146 1823 210 1862 cum
224 1806 355 1878 lacrymis
370 1804 481 1861 dicebat
500 1823 506 1858 :
528 1805 591 1858 Heu
610 1804 679 1858 mihi
698 1805 854 1875 peccatori!
878 1804 946 1875 quid
986 1803 1156 1859 clamabunt.
1165 1805 1200 1858 ut
1209 1804 1351 1859 enarravit
1364 1805 1389 1858 ei
1403 1813 1432 1859 et
1445 1804 1505 1876 ipse
1515 1805 1668 1876 malignam
1683 1804 1785 1860 diaboh

146 1900 190 1950 est
203 1895 277 1968 quod
287 1894 405 1964 contigit
414 1894 522 1948 misera
534 1893 597 1947 filiae
612 1893 945 1963 meaelquisthesaurum
986 1893 1187 1964 operationem,
1204 1894 1325 1964 qualiter
1347 1893 1381 1947 ab
1401 1894 1515 1948 exordio
1533 1911 1622 1964 usque
1647 1894 1683 1948 ad
1702 1895 1785 1949 tinem

147 2000 242 2038 meum
256 1983 365 2037 furatus
375 1981 505 2054 esthnis
520 1982 583 2035 filim
597 1998 668 2036 meae
682 1981 816 2051 iniuriam
830 1981 945 2036 intulit?
986 1981 1071 2036 fuerit
1085 1981 1259 2037 subsecutus.
1284 1983 1361 2037 Tunc
1382 1982 1451 2037 dicit
1465 1982 1490 2036 ei
1508 2001 1514 2034 :
1530 1983 1579 2037 Vis
1601 1984 1727 2038 converti
1750 1983 1784 2039 ad

147 2071 210 2144 quis
224 2072 305 2127 dulce
319 2072 463 2127 oculomm
478 2087 605 2125 meorum
620 2071 715 2124 lumen
730 2070 883 2124 exstinxit?
893 2087 944 2141 ego
984 2070 1136 2125 Dominum
1152 2072 1241 2125 Deum
1256 2072 1406 2125 nostrum?
1420 2072 1474 2135 Qui
1494 2072 1564 2126 dixit
1581 2091 1586 2125 :
1605 2073 1700 2127 Etiam
1713 2074 1782 2140 volo,

145 2167 174 2216 te
195 2178 308 2232 semper
337 2160 528 2231 supercoelesti
560 2176 663 2230 sponso
690 2158 853 2214 consiliatus
881 2175 943 2213 sum
984 2159 1034 2212 sed
1056 2176 1112 2213 non
1131 2176 1254 2231 possum.
1277 2160 1351 2215 Dicit
1371 2160 1396 2214 ei
1418 2178 1424 2213 ε
1450 2161 1533 2215 Cur?
1554 2161 1732 2234 Respondit:
1752 2163 1783 2218 In

144 2250 316 2321 desponsare
342 2249 473 2314 Christo,
504 2253 533 2302 et
558 2249 730 2319 Angelorum
760 2247 942 2302 contubernio
984 2248 1095 2319 scriptis
1112 2248 1308 2303 abrenuntiavi
1326 2248 1446 2311 Christo,
1464 2255 1492 2303 et
1506 2249 1595 2304 foedus
1611 2251 1707 2322 pepigi
1721 2267 1784 2306 cum

144 2338 249 2393 sociam
263 2337 443 2403 constituere,
460 2342 489 2391 et
504 2337 533 2391 in
543 2336 658 2408 psalmis
671 2348 700 2391 et
710 2337 822 2410 hymnis
838 2342 866 2391 et
879 2354 944 2392 can·
983 2335 1103 2390 diabolo.
1114 2337 1186 2391 Dicit
1196 2337 1221 2391 ei
1232 2343 1357 2392 sanctus:
1366 2339 1430 2392 Non
1437 2338 1488 2392 tibi
1495 2339 1532 2393 sit
1541 2355 1615 2394 curae
1627 2358 1633 2392 :
1644 2339 1784 2411 benignus

141 2427 206 2482 ticis
218 2426 410 2498 spiritualibus
419 2425 584 2480 canereDeo
594 2425 793 2490 accelerabam,
806 2433 836 2479 tu
846 2433 942 2480 autem
984 2425 1107 2479 estDeus
1117 2432 1222 2493 noster,
1230 2426 1433 2498 etsuscipiette
1441 2426 1633 2498 poenitentiam
1640 2435 1781 2499 agentem.

143 2515 172 2570 in
183 2515 324 2570 lasciviam
339 2514 501 2585 petulantiae
510 2514 649 2569 insanisti.
667 2514 782 2568 Dimitte
798 2531 853 2580 me,
870 2515 943 2569 sicut
983 2513 1126 2584 Benignus
1140 2515 1214 2569 eninr
1230 2520 1373 2586 estsuper
1387 2516 1501 2570 malitiis
1515 2516 1629 2570 nostris.
1645 2517 1681 2572 Et
1695 2516 1783 2589 proii-

142 2605 214 2672 volo,
244 2621 309 2658 cum
340 2590 601 2658 Deo'contractum
629 2603 729 2668 facere,
760 2620 795 2657 ne
820 2603 941 2657 deducas
983 2601 1059 2657 ciens
1074 2620 1103 2657 se
1122 2605 1217 2675 puella
1230 2604 1265 2657 ad
1289 2605 1374 2675 pedes
1389 2606 1459 2675 ejus,
1481 2606 1640 2676 evangelice
1666 2605 1785 2677 rogabat

141 2697 315 2747 senectutem
325 2708 417 2747 meam
431 2709 494 2746 cum
506 2708 625 2746 moerore
635 2692 663 2745 in
679 2691 831 2758 infernum,
848 2709 940 2762 neque
982 2707 1057 2756 cum,
1074 2691 1169 2747 dicens
1186 2711 1191 2745 ;
1210 2693 1350 2764 Discipulo
1371 2693 1475 2748 Christi
1488 2694 1539 2748 Dei
1559 2695 1658 2762 nostri,
1676 2694 1783 2766 siquid

141 2780 304 2837 confusione
322 2780 498 2836 nobilitatem
517 2786 666 2853 parentum
690 2786 802 2835 tuomm
818 2781 938 2851 operias.
981 2784 1070 2850 potes,
1086 2781 1260 2851 adjuranos.
1273 2781 1347 2835 Dicit
1360 2782 1519 2836 sanctusad
1532 2800 1671 2853 puerum:
1685 2783 1784 2839 Credis

142 2868 210 2934 Qua
224 2869 253 2925 in
267 2868 387 2924 nihilum
403 2874 537 2941 reputans
550 2886 611 2941 quae
621 2886 639 2923 a
654 2874 733 2940 patre
746 2868 798 2924 sibi
812 2870 940 2924 diceban·
980 2870 1235 2938 possesalvarilht
1248 2870 1295 2924 ille
1310 2871 1380 2925 dixit
1392 2889 1397 2923 ε
1415 2872 1515 2938 Credo,
1527 2871 1665 2938 Domine;
1680 2873 1783 2943 adjuva

139 2964 197 3026 tur,
208 2958 405 3031 perseverabat
419 2960 543 3013 clamans
559 2976 565 3012 ε
584 2959 668 3013 Pater
682 2959 731 3024 mi,
743 2963 792 3013 aut
805 2958 849 3013 fac
863 2959 938 3014 desi·
978 2956 1206 3013 incredulitatem
1232 2975 1324 3016 meam
1340 2960 1437 3027 (ilorci
1456 2965 1504 3029 rx).
1518 2962 1553 3015 Et
1567 2960 1714 3016 confestim
1731 2978 1779 3033 ap-

83 3102 86 3106 .
141 3046 251 3104 derium
266 3065 370 3114 meum,
389 3053 439 3103 aut
453 3048 532 3119 prius
548 3047 703 3119 pauxillum
727 3053 869 3102 mortuam
892 3015 1117 3116 mecprehensa
1127 3049 1327 3117 manuejus,et
1338 3049 1411 3103 facto
1419 3065 1504 3121 super
1512 3066 1577 3104 eurn
1588 3048 1780 3122 Christisigno

139 3135 256 3192 videbis.
273 3137 359 3192 Pater
371 3136 468 3208 itaque
489 3138 551 3206 ejus
566 3136 597 3190 in
612 3152 715 3208 magna
728 3137 936 3192 dementatione
977 3135 1062 3189 simul
1077 3141 1105 3189 et
1118 3137 1256 3216 oratione,
1272 3138 1389 3192 retmsit
1402 3138 1482 3192 illum
1496 3138 1526 3192 in
1540 3155 1596 3193 uno
1611 3139 1683 3205 loco,
1704 3140 1780 3195 iuna

139 3226 318 3293 constitutas,
333 3230 392 3280 tam
411 3223 601 3279 immensitate
621 3224 760 3279 moestitiae
775 3225 933 3296 absorptus,
977 3241 1060 3294 quem
1075 3225 1146 3278 sacri
1164 3225 1340 3280 habebantur
1351 3227 1471 3281 amictus
1484 3227 1550 3295 (ll).
1562 3228 1597 3281 Et
1608 3227 1676 3281 data
1692 3227 1718 3283 ei
1734 3245 1780 3282 re·

138 3331 224 3388 quam
239 3315 394 3370 amicorum
409 3313 532 3369 consiliis
543 3314 724 3385 acquiescens
735 3331 764 3369 se
779 3314 934 3369 admonen-
975 3312 1145 3382 gulaoravit
1159 3314 1260 3385 etipse
1275 3331 1326 3386 pro
1337 3314 1385 3369 illo
1400 3332 1451 3386 per
1465 3320 1522 3369 tres
1536 3315 1605 3370 dies.
1620 3315 1692 3371 Post
1708 3333 1779 3387 quos

136 3402 935 3474 tiumacdicentiumexpedirepotiusvoluntatempuellae
975 3400 1098 3455 visitavit
1118 3419 1193 3467 eum,
1220 3408 1249 3458 et
1272 3403 1362 3457 dixit:
1381 3403 1526 3468 Quomodo
1547 3409 1575 3458 te
1594 3404 1694 3466 habes,
1717 3405 1779 3460 filil

137 3494 209 3559 lieri,
220 3510 305 3567 quam
324 3509 385 3547 sese
406 3491 536 3547 manibus
555 3492 723 3557 interficere,
740 3493 889 3558 consensit,
906 3498 935 3547 et
974 3489 1049 3544 Dicit
1058 3491 1084 3545 ei
1098 3508 1168 3561 puer
1185 3510 1190 3543 ε
1212 3493 1244 3546 ln
1260 3508 1363 3562 magna
1377 3509 1449 3553 sum,
1467 3491 1589 3557 domine,
1609 3492 1777 3549 defectione.

136 3581 269 3653 praecepit
282 3580 343 3634 fieri
358 3579 530 3634 desiderium
544 3579 645 3650 puellae
660 3579 858 3651 potiusquam
871 3599 933 3636 eam
976 3579 1076 3634 Sancte
1087 3581 1147 3646 Dei,
1153 3594 1213 3635 non
1225 3581 1327 3635 sullero
1339 3581 1488 3647 clamores,
1497 3598 1624 3652 pavores,
1635 3583 1742 3654 jacula,
1750 3589 1779 3638 et

136 3669 273 3724 exitiabili
279 3669 392 3723 tradere
401 3667 495 3722 morti.
507 3669 542 3722 Et
553 3685 616 3722 mox
628 3668 746 3739 protulit
754 3685 872 3742 puerum
885 3671 933 3741 qui
974 3667 1159 3738 lapidationes
1168 3669 1449 3740 ipsorumTenentes
1458 3669 1532 3724 enim
1541 3670 1662 3742 propriae
1675 3689 1778 3728 manus

136 3752 325 3823 querebatur,
337 3751 421 3806 simul
432 3757 461 3805 et
471 3751 614 3823 propriam
628 3752 763 3822 genitam,
772 3757 800 3807 et
811 3753 881 3808 dans
893 3754 933 3809 eis
974 3771 1043 3809 meae
1062 3757 1240 3827 scripturam,
1256 3756 1442 3828 objurgantur
1455 3757 1484 3811 in
1501 3774 1555 3824 me,
1570 3756 1698 3814 dicentes
1714 3779 1721 3813 :
1735 3760 1777 3815 'l'u

134 3840 310 3895 omniabona
320 3857 381 3905 sua,
395 3839 476 3894 dixit:
489 3840 569 3894 Salve
581 3845 648 3895 nata
658 3856 722 3894 vere
732 3841 849 3910 misera;
863 3842 934 3897 mul·
974 3844 1074 3898 venisti
1087 3845 1123 3899 ad
1136 3862 1197 3912 nos,
1215 3861 1271 3899 non
1285 3862 1336 3899 nos
1352 3847 1387 3900 ad
1401 3851 1439 3900 te.
1457 3847 1492 3900 Et
1505 3845 1574 3901 dicit
1588 3847 1614 3901 ei
1638 3854 1754 3904 sanctus
1769 3867 1775 3902 :

133 3933 195 3984 tum
205 3929 404 3985 lamentaberis
415 3929 623 4001 repoenitensin
635 3929 802 3995 novissimis,
821 3932 932 4002 quando
973 3932 1037 3986 Noli
1051 3933 1161 4001 timere,
1174 3933 1213 3987 nli
1228 3934 1277 4001 mi,
1294 3934 1489 3989 tantummodo
1506 3934 1598 3990 crede.
1620 3936 1657 3991 Et
1667 3936 1736 3993 data
1751 3938 1777 3993 ei

133 4016 260 4074 nihiltibi
266 4017 400 4091 proderit.
408 4019 495 4072 Porro
503 4018 616 4073 nefandi
625 4019 933 4091 matrimoniiconjugio
974 4022 1163 4088 modicaesca,
1171 4028 1200 4076 et
1212 4022 1285 4077 facto
1295 4040 1379 4095 super
1389 4040 1454 4078 eum
1466 4024 1571 4078 Christi
1584 4025 1680 4080 denuo
1696 4027 1776 4099 signo

132 4107 215 4175 facto,
227 4113 256 4163 et
269 4106 412 4163 diabolica
422 4106 593 4178 operationis
604 4108 742 4179 completo
760 4107 892 4176 facinore,
905 4114 934 4164 et
974 4115 1003 4164 et
1022 4111 1158 4176 oratione,
1174 4111 1289 4166 inclusit
1303 4129 1382 4180 eum,
1398 4119 1504 4185 etpost
1517 4130 1622 4185 paucos
1637 4114 1700 4170 dies
1715 4115 1775 4171 visi-

131 4196 934 4270 pancotemporepraetereunte,notatusestpueraquibus-
974 4200 1043 4253 tavit
1053 4199 1143 4266 illum,
1159 4206 1188 4255 et
1202 4201 1292 4255 dixit:
1310 4201 1454 4266 Quomodo
1470 4207 1498 4256 te
1512 4201 1610 4269 habes,
1627 4203 1668 4258 fili
1682 4205 1696 4257 l
1711 4206 1771 4260 hit:

132 4287 208 4354 dam,
218 4286 294 4359 quod
304 4302 359 4340 non
370 4284 566 4355 ingrederetur
574 4285 731 4351 ecclesiam,
745 4301 836 4356 neque
847 4292 932 4340 attre-
941 4328 966 4388 D
974 4289 1058 4343 Pater
1067 4294 1172 4356 sancte,
1182 4306 1199 4343 a
1208 4290 1291 4361 longe
1297 4291 1433 4345 clamores
1448 4307 1545 4346 eorum
1558 4292 1644 4347 audio
1654 4293 1742 4349 simul
1747 4299 1772 4349 et

132 4381 224 4432 ctaret
238 4374 409 4431 immortalia
423 4379 453 4429 et
462 4373 573 4429 vivifica
586 4379 771 4441 sacramenta,
793 4382 822 4430 et
835 4375 932 4430 dicunt
971 4378 1082 4445 minas3
1097 4395 1164 4433 nam
1177 4396 1234 4433 non
1249 4379 1328 4434 video
1341 4380 1413 4434 illos.
1422 4381 1457 4434 Et
1471 4388 1568 4436 rursus
1580 4380 1649 4437 dato
1659 4381 1687 4436 ei
1702 4382 1769 4449 cibo,

132 4463 299 4521 miserandae
311 4463 391 4519 uxori
404 4463 480 4534 ejus:
498 4463 616 4518 Noveris
635 4464 701 4534 quia
716 4463 834 4519 maritus
852 4469 929 4531 tuus,
971 4466 1772 4535 eteflusaorationeclausitostium,etdiscessit.Praetema

133 4571 216 4626 quem
224 4553 453 4627 elegisti,nonest
463 4551 648 4614 Christianus,
656 4553 931 4608 sedextraneusesta
971 4557 1237 4628 quadragesimodie
1251 4556 1322 4611 abiit
1333 4558 1368 4612 ad
1379 4575 1454 4625 eum,
1465 4564 1494 4613 et
1504 4558 1622 4614 dicitiili
1635 4578 1641 4612 :
1653 4559 1771 4624 Quomo-

134 4643 199 4713 frde,
208 4649 236 4698 et
241 4643 354 4715 penitus
362 4648 405 4698 est
412 4640 603 4704 alienus.Quae
609 4641 732 4695 tenebris
742 4642 840 4696 etdira
847 4642 930 4714 plaga
970 4646 1005 4700 do
1016 4651 1044 4700 te
1053 4645 1148 4711 habes,
1162 4646 1429 4719 fraterlllespondit
1439 4653 1468 4701 et
1479 4647 1548 4702 dicit
1556 4648 1581 4702 el
1594 4671 1600 4705 :
1613 4649 1702 4717 Bene,
1712 4667 1771 4706 san·

134 4731 247 4799 referta,
257 4732 375 4803 projecit
383 4747 414 4785 se
427 4730 457 4784 in
471 4727 673 4800 pavimentum,
684 4734 713 4784 et
720 4729 805 4801 coepit
818 4730 929 4801 ungulis
970 4740 1013 4789 cte
1027 4734 1086 4788 Dei.
1103 4735 1167 4789 Vidi
1182 4735 1256 4789 enim
1271 4741 1299 4789 te
1316 4736 1399 4790 hodie
1423 4737 1453 4790 in
1469 4737 1576 4791 somnis
1596 4746 1770 4810 pugnantem

133 4818 314 4889 semetipsam
331 4819 499 4891 discerpere,
516 4824 545 4873 et
566 4823 713 4890 percutere
729 4824 826 4889 pectus
844 4824 929 4890 atque
970 4840 1020 4895 pro
1028 4840 1083 4891 me,
1094 4829 1123 4878 ct
1131 4824 1287 4879 vincentem
1299 4824 1451 4880 diabolum.
1463 4826 1527 4881 Mox
1540 4828 1770 4897 ergosecundum

134 4905 270 4961 clamare:
282 4907 371 4963 Nemo
384 4923 510 4980 unquam
526 4907 575 4977 qui
587 4906 751 4979 parentibus
766 4906 929 4963 mobediens
970 4913 1203 4968 consuetudinem
1215 4912 1289 4968 iacta
1303 4913 1430 4969 oratione
1441 4914 1538 4968 eduxit
1549 4914 1641 4983 illum,
1653 4923 1685 4973 et
1694 4918 1770 4974 duxit

131 4994 290 5060 fnit,salvus
299 4995 389 5050 factus
398 4996 520 5061 estQuis
530 4994 929 5067 annuntiabitpatrimeocon·
969 4999 1049 5056 illum
1063 5001 1270 5056 ad-cubiculum
1281 5019 1374 5057 suum.
1388 5008 1478 5070 159
1484 5003 1565 5059 Mane
1577 5013 1676 5060 autem
1685 5007 1769 5075 sacto,

132 5082 445 5139 fusionemmeamilleu
452 5084 675 5141 mihiinfelicilin
682 5085 756 5157 quod
762 5087 929 5158 perditionis
970 5095 1119 5145 convocato
1133 5096 1192 5145 tam
1201 5090 1354 5146 venerabili
1364 5091 1438 5146 clero
1450 5109 1535 5163 quam
1551 5095 1732 5150 monasteriis
1742 5103 1770 5153 et

130 5170 300 5245 profundum
308 5171 438 5226 descendi
449 5172 548 5243 iquare
559 5179 626 5228 nata
635 5175 759 5229 sumlvel
767 5182 833 5230 nata
841 5194 928 5247 quare
969 5179 1046 5233 omni
1061 5181 1172 5235 Christo
1183 5179 1295 5235 amabili
1309 5181 1422 5252 popule,
1433 5181 1504 5235 dixit
1514 5182 1554 5235 ais
1569 5199 1574 5233 :
1585 5181 1652 5237 Filii
1661 5183 1719 5239 mei
1730 5184 1771 5239 di-

130 5277 188 5316 non
207 5260 305 5315 statim
323 5258 518 5331 indireptibilis
535 5262 595 5333 [Gr.
613 5259 778 5334 ἀνάρπαστος,
798 5265 926 5337 abrepta]
967 5268 1042 5334 lecti,
1059 5269 1182 5324 universi
1204 5270 1310 5342 gratias
1332 5286 1449 5341 agamus
1464 5271 1599 5340 Domine;
1614 5280 1681 5327 eece
1694 5274 1770 5330 enim

130 5353 205 5406 facta
218 5367 279 5405 sum
291 5350 303 5403 l
313 5348 481 5419 Hujusmodi
491 5366 557 5421 ergo
573 5368 635 5405 earn
651 5353 870 5424 complorantem
881 5373 926 5410 se·
966 5356 1092 5412 futurum
1107 5366 1195 5414 estut
1208 5375 1288 5413 (avem
1306 5358 1446 5429 perditam
1466 5366 1563 5431 pastor
1576 5359 1669 5418 bonus
1684 5380 1771 5437 super

60 5474 63 5481 .
129 5439 281 5497 ductusvir
293 5440 355 5512 ejus
370 5454 533 5511 agnoscens,
544 5440 620 5494 venit
633 5441 668 5494 ad
681 5459 753 5511 eam,
764 5459 926 5500 asseverans
966 5445 1098 5502 humeros
1111 5465 1178 5503 suos
1191 5447 1319 5519 imponat
1330 5449 1481 5522 (Lueaxv),
1496 5456 1524 5505 et
1539 5451 1657 5506 reducat
1671 5453 1769 5510 Eccle-

129 5546 186 5587 non
200 5546 230 5585 se
243 5528 283 5585 ita
292 5529 335 5585 rei
344 5527 490 5584 veritatem
502 5527 606 5584 habere
617 5547 623 5583 :
636 5545 697 5599 quaa
709 5531 739 5586 in
748 5532 925 5605 refrigerium
966 5536 1026 5604 sise3
1044 5542 1073 5590 et
1090 5553 1141 5592 nos
1165 5543 1276 5609 oportet
1288 5537 1452 5608 pervigilem
1471 5539 1573 5596 ducere
1591 5545 1719 5613 noctem,
1740 5550 1770 5599 et
