3818 6120
96 242 150 303 aaa
291 212 295 221 ’
561 256 563 262 ·
621 247 668 304 on
686 247 782 306 vrns
801 246 950 306 naraon
967 236 1238 302 meuararnus.
1617 226 1620 237 ·
1684 223 1741 286 eoo

96 366 127 433 ln
141 375 315 448 praeliorum
331 371 486 447 phantasiis
500 371 659 429 daemonum
670 373 816 442 dimicans,
829 374 900 429 rela-
909 371 1042 437 Ahiems,
1058 365 1202 423 etinflnita
1210 365 1364 434 tempestas
1374 359 1482 415 nudum
1491 372 1537 414 me
1547 352 1740 457 atquespolio-

97 465 173 522 xavit
182 465 308 521 animum
319 480 412 526 suum,
428 463 471 517 vel
485 462 516 517 in
525 461 620 533 aliquo
635 463 794 535 trepidavit.
811 462 899 518 llari-
938 466 1000 517 tum
1013 458 1118 530 absque
1133 452 1301 528 perfectione
1314 450 1453 506 bonorum
1465 464 1583 521 operum
1606 451 1739 503 mvenvet.

97 558 277 610 mumautem
287 550 899 624 atqueadmirabllecertamonhocsuitquod
976 551 1041 605 Can.
1067 547 1139 602 XVI.
1165 569 1194 580 -
1221 540 1353 597 Admiror
1372 539 1402 594 in
1429 537 1618 637 memetipso,⁸
1638 537 1742 637 ¹charis·

99 661 167 716 erga
177 640 368 698 beatissimam
382 640 500 696 Mariam
512 641 610 711 gessit,
625 642 765 713 quomodo
783 658 833 713 per
853 658 899 696 sa·
940 638 1014 704 simi,
1031 635 1170 709 quomodo
1186 630 1312 704 quotidie
1323 627 1466 699 deliraquo,
1490 631 1519 682 et
1541 626 1667 699 quotidie
1682 642 1742 699 poe·

99 732 233 804 pientiam
246 730 432 801 spiritualem,
449 731 637 802 prudentiam,
653 730 779 802 inquam,
796 737 825 787 et
845 731 899 785 irn-
941 727 1089 783 nitentiam
1115 740 1187 795 ago3
1212 738 1262 794 per
1283 721 1367 775 horas
1386 718 1509 784 aedilico,
1534 721 1565 772 et
1586 733 1638 788 per
1657 717 1743 771 hores

99 819 240 893 peritiam,
256 835 306 890 per
326 818 544 874 indifferentiam
560 825 589 874 et
613 819 846 875 incontinentiam
865 821 900 875 de
941 812 1250 873 constructasubverto.
1269 808 1312 864 Ad
1335 823 1480 879 vesperam
1501 805 1580 861 dico:
1608 806 1742 878 Sequenti

99 909 231 980 voragine
238 908 395 979 iniquitatis
411 925 473 964 earn
484 907 632 963 abstraxit.
645 910 667 964 0
681 909 858 964 miraculum!
868 910 900 964 ln
941 905 987 962 die
999 903 1135 977 panitae,
1151 916 1234 954 mane
1248 902 1344 953 autem
1358 897 1440 962 laeto,
1465 896 1556 950 elatus
1574 895 1649 950 diem
1660 911 1743 994 'prae

98 998 192 1072 ipsum
206 997 297 1052 cubile
321 997 450 1053 draconis
468 997 612 1069 ingressus
634 1003 686 1065 est,
712 998 807 1070 ibique
835 1015 900 1053 eum
940 1001 1028 1051 teneo.
1043 993 1151 1048 Rursus
1166 990 1202 1043 ad
1221 1003 1365 1060 vesperam
1386 985 1463 1041 dico:
1493 985 1586 1041 Noctu
1611 982 1743 1055 vigilabo,

99 1086 218 1160 pedibus
247 1087 428 1153 conculcavit,
455 1093 484 1142 et
511 1104 544 1143 ex
568 1087 661 1142 medio
687 1088 813 1143 dentium
839 1089 900 1159 ejus
941 1089 1047 1140 etcum
1060 1079 1192 1153 lacrymis
1213 1075 1364 1133 obsecrabo
1385 1075 1546 1137 Dominum,
1570 1078 1604 1130 ut
1622 1072 1744 1145 peccatis

100 1193 193 1232 escam
206 1176 319 1248 eripuit.
338 1176 374 1231 lii
394 1192 499 1248 agones
510 1181 539 1231 et
545 1176 662 1232 sudores
674 1176 748 1232 beati
760 1178 812 1232 viri
820 1176 901 1232 exsti-
940 1174 1010 1229 meis
1024 1169 1162 1246 pmpitins
1171 1168 1225 1235 sit;
1240 1183 1302 1222 cum
1312 1170 1407 1221 autem
1418 1181 1472 1219 nox
1478 1163 1633 1228 advenerit,
1644 1178 1742 1218 somno

100 1269 207 1321 terunt.
285 1278 297 1295 ‘
942 1263 1035 1336 potius
1048 1275 1178 1332 occupor.
1192 1257 1261 1312 Ecce
1276 1255 1325 1327 qui
1337 1269 1447 1310 mecum
1466 1257 1636 1324 acceperunt
1657 1267 1742 1324 pema-

138 1355 203 1412 Car.
220 1354 295 1410 Xlll.
308 1384 341 1396 -
355 1355 391 1410 Et
403 1355 456 1410 hoc
470 1355 583 1427 quidem
598 1355 638 1411 ita
651 1355 852 1411 conscribimus
866 1357 903 1412 ad
942 1353 1019 1408 niam
1033 1351 1122 1407 dicae
1136 1353 1217 1404 nocte
1231 1345 1369 1417 negotiari
1382 1343 1567 1411 contendunt,
1584 1347 1663 1424 utet
1681 1342 1741 1398 lau·

102 1443 321 1499 consolationem
336 1448 366 1498 et
389 1444 565 1500 devotionem
586 1446 713 1501 omnium
735 1445 784 1518 qui
806 1446 903 1501 volunt
942 1442 1007 1497 dem
1026 1438 1157 1512 praeconii
1179 1439 1397 1508 consequentum
1415 1437 1445 1489 et
1466 1432 1563 1487 decem
1583 1431 1743 1488 civitatibus

102 1531 147 1603 pie
161 1537 190 1587 et
204 1532 334 1588 alacriter
343 1532 428 1588 vitam
437 1549 517 1589 suam
526 1533 689 1589 instituere:
707 1541 734 1590 et
746 1535 902 1589 adlendem
942 1530 1141 1604 praesintwgo
1155 1526 1191 1582 ob
1202 1525 1346 1599 pigritiam
1363 1539 1455 1578 meam
1475 1521 1611 1591 occultavi
1627 1537 1692 1576 eam
1715 1521 1742 1578 in

103 1626 132 1677 et
143 1620 263 1693 gloriam
279 1621 341 1688 Dei,
352 1623 434 1693 cujus
442 1622 536 1693 gratia
547 1623 698 1679 alssuenter
712 1622 792 1680 nobis
802 1629 903 1679 cuncta
942 1626 1030 1687 terra,
1046 1623 1075 1674 et
1081 1617 1218 1674 Dominus
1230 1631 1311 1670 ruens
1317 1613 1515 1686 propinquavit
1526 1611 1631 1679 venire;
1643 1618 1673 1667 et
1682 1627 1743 1667 eece

102 1725 164 1782 quae
178 1714 337 1782 opportuna
349 1717 417 1767 sunt
427 1711 619 1768 conceduntur
629 1731 636 1780 ;
647 1713 678 1769 in
687 1712 741 1767 alio
751 1729 816 1767 vero
829 1713 900 1767 volu·
910 1719 933 1780 Β
944 1707 1134 1767 contremiscit
1142 1723 1191 1761 cor
1203 1721 1309 1769 meum,
1325 1708 1354 1759 et
1369 1703 1459 1759 defleo
1482 1702 1543 1757 dies
1564 1700 1743 1773 negligentia
1799 1732 1802 1738 ·

101 1799 178 1856 mine
188 1799 902 1874 reliquasejusvirtotesdescripsimus.lior-nautam
944 1816 1024 1866 meoe,
1041 1814 1096 1853 non
1111 1795 1217 1852 habens
1231 1794 1343 1867 qualem
1358 1791 1566 1850 excusationem
1581 1790 1742 1846 obtendam.

101 1887 151 1944 illa
165 1889 276 1961 quando
291 1889 397 1963 quievit
409 1890 584 1962 migraturus
596 1891 631 1946 ad
646 1890 806 1959 Dominum,
831 1909 903 1964 pene
979 1884 1316 1944 cmxvii-Miserere
1327 1881 1393 1948 mei,
1409 1881 1457 1953 qui
1469 1881 1545 1937 solus
1555 1879 1616 1936 sine
1630 1884 1744 1952 peceato

102 1978 233 2033 universa
246 1978 344 2035 civitas
356 1985 526 2051 congregata
541 1985 592 2035 est.
605 1981 640 2035 Et
652 1982 844 2053 unusquisqne
855 1998 902 2037 eo·
944 1994 974 2032 ea
992 1976 1076 2043 Deus,
1092 1974 1236 2031 etsalvum
1247 1989 1292 2028 me
1306 1972 1357 2036 lac,
1370 1970 1502 2043 quisolus
1520 1967 1662 2040 benignus
1674 1986 1703 2025 es
1717 1974 1745 2026 et

103 2082 167 2122 rum
182 2083 246 2122 cura
260 2068 337 2124 omni
351 2068 660 2125 devotionecastissimo
669 2072 731 2142 ejus
737 2072 847 2142 corpori
856 2087 904 2143 ap·
944 2066 1075 2135 clemens3
1088 2065 1300 2137 quiapraeterta
1310 2061 1488 2118 benedictum
1498 2059 1622 2127 Patrem,
1634 2064 1664 2116 et
1681 2059 1745 2115 nni·

103 2156 306 2229 propinquans,
317 2157 541 2214 benedictionem
552 2158 605 2214 sibi
615 2177 648 2215 ex
659 2160 905 2232 vestimentisque
944 2156 1072 2230 genitum
1084 2151 1743 2225 Filiumtuumquiincarnatusestpropternos,

103 2244 229 2317 diripuit.
239 2246 306 2302 Etsi
316 2246 345 2302 in
357 2263 523 2320 quocunque
532 2248 668 2319 languore
681 2249 710 2305 id
725 2250 799 2321 quod
813 2250 905 2321 direp-
947 2252 976 2303 et
987 2245 1125 2320 Spiritum
1137 2248 1266 2299 sanctum
1275 2241 1324 2314 qui
1333 2241 1454 2297 viviticat
1465 2239 1570 2306 omnia,
1583 2239 1673 2296 adum
1685 2255 1746 2295 nes-

103 2339 164 2390 tum
179 2338 222 2390 est
236 2335 542 2409 contigitsinealiqua
556 2338 905 2396 morosanitassubsecuta
945 2333 1251 2408 cio,ncqueir1alium
1265 2332 1359 2388 eredo.
1375 2332 1410 2387 Et
1423 2346 1499 2387 nunc
1513 2335 1656 2386 memento
1679 2329 1743 2395 mei,

104 2429 155 2482 cst.
945 2430 1055 2481 amator
1068 2423 1225 2491 hominum,
1237 2437 1265 2478 et
1278 2422 1369 2478 deduc
1382 2437 1427 2475 me
1441 2419 1476 2475 de
1489 2436 1602 2476 carcere
1615 2419 1747 2491 iniquita-

140 2514 206 2571 (lar.
222 2515 295 2570 xlv.
312 2540 342 2552 -
358 2515 526 2571 Vixitetiam
536 2516 702 2574 ilariaalios
717 2517 841 2589 quinque
853 2533 904 2572 an·
944 2520 1007 2571 tum
1021 2529 1159 2579 mearum,
1174 2513 1241 2585 qnia
1253 2517 1407 2584 utrumque
1421 2514 1560 2575 tuumeat,
1577 2511 1707 2576 Domine,
1718 2514 1746 2565 et

104 2618 165 2669 uos,
182 2604 278 2676 sicque
292 2605 503 2676 supramodum
521 2605 605 2661 vitam
615 2622 696 2661 auam
709 2606 906 2672 instituens,et
946 2603 1057 2675 quando
1071 2602 1185 2657 voluisti
1201 2617 1246 2657 me
1269 2601 1299 2656 in
1319 2601 1395 2656 hunc
1414 2600 1552 2655 mundum
1575 2600 1693 2667 intrare,
1718 2606 1746 2656 et

105 2689 203 2747 dicbus
217 2709 250 2747 ac
260 2692 388 2748 noctibus
399 2693 429 2748 in
438 2693 748 2766 lamentationemagna
760 2696 905 2768 lacrymis·
945 2693 1058 2765 quando
1071 2709 1105 2747 ex
1117 2707 1151 2747 eo
1159 2692 1282 2763 migrare
1291 2690 1466 2763 preceperis.
1477 2691 1637 2746 Memorare
1646 2689 1747 2746 meiln-

105 2797 160 2854 que
174 2797 366 2852 perseverans,
381 2782 532 2839 Dominum
546 2783 722 2855 precabatur,
733 2789 765 2840 ut
779 2785 905 2857 plerique
946 2782 1062 2847 defensi,
1078 2787 1107 2837 et
1124 2779 1200 2836 salva
1210 2797 1255 2836 me
1266 2787 1440 2853 peccatorem
1455 2779 1601 2851 ;etgratia
1611 2785 1671 2847 tua,
1686 2796 1747 2852 que

105 2874 307 2943 pretereuntes
315 2871 407 2949 locum
421 2871 500 2927 illum
516 2878 699 2944 pernoctem,
717 2879 746 2929 et
760 2875 906 2930 audientes
947 2871 1016 2927 mihi
1030 2871 1060 2926 in
1073 2871 1127 2926 hoc
1139 2871 1240 2926 seculo
1248 2869 1563 2942 opitulauamtugiom,
1575 2874 1604 2924 et
1616 2869 1747 2942 gloriatio

106 2975 201 3015 vocem
227 2960 346 3016 lletuum
369 2961 440 3032 ejus,
464 2961 647 3018 nihilominus
673 2968 850 3019 verterentur
877 2964 906 3018 in
947 2961 1022 3017 lacta
1035 2965 1087 3029 est,
1098 2961 1161 3032 ipsa
1175 2977 1220 3015 me
1233 2959 1286 3016 snb
1296 2960 1355 3015 alas
1364 2959 1393 3014 in
1403 2959 1654 3016 illadiehorrenda
1664 2965 1748 3032 atque

105 3048 398 3121 planctum,etiietum
412 3052 563 3122 suumejus
572 3053 640 3107 lietu
648 3054 821 3125 copularent.
830 3054 907 3108 Hora
918 3046 1067 3109 Gterribili
1077 3054 1216 3123 proteget.
1227 3050 1270 3106 Tu
1279 3049 1556 3123 enimagnoscis,qui
1571 3056 1747 3107 esscrutator

106 3143 201 3193 autem
216 3138 394 3195 dormitionis
409 3141 479 3212 ejus,
496 3157 551 3212 qua
566 3158 598 3196 ex
611 3141 664 3197 hac
685 3142 741 3197 vita
760 3149 906 3215 assumpta
946 3140 1037 3197 cordis
1050 3144 1079 3194 et
1089 3154 1200 3207 renum,
1216 3139 1290 3211 quod
1306 3139 1411 3194 multas
1422 3139 1574 3211 pravitates
1590 3140 1745 3196 etscanda·

106 3232 159 3294 est,
174 3244 272 3283 omnes
286 3228 335 3300 qui
348 3228 480 3285 viderunt
497 3247 569 3297 eam,
591 3226 706 3307 prm
728 3232 907 3304 splendorem
946 3232 1038 3286 lorum
1050 3227 1745 3301 tramites,impudentiumvanitatemetheretico·

106 3316 202 3372 vultus
213 3318 285 3389 ejus,
294 3317 415 3389 gloriam
428 3318 548 3376 Domino
562 3320 728 3377 retulerunt.
947 3337 1011 3376 rum
1027 3319 1218 3376 defensionem
1232 3317 1504 3390 contemperantiam
1513 3334 1571 3373 non
1580 3335 1614 3373 ex
1624 3335 1679 3386 me,
1696 3320 1744 3376 sed

144 3405 209 3460 Car.
226 3406 284 3461 XV.
299 3437 328 3448 -
338 3406 402 3462 lieu
411 3407 481 3462 mihi
492 3407 908 3482 (6),dileetissimi‚quonlamhi
948 3427 980 3467 ex
990 3409 1084 3481 gratia
1097 3413 1156 3476 tua,
1172 3424 1223 3480 per
1235 3424 1320 3480 quem
1341 3407 1500 3463 illuminata
1513 3412 1557 3464 est
1571 3425 1652 3464 mens
1675 3426 1747 3465 mea.

109 3493 221 3568 quidem
234 3495 419 3552 dormierunt.
433 3497 507 3552 etad
517 3498 668 3555 Dominum
675 3517 739 3556 cum
753 3501 829 3556 omni
839 3502 909 3557 fidu·
949 3498 1029 3557 Unde
1043 3497 1168 3564 obsecro,
1188 3501 1283 3552 sancte
1306 3497 1434 3564 Domine,
1451 3497 1528 3553 salva
1550 3514 1597 3553 me
1611 3497 1642 3552 in
1662 3515 1749 3570 regno

109 3582 355 3654 ciaperrcxerunt3
364 3601 484 3656 quorum
494 3587 609 3643 mensio
620 3588 697 3643 nullo
705 3605 820 3660 prorsus
828 3607 908 3645 mun·
950 3593 1008 3657 tuo,
1023 3594 1052 3644 et
1065 3588 1183 3660 dignare
1197 3585 1618 3643 mebenedicerecumomnibus
1634 3588 1682 3660 qui
1693 3588 1750 3660 pla·

109 3671 190 3727 danis
204 3673 325 3743 negotiis
336 3673 467 3745 colligata
478 3680 531 3744 est,
547 3677 596 3731 sed
610 3677 640 3732 in
654 3678 715 3733 sola
728 3678 909 3735 Dominicha·
948 3683 1069 3737 suerunt
1082 3683 1148 3733 ante
1162 3681 1200 3743 te,
1209 3676 1429 3749 quoniamdecet
1437 3680 1466 3731 te
1472 3675 1573 3749 gloria,
1584 3678 1713 3733 adoratio
1722 3684 1751 3733 et

109 3759 203 3815 ritate.
213 3762 270 3832 Ego
280 3767 449 3828 marem
458 3762 646 3837 impromptus
655 3771 740 3839 atque
753 3767 908 3840 imparatus
949 3765 1747 3840 magnificentiapmremctuiliomotSpiritamsanctnm.

109 3863 174 3905 mea
186 3850 329 3906 voluntate
343 3853 496 3923 permansi,
519 3859 548 3909 et
560 3870 624 3911 ecce
636 3857 851 3930 comprehendit
862 3876 908 3916 me
947 3859 1048 3917 Amen.

740 3982 932 4040 ROSWEYDI
949 3982 1119 4040 ΝΟΤΛΤΙΟ.

115 4084 119 4091 ·
146 4073 186 4140 (l)
201 4074 298 4129 Maria
311 4077 487 4148 meretricia]
502 4077 617 4134 Festum
631 4079 716 4151 huJ'us
725 4081 754 4136 in
769 4082 854 4137 nullis
866 4087 913 4137 ta-
989 4081 1025 4153 (5)
1042 4080 1240 4156 chamennia]
1254 4081 1341 4137 Vetus
1356 4081 1450 4150 editio,
1467 4083 1652 4136 continentia.
1670 4082 1749 4139 Colo·

110 4143 184 4199 bulis
199 4145 392 4202 ecclesiasticis
403 4148 514 4204 invenio
522 4157 598 4205 certo
609 4152 654 4208 die
663 4153 848 4224 assignatum,
857 4154 913 4209 nisi
953 4153 1069 4221 niensis,
1086 4157 1244 4209 conamen-im.
1264 4154 1338 4209 Vera
1359 4154 1450 4220 lectio,
1469 4169 1553 4224 qnam
1580 4152 1656 4208 dedi.
1680 4155 1750 4209 Sunt

110 4217 344 4343 {uodinllenaeis
355 4219 526 4277 moctensis
543 4222 758 4281 barathrone
770 4226 911 4297 jungitur.
953 4227 1094 4298 χαμευνίαι,
1124 4226 1371 4281 lvasmr'cobctv'onet.
1402 4226 1503 4298 Supra,
1530 4223 1596 4278 Vita
1621 4224 1749 4289 Abrabae,

111 4358 119 4371 .
134 4293 145 4342 t
160 4287 244 4343 simul
254 4289 389 4346 hactenus
403 4291 469 4347 Vita
478 4291 740 4353 Abmhoetllariae
752 4297 912 4368 neptisojus
953 4312 1013 4368 cap.
1033 4295 1074 4364 18,
1091 4298 1264 4352 clmrncuniis
1279 4313 1383 4367 qaoque
1403 4302 1428 4351 ct
1442 4298 1607 4352 contritione
1630 4300 1750 4367 eorporis

109 4375 248 4431 impressa
259 4360 321 4429 fuit,
337 4367 450 4418 auctore
472 4363 612 4436 Ephrem.
633 4366 764 4432 Distinri,
786 4373 819 4422 ut
838 4368 912 4423 viros
953 4384 1099 4437 antiquom
1115 4371 1229 4423 alatrino
1245 4368 1494 4424 tassovosamlide
1505 4367 1717 4424 Onomasticon.

110 4437 250 4486 ascetas'a
264 4432 376 4488 leminis
386 4435 513 4489 ascetriis
519 4442 663 4508 separatos
673 4437 801 4494 haberes.
919 4448 943 4510 ὓ
989 4437 1026 4508 (6)
1040 4439 1097 4494 Heu
1110 4439 1204 4509 milri]
1218 4438 1285 4494 Tria
1299 4439 1445 4522 sequentia
1459 4438 1551 4510 capita
1565 4438 1669 4494 desunt
1692 4444 1750 4495 tam

119 4532 121 4539 ·
144 4501 183 4573 (2)
197 4503 334 4574 Stabula]
346 4504 378 4560 ld
392 4511 435 4560 est
449 4505 601 4562 diversorio
610 4508 653 4564 vel
668 4509 912 4568 meritorioUnde
952 4510 1026 4580 apud
1041 4510 1179 4581 Ephrem.
1193 4517 1262 4565 torn.
1274 4511 1363 4576 lll,1n
1376 4509 1674 4574 Vitadbrahm,necse
1683 4511 1751 4566 eain

109 4572 192 4637 infra,
208 4591 270 4647 cap.
286 4571 313 4643 6,
323 4578 506 4632 stabularios.
952 4581 1056 4636 Graecis
1069 4582 1272 4653 exemplaribus
1282 4583 1419 4654 reperisse
1432 4581 1752 4653 testaturliphraemiin·

147 4642 183 4714 (3)
195 4646 444 4719 dominaedium]
456 4648 497 4701 lta
506 4648 666 4719 legendum.
677 4650 761 4719 Editi,
771 4657 912 4709 coloman-
951 4656 1060 4723 terpres
1069 4653 1194 4720 Vossius,
1205 4654 1372 4725 quamapud
1387 4653 1616 4724 Metaphrastem,
1627 4657 1705 4710 torno
1715 4653 1752 4710 Vl

111 4715 201 4782 chum,
217 4718 248 4771 id
260 4723 298 4772 cst
310 4721 425 4787 pitaram.
438 4718 567 4775 Occurrit
580 4726 609 4776 et
623 4721 704 4787 infra,
721 4739 753 4776 ca
774 4723 811 4778 ite
824 4722 850 4788 9,
862 4725 910 4780 ubi
952 4722 1109 4795 Lipomani,
1125 4730 1154 4779 et
1167 4730 1244 4781 tomo
1259 4727 1284 4781 11
1300 4725 1383 4780 Sunii.
1400 4724 1523 4778 Deerant
1536 4724 1622 4779 etiam
1647 4725 1677 4780 in
1694 4725 1752 4782 tla-

111 4786 286 4842 Ooloniensis
311 4789 406 4857 editio,
432 4795 597 4848 salamanca
621 4793 736 4866 habet..
768 4795 813 4850 ide
835 4796 911 4852 Ono·
952 4793 1104 4867 nuscriptis
1117 4796 1231 4850 nostris.
1248 4797 1301 4852 Sed
1336 4796 1384 4851 uia
1405 4795 1579 4850 coloniensis
1593 4795 1682 4851 editio
1695 4796 1754 4853 hec

110 4858 257 4914 masticon.
953 4863 1046 4933 habet,
1064 4867 1148 4922 etiam
1164 4868 1296 4939 expressi.
1313 4814 1425 4922 iossius
1446 4866 1587 4921 existimat
1612 4867 1754 4923 clausulas

146 4928 288 4999 (ildopcr
296 4933 474 5006 psiathium]
493 4934 581 4991 Vetus
600 4934 694 5004 editio,
724 4953 807 5007 super
831 4940 912 4994 humi
952 4937 1012 5004 has,
1027 4954 1059 4992 ex
1073 4938 1374 5010 aliisEplrraemilocis,
1391 4939 1493 5011 quibus
1505 4937 1611 4993 similia
1624 4940 1754 5011 quedam

112 5003 245 5082 spatium.
262 5000 316 5056 Sed
322 5003 382 5073 jam
389 5006 562 5078 antesaepius
571 5005 745 5064 inaliisllitis
753 5011 910 5091 psiathium
950 5008 1045 5081 habet,
1062 5009 1320 5066 concinnatasesse.

112 5074 243 5142 occurrit,
260 5076 293 5128 ut
306 5071 340 5129 de
352 5073 480 5133 lectionis
492 5077 608 5135 veritate
622 5080 730 5137 nullum
738 5081 908 5140 sitdubium.
