3818 6120
130 271 183 332 887
706 264 752 318 DE
764 261 859 318 tuus
878 258 1027 316 Peritum
1045 262 1152 319 LIBER
1170 266 1203 319 V.
1718 269 1771 329 888

130 401 220 456 micus
234 399 269 455 de
283 400 365 454 ruina
378 398 450 468 ejus,
461 395 550 449 voluit
567 392 751 463 semetipsum
763 383 1068 460 desperare,Afariem
1089 405 1179 458 suam,
1204 408 1306 463 rogans
1331 394 1492 462 Dominum,
1508 399 1537 449 et
1550 394 1648 451 dicens
1663 412 1670 448 :
1696 395 1769 463 Scio,

63 526 65 529 -
131 489 198 561 quia
207 488 341 560 Spiritum
352 486 401 540 Dei
415 480 758 544 maxirnecontristavcrit,
775 484 802 532 et
816 482 927 531 sanctos
967 475 1095 544 Domine,
1106 480 1172 550 quie
1186 486 1328 537 certamen
1339 482 1493 539 factumest
1502 488 1702 551 utcoronarer,
1712 501 1769 540 uon

130 579 253 649 angelos,
265 583 295 631 ct
306 574 478 630 venerabiles
492 575 598 639 Patres,
615 587 734 642 quorum
750 567 830 622 multi
841 565 926 620 ctiam
967 566 1032 620 steti
1041 567 1070 621 in
1081 567 1208 638 pedibus,
1218 571 1324 641 eligens
1333 573 1643 644 magisproptcrcaruis
1653 573 1771 629 delecta-

130 668 159 722 in
173 666 331 721 civitatibus
344 664 504 719 habitantes
516 665 719 734 superaverunt
731 657 883 713 diabolum.
893 657 927 710 Et
967 654 1073 710 tionem
1084 659 1232 713 tormentis
1242 659 1393 730 impiorum
1405 661 1507 715 addici.
1516 663 1604 716 Parce
1612 678 1681 733 ergo
1690 662 1768 730 mini,

129 773 194 811 cunt
202 755 271 811 nulli
282 756 382 809 horum
393 770 423 808 sc
433 753 524 808 facere
530 752 650 806 similem
665 754 769 821 posset,
780 748 927 802 contrista·
968 744 1096 801 Domine.
1104 748 1256 804 Ecceenim
1265 749 1367 804 iterum
1378 751 1575 806 confiteortuae
1585 750 1771 807 bonitatitur·

128 844 213 899 batur
225 845 314 909 valde,
331 849 359 898 ct
371 861 427 898 non
441 840 642 897 recordabatur
653 840 720 910 quia
733 839 807 893 Deus
823 837 927 907 estqui
968 833 1126 904 pitudincm
1134 853 1227 891 meam
1241 854 1335 893 coram
1349 839 1457 909 angelis
1467 839 1533 906 tuis,
1543 845 1574 895 et
1584 857 1681 896 coram
1686 840 1771 912 justis

128 935 262 989 virtutem
272 933 372 988 tribuit
386 932 429 987 his
438 932 486 1003 qui
501 931 535 984 ad
549 946 613 985 eum
627 928 804 982 devotissime
816 943 928 981 conver·
968 924 1108 990 omnibus,
1125 931 1154 979 et
1167 926 1220 981 nisi
1245 927 1311 997 quia
1333 928 1517 983 scandalizari
1542 935 1670 1001 possent,
1686 931 1771 985 etiam

128 1027 241 1079 tuntur.
253 1011 378 1078 Caecatus
391 1038 468 1091 ergo,
484 1026 513 1074 et
525 1035 580 1074 non
594 1019 690 1072 ridens
704 1017 809 1087 peccati
824 1016 868 1071 sui
878 1032 928 1070 cu·
969 1011 1267 1069 hominibusomnibus
1275 1016 1433 1070 confiterer.
1442 1017 1518 1072 Deus
1525 1018 1662 1073 miserere
1672 1019 1772 1084 mei,ut

128 1111 338 1178 ram,xoluitse
353 1111 382 1165 in
398 1111 504 1164 llumcn
518 1108 587 1163 illud
595 1109 712 1178 jactare,
727 1112 759 1161 ut
774 1105 928 1177 perfectum
970 1106 998 1155 ct
1008 1101 1077 1156 alios
1089 1103 1216 1157 erudiam
1226 1122 1232 1170 ;
1244 1104 1370 1172 Domine,
1386 1106 1494 1160 vivifica
1510 1123 1565 1161 me.
1576 1106 1614 1161 Et
1631 1107 1673 1162 ita
1682 1107 1772 1163 tribus

127 1200 264 1271 gaudium
282 1200 385 1254 faceret
409 1198 531 1253 inimico.
555 1198 593 1252 Ex
621 1197 709 1251 multo
728 1196 824 1266 itaque
840 1194 927 1248 animi
968 1188 1073 1245 vicibus
1088 1207 1181 1256 orans,
1203 1193 1351 1248 exauditus
1371 1200 1423 1248 est.
1448 1195 1483 1249 Et
1496 1211 1652 1267 exsurgens
1666 1196 1771 1251 invenit

129 1290 226 1344 dolore
235 1289 395 1344 infirmatus
412 1292 589 1358 cstcorpore3
601 1291 630 1340 et
643 1285 697 1339 nisi
710 1291 807 1355 postea
821 1283 928 1337 miseri·
969 1279 1111 1334 lucernam
1126 1281 1271 1336 ardentem
1286 1283 1370 1338 clare.
1387 1285 1422 1339 Et
1431 1285 1575 1340 exsultans
1589 1302 1651 1357 spe,
1666 1285 1770 1340 contor-

130 1393 193 1432 oors
208 1379 283 1432 Deus
304 1377 439 1432 auxilium
464 1376 641 1447 prestitisset
663 1374 697 1439 ei,
724 1375 759 1427 ad
775 1374 928 1444 perlectum
969 1370 1253 1439 tatusgaudiocordis
1261 1377 1313 1437 est,
1325 1373 1468 1428 admirans
1476 1374 1772 1446 degratiaDci,quiita

128 1466 264 1536 gaudium
280 1466 386 1521 inimici
401 1466 461 1520 sine
471 1466 637 1537 penitentia
651 1468 817 1518 moreretur.
833 1462 929 1516 Novis·
971 1458 1124 1530 otpeccatis
1133 1460 1193 1530 ejus
1203 1460 1329 1528 indulsit,
1340 1468 1369 1516 et
1376 1462 1511 1518 satisfecit
1517 1463 1771 1535 juxtapetitiouem

129 1554 200 1609 sime
214 1560 308 1610 autem
324 1556 547 1620 insereremus,
563 1555 694 1625 cogitavit
706 1554 840 1623 majorem
856 1551 930 1604 labo·
971 1547 1031 1616 ejus
1046 1552 1074 1600 ct
1083 1547 1208 1601 animum
1222 1549 1320 1619 ipsius,
1335 1555 1364 1604 et
1373 1549 1500 1606 dicebat:
1519 1552 1634 1606 Gratias
1648 1551 1769 1622 egotibi,

129 1660 189 1699 rem
206 1644 236 1698 in
251 1643 401 1699 afflictione
416 1643 586 1716 poenitentiae
600 1644 804 1706 demonstrare,
827 1646 930 1710 etsup·
970 1635 1098 1701 Domine,
1111 1636 1177 1706 quia
1192 1638 1276 1692 etiam
1302 1639 1365 1694 vitre
1378 1640 1472 1694 saculi
1487 1641 1571 1712 hujus
1585 1641 1705 1712 indigno
1720 1641 1769 1695 mi·

128 1733 233 1804 plicare
245 1733 304 1788 Deo
314 1733 342 1788 in
351 1734 419 1788 ssetu
437 1740 465 1788 et
479 1734 566 1799 luctu,
582 1739 610 1786 et
624 1731 662 1786 ita
677 1731 760 1786 rediit
778 1730 880 1784 iteruin
892 1729 928 1783 ad
939 1704 1061 1779 Bsertus
1068 1741 1108 1788 cs,
1119 1742 1221 1796 magno
1228 1732 1257 1781 et
1265 1744 1336 1782 novo
1342 1729 1395 1783 hoc
1403 1728 1484 1799 signo
1492 1730 1625 1784 fiduciam
1634 1729 1770 1795 tribuens,

128 1821 332 1877 monasterium
347 1839 439 1876 suum.
453 1822 486 1875 Et
499 1822 637 1875 damnans
651 1821 754 1875 ostium
768 1819 845 1873 celica
860 1835 926 1883 sure,
969 1814 1061 1885 parcis
1072 1814 1146 1869 enim
1161 1815 1317 1872 misericors
1328 1817 1486 1885 animabus,
1498 1835 1568 1890 quas
1581 1825 1615 1874 tu
1630 1835 1719 1874 meas.
1732 1819 1772 1875 lta

129 1910 202 1966 sicut
211 1912 282 1965 solet
291 1927 376 1982 super
389 1915 541 1976 mortuum,
557 1908 927 1980 itailebatsuppliransDeo.
969 1909 1065 1958 autem
1079 1910 1276 1975 perseverante
1290 1922 1323 1960 eo
1330 1906 1359 1961 in
1369 1907 1542 1963 confessione
1555 1908 1651 1964 illuxit
1658 1909 1729 1964 dies.
1741 1908 1774 1966 Et

130 2001 267 2071 lejunans
280 2007 375 2054 autem
386 1999 539 2071 etvigilans
551 2016 614 2053 cum
624 1998 700 2053 omni
711 1997 851 2052 anxietate
860 2001 930 2050 atte-
971 1991 1119 2049 letabatur
1130 1994 1159 2049 in
1173 1995 1301 2063 Domino,
1314 1995 1418 2051 oblitus
1432 1996 1488 2052 cibi
1503 1999 1669 2070 corporalis.
1677 2000 1771 2073 ignem

129 2090 227 2143 nuavit
238 2106 339 2160 corpus
351 2106 431 2145 suum
446 2109 451 2157 3
469 2096 497 2144 et
512 2106 562 2144 nec
571 2089 612 2143 sic
626 2088 798 2143 attistactum
813 2085 932 2158 putabat
972 2088 1067 2138 autem
1078 2084 1200 2139 lucerne
1209 2085 1286 2140 illius
1295 2091 1491 2158 tototempore
1502 2086 1565 2143 ritte
1574 2104 1634 2144 sua
1643 2092 1769 2158 remant,

129 2178 296 2244 animosae,
314 2178 379 2250 quia
394 2195 516 2250 congrue
526 2178 712 2250 pmnituisset.
728 2175 874 2231 Fratribus
883 2191 932 2231 au·
973 2172 1066 2227 oleum
1081 2172 1200 2229 subinde
1220 2175 1471 2247 superinfundens,
1492 2182 1522 2233 et
1535 2176 1643 2233 taciens
1653 2179 1773 2253 desuper

129 2273 187 2321 tem
202 2283 275 2340 saepe
289 2268 324 2322 ad
339 2284 403 2323 eum
419 2267 595 2323 venientibus
609 2285 666 2322 sure
681 2266 812 2321 utilitatis
829 2281 924 2332 causa,
968 2278 1023 2333 quo
1052 2261 1147 2318 minus
1165 2263 1402 2335 exstingueretur.
1423 2266 1459 2321 Et
1480 2266 1521 2321 ita
1544 2283 1645 2322 rursus
1663 2269 1771 2325 divinus

128 2361 157 2411 ct
175 2356 352 2428 pulsantibus
375 2357 489 2423 ostium,
510 2357 570 2428 ipsc
584 2355 695 2410 dicebat
716 2371 771 2409 non
796 2371 826 2409 se
846 2370 927 2426 posse
968 2351 1089 2422 Spiritus
1103 2352 1241 2408 habitavit
1254 2353 1285 2408 in
1297 2370 1341 2422 eo,
1357 2360 1386 2409 et
1407 2355 1497 2411 factus
1524 2362 1569 2411 est
1586 2358 1664 2429 apud
1678 2375 1771 2414 omnes

128 2445 248 2517 aperire,
264 2445 381 2500 dicendo
397 2464 402 2499 :
421 2447 601 2500 Sacramenta
617 2461 661 2499 me
677 2443 829 2498 constrinxi
839 2458 928 2497 unum
969 2441 1097 2512 insignis,
1113 2443 1303 2498 humilitatem
1313 2444 1447 2500 exhibens
1462 2445 1491 2499 iu
1505 2445 1682 2502 confessione
1693 2453 1771 2503 etae-

129 2549 234 2589 aunum
250 2535 348 2590 devote
359 2551 404 2589 me
418 2535 612 2606 poenitentiam
626 2551 723 2604 agere;
735 2533 785 2587 sed
795 2536 929 2602 orutepro
969 2531 1046 2586 tione
1055 2531 1212 2602 gratiarum
1220 2533 1341 2589 Domino
1351 2549 1416 2589 oum
1429 2535 1536 2590 letitia.
1549 2536 1602 2591 Cui
1611 2537 1700 2591 ctiam
1710 2543 1772 2592 ante

130 2638 189 2680 me.
208 2623 266 2679 Nec
281 2622 356 2678 enim
376 2622 536 2677 inveniebat
551 2622 690 2693 quomodo
705 2622 745 2676 eis
772 2624 927 2686 excusaret,
970 2621 1078 2693 aliquot
1090 2620 1150 2675 dies
1164 2623 1263 2677 mortis
1275 2639 1332 2678 suae
1346 2624 1467 2679 relatum
1477 2629 1520 2680 est
1530 2627 1566 2680 de
1578 2626 1769 2683 transitusuo.

133 2711 265 2783 quoniam
281 2708 321 2766 illi
336 2711 597 2766 scandalizabantur
608 2712 668 2766 haec
679 2711 825 2766 audientes
838 2709 872 2764 de
885 2726 928 2775 eo,
1201 2712 1374 2768 LIBELLUS
1394 2714 1539 2770 SEXTUS.

132 2801 199 2859 ouia
217 2805 279 2855 erat
304 2801 378 2872 apud
397 2818 446 2856 cos
473 2800 644 2855 honorabilis
662 2806 692 2854 et
704 2800 784 2854 valde
811 2815 930 2869 magnus
1034 2802 1071 2855 De
1082 2816 1110 2854 eo
1124 2802 1196 2870 quod
1211 2802 1361 2857 monachus
1377 2803 1451 2857 nibil
1463 2804 1555 2858 debeat
1567 2807 1715 2873 possidere.

132 2891 295 2945 monachus.
311 2891 346 2945 Et
358 2890 424 2945 iecit
438 2895 529 2944 totum
543 2906 648 2944 annum
666 2890 774 2943 intente
786 2889 928 2960 jejunans,
1006 2889 1033 2943 l.
1047 2891 1146 2945 Frater
1157 2890 1273 2962 quidam
1286 2891 1451 2947 renuntians
1461 2893 1571 2959 saecmo,
1588 2899 1619 2948 et
1632 2893 1705 2950 dans
1715 2912 1772 2968 qua

132 2983 161 3033 et
174 2979 273 3034 devote
296 2980 490 3052 penitentiam
512 2995 608 3051 agens.
625 2979 676 3033 Die
700 2985 793 3033 autern
818 2977 931 3032 Pascha
972 2979 1285 3053 habebatpauperibus‚
1310 2981 1434 3037 retinens
1456 2987 1554 3038 autem
1573 3000 1666 3056 pauca
1681 2984 1711 3040 in
1725 3002 1773 3041 sus

132 3074 213 3123 nocte
219 3069 279 3141 ipsa
288 3069 500 3125 resurrectionis
507 3069 668 3134 Dominicae,
680 3068 781 3122 tollens
792 3061 960 3123 lucernamG
971 3068 1090 3137 ratione,
1101 3070 1178 3126 venit
1191 3070 1228 3126 ad
1241 3071 1373 3127 abbatem
1382 3072 1537 3129 Antonium
1551 3075 1652 3143 (ltusl,
1668 3077 1718 3130 lib.
1731 3089 1770 3141 ur,

66 3204 71 3215 ,
133 3174 232 3213 novam
246 3159 341 3230 posuit
350 3159 379 3213 in
389 3157 490 3213 cacabo
501 3175 580 3213 noro.
594 3159 628 3213 Et
641 3158 804 3230 cooperiens
818 3157 853 3211 de
866 3155 931 3211 coo·
972 3176 1002 3213 a.
1017 3156 1074 3232 68).
1090 3159 1171 3224 Quod
1180 3177 1245 3216 cum
1260 3162 1419 3232 agnovisset
1433 3179 1526 3228 senex,
1541 3163 1615 3218 dixit
1628 3165 1676 3219 ei':
1695 3166 1724 3220 Si
1734 3166 1771 3219 vis

133 3248 256 3320 porculo,
269 3265 286 3302 a
297 3264 359 3303 sero
378 3249 500 3303 surrexit
513 3248 548 3302 ad
563 3247 729 3314 orationem,
745 3246 839 3301 dicens
855 3265 860 3300 :
877 3245 930 3301 Mi·
972 3249 1124 3304 monachus
1139 3249 1211 3316 tisri,
1222 3250 1291 3304 vade
1301 3249 1331 3305 in
1344 3250 1425 3305 illum
1434 3252 1536 3318 neum,
1545 3257 1574 3308 et
1589 3268 1652 3308 eme
1662 3267 1768 3318 carnes,

132 3337 251 3392 sericors
266 3343 295 3393 et
308 3342 457 3393 miserator
466 3338 603 3410 Dominus
614 3355 621 3404 3
637 3336 684 3407 qui
697 3342 725 3391 et
736 3336 931 3390 barbarossal·
972 3343 1001 3392 et
1013 3337 1128 3410 impone
1141 3339 1251 3411 corpori
1260 3344 1308 3394 tuo
1321 3340 1406 3407 nudo,
1423 3346 1451 3394 et
1462 3340 1502 3395 sic
1513 3341 1578 3396 reni
1593 3341 1657 3397 huc.
1667 3343 1701 3398 Et
1712 3359 1771 3398 cum

133 3443 197 3481 rare
220 3427 269 3494 vis,
296 3433 324 3482 ct
343 3427 378 3481 sd
397 3427 523 3481 veritatis
540 3425 713 3497 agnitionem
736 3425 841 3492 venire,
854 3425 889 3479 ad
903 3432 932 3479 te
973 3426 1013 3480 sic
1025 3426 1136 3483 fecisset
1149 3428 1237 3484 frater
1250 3428 1307 3496 iile,
1322 3445 1406 3484 canes
1419 3436 1449 3484 ct
1460 3447 1525 3486 aves
1538 3447 1641 3503 eorpus
1659 3433 1721 3503 eJus
1733 3433 1771 3487 la·

134 3515 246 3587 coniugi
260 3515 385 3571 (idalium
399 3516 582 3582 Salvatorem,
604 3516 737 3570 miserere
756 3515 825 3569 mihi
840 3515 932 3586 quite
973 3515 1115 3571 carebant.
1126 3518 1197 3573 Cum
1212 3519 1385 3590 pervenisset
1398 3524 1493 3574 autem
1508 3520 1545 3575 ad
1564 3537 1675 3588 senem,
1687 3522 1771 3577 inter·

135 3603 289 3675 plurimum
298 3603 467 3670 exacerbavi,
479 3604 624 3658 inimicum
633 3605 757 3674 gaudere
765 3603 828 3670 ieci,
836 3608 865 3657 et
871 3618 933 3657 ecce
973 3605 1082 3676 rogavit
1088 3606 1112 3661 si
1126 3607 1238 3662 lecisset
1252 3608 1327 3680 quod
1339 3615 1434 3676 582
1448 3609 1474 3664 ei
1483 3609 1604 3664 dixerat.
1619 3611 1673 3666 Illo
1682 3618 1771 3666 sutem

136 3697 265 3746 mortuus
278 3709 342 3746 sum
357 3692 490 3747 obediens
499 3693 535 3748 ei.
547 3692 599 3758 Tu,
609 3693 736 3759 Domine,
749 3692 796 3762 qui
807 3691 933 3763 etimpiis
974 3696 1139 3750 ostendente
1148 3712 1339 3768 corpussuum
1348 3697 1717 3766 laceratum,dixitsanctus
1723 3702 1773 3756 Aa·

136 3785 166 3834 ct
180 3780 222 3834 his
241 3781 290 3851 qui
304 3785 372 3835 sunt
385 3781 447 3835 siue
463 3780 657 3835 misericordia
675 3780 826 3847 misereris,
847 3781 896 3835 sed
906 3785 935 3835 ct
974 3785 1069 3840 tonius
1085 3802 1092 3839 t
1108 3785 1163 3850 Qui
1176 3787 1340 3842 renuntiant
1349 3787 1460 3855 saeculo,
1470 3793 1498 3842 et
1507 3788 1720 3845 volunthabere
1730 3806 1773 3862 pe-

137 3867 270 3938 proximis
280 3868 500 3924 misericordiam
520 3870 682 3941 impendere
696 3869 834 3941 precipis,
847 3869 933 3924 mise·
976 3873 1772 3950 cunias,ecceitaimpugnatiadaemonibusdiscerpuntur.

138 3972 200 4011 rere
215 3956 367 4013 humilitati
375 3973 453 4014 mese.
463 3959 546 4030 Apud
555 3966 584 4014 te
594 3958 669 4014 enim
679 3957 853 4031 impossibile
864 3956 934 4012 nihil
1011 3962 1037 4021 2.
1051 3963 1181 4019 Narravit
1191 3964 1277 4020 abbas
1287 3966 1386 4020 Daniel
1403 3966 1438 4020 de
1452 3965 1552 4020 abbate
1567 3967 1775 4040 naeniaque

136 4045 331 4118 est,quoniam
340 4063 420 4101 secus
434 4042 573 4103 internum
584 4048 720 4120 dissipata
734 4046 857 4102 estsicut
871 4047 935 4118 pul·
977 4052 1052 4106 venit
1064 4053 1215 4124 aliquando
1226 4054 1424 4126 Magistrianus
1434 4054 1640 4128 (aegrotarent
1656 4057 1684 4112 ei
1696 4061 1777 4112 testa-

138 4135 178 4190 vis
188 4135 363 4190 animamea.
375 4135 429 4190 Fac
442 4135 671 4202 miscricordiam,
683 4135 750 4207 quia
759 4135 935 4207 benignuses
974 4148 1102 4197 mentum
1116 4144 1262 4214 cujusdam
1273 4145 1412 4199 senatoris
1422 4145 1546 4216 parentis
1560 4147 1633 4216 ejus,
1651 4147 1702 4218 qui
1717 4146 1775 4202 reli·

137 4229 167 4279 et
180 4224 349 4291 misericors,
360 4227 495 4296 figmento
505 4232 564 4294 tuo,
575 4226 623 4297 qui
638 4231 667 4280 et
679 4241 795 4297 corpora
806 4242 867 4297 quae
878 4242 935 4282 non
976 4240 1076 4304 querat
1088 4233 1115 4287 ei
1129 4233 1322 4289 haeroditatem
1338 4251 1470 4306 magnam
1488 4235 1579 4290 valde.
1590 4236 1626 4291 Et
1637 4237 1775 4309 accipiens

135 4314 246 4370 suntin
260 4314 306 4370 die
321 4315 532 4371 resurrectionis
546 4315 763 4371 resuscitaturus
776 4332 816 4370 es.
828 4316 934 4371 Exaudi
979 4327 1190 4390 testamentum,
1211 4322 1299 4378 voluit
1317 4323 1387 4378 illud
1405 4323 1533 4379 scindere
1548 4343 1555 4379 ε
1579 4323 1775 4396 Magistrianus

136 4425 192 4477 me,
205 4408 334 4476 Domine,
350 4409 417 4480 quia
435 4409 535 4464 deiecit
546 4409 662 4481 spiritus
677 4426 766 4475 meus,
793 4415 821 4464 et
840 4409 937 4464 intelix
947 4376 1071 4467 Dautem
1085 4412 1185 4468 cecidit
1199 4412 1235 4467 ad
1242 4413 1327 4484 pedes
1339 4415 1363 4484 ej
1369 4413 1529 4484 us,dicens:
1541 4413 1688 4486 Deprecor
1695 4420 1733 4481 te,
1744 4429 1776 4469 ne

138 4502 233 4557 anima
247 4519 319 4557 mea.
336 4503 518 4558 labefactum
532 4509 575 4558 est
600 4504 685 4558 etiam
709 4486 811 4575 corpus
830 4521 934 4572 meum,
976 4502 1088 4557 scindas
1101 4502 1181 4567 illud,
1198 4503 1264 4573 quia
1278 4503 1418 4557 incidetur
1429 4502 1499 4557 mihi
1514 4509 1610 4575 caput.
1621 4504 1659 4559 Et
1673 4502 1775 4560 dicitei

138 4591 213 4664 quod
228 4592 415 4664 coinquinavi.
432 4592 467 4647 Et
482 4594 541 4663 jam
556 4593 648 4647 virere
663 4609 718 4647 non
733 4593 820 4658 valeo,
837 4609 889 4665 pro
903 4609 936 4648 eo
977 4589 1063 4644 abbas
1077 4590 1227 4646 arsenius:
1243 4593 1301 4662 Ego
1311 4591 1389 4663 prius
1403 4596 1530 4647 mortuus
1540 4608 1606 4647 sum
1619 4609 1708 4666 quam
1723 4593 1774 4648 ille.

137 4680 213 4753 quod
236 4695 292 4736 non
311 4681 426 4737 credidi.
446 4681 561 4753 Ignosce
576 4688 720 4754 peccatum
735 4699 786 4753 per
798 4682 936 4754 poeniten-
977 4680 1041 4752 Ipse
1059 4685 1153 4735 autem
1168 4681 1252 4735 modo
1267 4687 1394 4737 mortuus
1413 4687 1465 4749 est,
1486 4682 1629 4752 quomodo
1649 4699 1698 4739 me
1717 4682 1777 4738 iecit

137 4769 218 4835 tiam,
243 4771 344 4842 duplex
367 4769 482 4826 habenti
508 4776 653 4843 peccatum
672 4788 706 4825 cx
729 4771 934 4843 desperatione.
976 4770 1134 4826 haeredem?
1149 4771 1185 4825 Et
1197 4771 1306 4825 remisit
1319 4775 1530 4838 testamentum,
1542 4770 1615 4826 nibil
1628 4772 1774 4845 accipiens.

139 4858 255 4914 Vixitica
268 4876 313 4915 mc
325 4861 487 4929 contritum,
502 4866 530 4917 et
543 4862 608 4933 igne
622 4867 671 4916 tuo
681 4862 800 4933 praecipe
809 4861 882 4916 hanc
894 4862 937 4916 lu·
1012 4857 1038 4916 3.
1046 4859 1201 4930 AEgrotaxit
1208 4860 1359 4931 aliquando
1370 4864 1542 4915 memoratus
1550 4859 1639 4916 abbas
1647 4862 1776 4917 Arsanias

139 4961 253 5000 cernam
264 4951 386 5006 accendi.
401 4950 439 5007 Ut
450 4956 478 5006 et
491 4967 542 5022 ego
558 4950 695 5023 accipiens
709 4951 839 5005 fiduciam
856 4951 938 5005 misc-
978 4948 1007 5002 in
1018 4948 1123 5020 saeui,
1136 4953 1164 5002 et
1176 4964 1245 5020 opus
1258 4948 1356 5003 habuit
1365 4949 1395 5002 in
1405 4949 1575 5003 necessitate
1586 4966 1640 5004 sua
1648 4947 1777 5022 usquead

138 5032 265 5090 anomia
280 5043 309 5091 ct
321 5038 503 5109 indulgentiae
518 5044 583 5107 tuae,
605 5056 654 5111 per
668 5039 811 5093 residuum
826 5043 937 5110 tempus
979 5054 1065 5092 unam
1079 5037 1210 5109 siliquam
1222 5038 1340 5092 nummi.
1353 5038 1460 5092 Etcum
1472 5053 1528 5092 non
1540 5038 1694 5107 inveniret,
1705 5054 1778 5094 aare·

140 5122 203 5177 vitm
215 5138 294 5190 meta,
305 5126 380 5196 quod
390 5128 459 5183 mihi
470 5127 625 5196 donaveris,
638 5129 771 5184 mandata
778 5133 829 5183 tua
842 5133 938 5184 custo·
978 5127 1469 5199 pitaquodamxeluteleemosynam,
1477 5126 1720 5184 etdixit:Gratias
1732 5127 1777 5184 tibi

140 5211 227 5278 diam,
243 5217 298 5266 eta
312 5215 413 5269 timore
427 5221 476 5272 tuo
488 5234 545 5273 non
560 5219 698 5285 recedam,
710 5219 758 5273 scd
766 5219 864 5273 devote
878 5234 937 5273 ser·
978 5233 1041 5288 ago,
1054 5217 1181 5283 Domine,
1191 5217 1258 5288 quia
1268 5234 1312 5272 me
1322 5216 1535 5288 dignumfecisti
1543 5217 1720 5287 pronomine
1733 5223 1777 5273 luo

139 5303 214 5357 viam
226 5301 276 5357 tibi
291 5303 412 5374 amplius
426 5309 621 5378 quamprimo.
635 5309 669 5363 Et
677 5309 734 5363 haec
748 5309 776 5363 in
787 5313 867 5363 nocte
876 5309 939 5380 ipsa
979 5308 1014 5361 ad
1024 5307 1076 5361 hoc
1083 5306 1237 5379 pervenire,
1245 5311 1278 5362 ut
1284 5323 1370 5377 egens
1377 5306 1587 5377 eleemosynam
1594 5307 1775 5378 postularem.

140 5392 428 5447 resumectioniscum
441 5396 537 5451 multis
550 5397 681 5470 lacrymis
696 5398 799 5463 dicens
817 5397 939 5452 surrexit
1015 5395 1041 5451 l.
1057 5397 1249 5451 Narravcrunt
1264 5395 1299 5450 de
1313 5394 1414 5450 abbate
1432 5395 1591 5466 Agathone,
1608 5395 1680 5468 quia
1701 5397 1778 5467 longo

141 5485 174 5536 ut
180 5480 288 5538 rideret
297 5480 320 5537 si
331 5489 525 5540 accensaesset
534 5485 656 5541 lucerna.
665 5487 812 5543 Etdetectu
826 5487 936 5554 cacabo,
980 5492 1105 5556 tempore
1120 5486 1219 5540 cellam
1232 5485 1284 5540 sibi
1299 5501 1363 5541 cum
1378 5483 1438 5539 suis
1456 5483 1601 5556 discipulis
1619 5485 1776 5541 fabricaret

140 5569 210 5626 vidit
225 5571 291 5643 quia
309 5588 365 5627 non
380 5578 453 5629 essct
476 5589 600 5629 accensa.
628 5576 663 5630 Et
678 5577 778 5632 cecidit
791 5577 893 5632 iterum
909 5577 938 5632 in
980 5576 1069 5642 Quam
1084 5591 1147 5631 cum
1162 5575 1351 5647 perfecissent,
1372 5578 1400 5630 et
1418 5573 1549 5648 coepisset
1566 5574 1624 5631 illic
1643 5574 1777 5642 babitare,
