3818 6120
291 307 376 363 tura
395 305 616 363 sanctorium
634 309 806 364 ulamau
824 310 992 365 EREMITAE
1011 310 1056 365 ET
1073 311 1255 367 JOSAPHAT
1275 312 1386 367 INDIAE
1404 312 1520 368 REGIS.

63 309 66 313 '
84 304 140 364 485
1673 315 1726 375 486

84 447 152 486 uam
162 432 237 488 Deus
244 432 375 497 Verbum,
384 434 432 504 qui
443 434 541 488 salutis
550 441 651 489 nostrae
661 452 746 489 causa
756 436 917 497 humani-A
925 437 995 490 adeo
1004 453 1119 506 gravem
1129 437 1311 507 ignominiam
1322 452 1486 506 agnoscens,
1497 437 1637 507 vitamque
1646 456 1725 494 suam

82 523 171 577 tatem
179 521 280 586 induit,
290 522 434 593 ingentem
443 511 884 579 naturmnostraeimbecillitatem
929 526 1036 596 lugens,
1048 525 1157 578 dicebat
1173 544 1179 577 ε
1196 525 1300 589 Quanti
1314 525 1479 579 mercenarii
1495 525 1523 578 in
1539 525 1622 579 domo
1637 529 1725 597 patris

84 615 111 664 et
125 627 283 665 aerurnnam
298 612 470 683 exploratam
480 612 596 674 habens,
609 630 644 667 ue
656 613 683 667 in
704 614 756 667 hac
771 613 883 684 quidem
928 614 982 667 mci
993 613 1138 667 abundant
1148 614 1275 684 panibus,
1294 631 1346 680 egri
1363 621 1456 667 ritatem
1468 615 1541 668 ierne
1552 632 1645 686 pereo.
1660 618 1726 670 Sur-

83 699 374 767 partenosineurabili
382 699 478 753 morbo
486 699 612 755 laborare
623 702 765 772 permisit,
775 719 881 765 verum,
925 718 1000 772 gam,
1019 709 1047 755 et
1061 702 1106 755 ibo
1121 703 1156 755 ad
1172 708 1280 772 patrem
1294 719 1398 765 meum,
1414 708 1442 755 et
1458 703 1549 756 dicam
1566 704 1590 757 ei
1608 721 1614 756 ε
1629 705 1722 770 Pater,

84 791 114 840 ut
130 787 357 859 sapientissimus
373 788 506 856 medicuS,
522 789 636 844 lubricae
651 797 753 845 nostrae
767 807 799 844 ac
818 807 883 862 pec·
925 792 1036 861 peccavi
1051 792 1080 844 in
1091 792 1192 844 caelum
1202 797 1231 844 et
1246 807 1339 844 coram
1353 795 1391 854 te,
1402 792 1461 860 jam
1474 808 1530 845 non
1545 809 1607 846 sum
1623 793 1725 863 dignus

83 875 165 928 candi
180 875 287 946 cupidae
301 877 438 931 voluntati
452 878 623 948 paenitentiae
647 879 883 933 medicamentum
923 880 1015 933 vocari
1027 879 1101 933 lilius
1112 886 1186 945 tuna,
1201 879 1244 932 fac
1259 896 1303 932 me
1313 879 1384 933 sicut
1396 896 1483 932 unum
1498 881 1532 933 de
1544 882 1725 935 mercenariis

82 962 242 1030 admiscuit,
250 965 449 1021 earnvidelicet
458 967 494 1021 ad
504 973 681 1037 peccatorum
689 969 881 1022 remissionem
924 967 989 1020 tuis.
1007 968 1041 1021 Et
1051 984 1168 1037 surgens
1179 968 1255 1021 venit
1268 967 1302 1020 ad
1317 973 1426 1038 patrem
1440 985 1532 1021 suurn.
1547 969 1617 1023 Cum
1629 976 1724 1024 autem

81 1051 248 1121 praedicans.
265 1055 452 1126 Posteaquam
471 1056 546 1109 enirn
567 1057 693 1110 veritatis
708 1057 880 1127 agnitionem
923 1055 1013 1110 adhuc
1029 1057 1110 1125 longe
1126 1061 1206 1119 esset,
1224 1056 1290 1109 vidit
1307 1055 1385 1109 illum
1398 1062 1478 1126 pater
1488 1074 1564 1122 suus,
1575 1063 1603 1111 et
1614 1058 1724 1113 miseri-

79 1140 267 1212 suscepimus,
281 1158 314 1195 ac
326 1159 376 1213 per
390 1159 490 1213 aquam
511 1149 539 1197 et
554 1144 690 1215 Spiritum
705 1145 879 1211 sanctificati,
921 1143 1016 1197 cordia
1030 1150 1123 1198 motus
1136 1150 1187 1208 est,
1198 1162 1230 1198 ac
1245 1161 1392 1198 accurrens
1407 1144 1506 1198 cecidit
1523 1163 1607 1215 super
1618 1148 1722 1201 collum

75 1233 168 1299 utque
180 1229 217 1283 ab
230 1231 306 1284 omni
318 1237 431 1302 peccato
447 1238 476 1285 et
489 1232 621 1302 spurcitie
636 1233 696 1286 sine
715 1235 772 1287 ullo
787 1233 881 1288 labore
923 1234 994 1302 ejuS,
1006 1239 1035 1286 et
1049 1235 1191 1288 osculatus
1203 1240 1245 1288 est
1259 1250 1333 1298 eum,
1345 1239 1430 1303 atque
1445 1233 1474 1287 in
1489 1234 1598 1303 pristini
1610 1235 1724 1289 honoris

73 1317 197 1388 purgati
213 1335 318 1382 sumus,
334 1319 357 1374 si
368 1318 448 1374 nobis
458 1320 487 1373 in
499 1320 593 1392 aliqua
606 1327 719 1392 peccata
729 1321 784 1375 labi
795 1323 882 1377 conti·
923 1321 1015 1375 locum
1025 1323 1157 1388 restituit,
1169 1329 1197 1377 et
1205 1322 1239 1376 ob
1250 1322 1337 1393 ipsius
1350 1322 1539 1376 inventionem
1550 1323 1724 1377 laetissimum

64 1405 346 1478 gerit,nonquidem
354 1414 483 1478 superest
488 1410 549 1478 jam
558 1410 881 1482 alteraperbaptismum
923 1410 1024 1464 festum
1043 1411 1201 1477 celebravit,
1225 1411 1313 1465 occiso
1328 1412 1415 1465 vitulo
1431 1411 1568 1479 saginato.
1596 1412 1636 1464 En
1651 1411 1723 1465 lianc

66 1494 485 1567 regeneratio(Hebr.v1),quae
497 1497 527 1550 in
546 1497 658 1568 piscinae
673 1516 747 1570 aqua
759 1516 808 1569 per
818 1500 882 1570 Spi·
923 1499 1084 1569 parabolam
1100 1501 1134 1553 de
1153 1499 1186 1553 iis
1201 1501 1249 1571 qui
1265 1517 1281 1552 a
1295 1500 1414 1570 peccatis
1432 1500 1571 1564 resiliunt,
1589 1506 1673 1569 atque
1688 1500 1723 1553 ad

61 1581 881 1657 ritumcomparatur,acperfectenosinstauratthocenim
923 1588 1118 1657 paenitentiam
1135 1587 1382 1652 accurrunt,nobis
1398 1587 1720 1651 commemoravitQuin

59 1666 251 1725 benetimum
265 1673 351 1726 semel
366 1673 504 1727 duntaxat
519 1675 700 1744 conceditur),
721 1692 817 1730 verum
832 1693 883 1747 per
924 1675 1721 1747 etiarnbonumquemdampastorernrursusinducitauc.

56 1773 213 1830 asperam
226 1761 429 1831 penitentiam,
442 1768 469 1816 et
479 1763 601 1817 calentes
612 1765 761 1835 lacrymas,
772 1770 800 1819 et
810 1752 979 1831 labo-va),
989 1765 1038 1834 qui
1048 1782 1111 1819 curn
1121 1771 1233 1819 centum
1246 1782 1310 1819 oves
1327 1765 1450 1827 haberet,
1461 1771 1545 1834 atque
1559 1780 1644 1818 unam
1654 1765 1723 1818 ami-

55 1863 116 1902 res
131 1848 307 1913 acsudores,
318 1855 434 1921 propter
447 1851 760 1908 visceramisevicordiae
771 1854 821 1909 Dei
836 1871 883 1908 no·
923 1852 1014 1918 sisset,
1032 1854 1136 1907 relictis
1150 1854 1303 1923 nonaginta
1325 1870 1434 1914 novem,
1452 1854 1487 1906 ad
1502 1853 1722 1924 conquirendam

53 1936 346 2007 stai.purgationem
357 1954 389 1991 ac
399 1945 576 2009 peccatorum
587 1941 781 1995 remissionem
788 1959 882 1997 conse·
924 1957 986 1995 eam
1002 1959 1062 2011 quae
1077 1942 1227 1996 aberrabat
1241 1942 1380 2012 profectus
1397 1946 1448 2006 est,
1465 1942 1553 1995 donec
1566 1958 1627 1995 earn
1644 1942 1721 1995 inve-

56 2024 208 2095 quimur.
226 2025 335 2080 Etenim
351 2043 401 2096 per
420 2027 532 2082 Domini
549 2029 670 2098 gratiam
694 2030 881 2101 lacrymarum
923 2030 1020 2091 nisset,
1032 2031 1251 2101 atquehumeiis
1260 2030 1409 2093 sublatam,
1422 2046 1485 2084 cum
1496 2030 1598 2099 iisquae
1608 2029 1723 2083 minime

53 2109 136 2167 fons
155 2111 312 2184 baptismus
324 2116 491 2186 appellatur,
504 2117 616 2171 tametsi
627 2117 732 2188 alioqui
744 2117 839 2173 labore
850 2136 882 2173 ac
923 2119 1125 2173 aberraverunt
1145 2119 1343 2189 conjunxisset.
1364 2119 1418 2183 Qui
1439 2119 1525 2172 etiam
1541 2119 1592 2172 hoc
1611 2118 1723 2171 nomine

54 2205 209 2272 tempore
219 2219 288 2273 opus
298 2203 409 2257 habeat.
417 2205 457 2258 Ac
465 2206 621 2275 complures
632 2223 647 2259 e
657 2206 753 2261 multis
761 2207 881 2278 peccatis
923 2209 1028 2262 amicos
1041 2224 1073 2261 ac
1083 2207 1185 2262 vicinos
1196 2208 1231 2262 ad
1243 2208 1399 2262 convivium
1409 2208 1444 2262 ob
1454 2224 1516 2261 eam
1526 2208 1667 2261 inventam
1680 2223 1724 2260 ce-

56 2290 196 2361 eripuit,
213 2291 345 2362 quoniam
362 2292 627 2363 nullumpeccatum
638 2297 764 2365 estquod
775 2296 881 2350 Deibe·
922 2296 1087 2351 lebrandum
1105 2297 1240 2350 invitavit.
1260 2298 1311 2363 lta,
1330 2297 1422 2367 inquit
1441 2297 1576 2362 Salvator,
1588 2295 1724 2366 gaudium

58 2378 251 2449 nignitatem
266 2381 367 2444 vincat,
381 2381 404 2434 si
413 2381 525 2452 quidem
536 2382 613 2452 prius
625 2383 835 2454 resipuerimus,
850 2401 883 2438 ac
923 2384 1084 2438 eritinccelo
1093 2400 1240 2454 superuno
1251 2389 1397 2455 peccatore
1407 2384 1720 2455 poeniterrtiamagente,

60 2466 249 2522 delictorum
269 2470 393 2523 maculas
411 2470 542 2541 lacrymis
563 2471 700 2533 eluamus,
721 2489 756 2526 ne
777 2473 881 2544 alioqui
924 2489 1008 2543 quam
1023 2489 1107 2544 super
1121 2473 1275 2543 nonaginta
1289 2489 1387 2526 novem
1406 2473 1499 2541 justis,
1517 2473 1564 2543 qui
1580 2488 1636 2525 non
1652 2471 1722 2525 indi·

62 2571 157 2610 mors
173 2561 362 2620 antevertens,
374 2573 424 2612 nos
439 2559 576 2612 scelerum
590 2560 707 2613 maculis
722 2560 883 2630 inquinatos
922 2568 991 2630 gant
1010 2560 1186 2631 penitentia.

62 2643 143 2698 hinc
157 2644 260 2714 ejiciat.
272 2646 333 2699 Non
349 2663 424 2700 enim
435 2653 479 2700 est
493 2647 642 2701 ininferna
655 2649 821 2719 prenitentia
833 2666 884 2703 nec
959 2654 1054 2714 ΜΘ
1065 2651 1156 2719 litque
1171 2649 1241 2703 adeo
1254 2649 1453 2720 discipulorum
1467 2649 1595 2719 princeps
1610 2648 1719 2713 Petrus,

63 2731 219 2786 confessio
229 2733 312 2802 (Ptol.
324 2739 370 2800 vr).
389 2734 518 2797 Quandiu
533 2740 628 2789 autem
641 2736 702 2789 vita
716 2752 803 2790 usura
816 2737 884 2790 lrui-
924 2737 972 2791 illa
980 2737 1095 2808 inquam
1107 2737 1170 2791 srdei
1181 2743 1269 2809 petra,
1277 2738 1337 2807 ipso
1347 2737 1496 2791 salutiferae
1508 2736 1645 2807 passionis
1653 2740 1723 2788 tern-

63 2820 883 2884 mur‚dummodoorthodoxaefideifundamentumsrrmum
924 2842 991 2896 pore
1005 2819 1081 2879 certo
1094 2826 1215 2897 quodam
1227 2826 1343 2880 consilio
1358 2825 1561 2895 aliquantisper
1574 2840 1591 2877 a
1604 2824 1662 2877 De'o
1673 2823 1722 2877 de-

62 2909 319 2974 maneat,etiamsi
325 2910 445 2964 trabium
452 2911 556 2982 aliquid
562 2913 684 2966 autrecti
691 2912 882 2980 labefactetur,
924 2919 1016 2967 sertus
1028 2919 1137 2984 (nempe
1146 2921 1179 2967 ut
1192 2914 1322 2968 humanae
1332 2913 1531 2968 imbecillitatis
1542 2913 1678 2966 vilitatem
1690 2927 1723 2965 ac

64 2997 156 3069 quod
170 3014 224 3068 per
236 3003 349 3068 peccata
362 3005 525 3070 corruptum
544 3005 597 3064 est,
613 3002 783 3072 poenitentiae
804 3002 883 3071 adju·
923 3001 1066 3056 miseriam
1077 3008 1252 3072 perspectam
1266 3001 1401 3072 haberet),
1413 3018 1445 3055 eo
1459 3001 1564 3071 peccati
1576 3000 1723 3071 prolapsus

63 3091 177 3140 mento
187 3087 293 3141 sarcire
302 3104 334 3141 ac
344 3104 477 3142 renovare
485 3089 558 3143 licet.
571 3090 668 3159 Neque
684 3090 758 3144 enim
767 3090 881 3144 misera-
891 3102 913 3162 0
924 3095 975 3153 est,
992 3095 1024 3143 ut
1036 3091 1187 3144 Dominum
1201 3089 1346 3160 abjuraret
1357 3091 1430 3157 (Luc.
1444 3099 1523 3159 xxii).
1541 3090 1609 3143 Post
1626 3093 1722 3142 autem

59 3173 190 3228 tionum
208 3175 257 3229 Dei
272 3176 422 3230 multitudo
438 3178 581 3231 numerari
594 3183 695 3247 potest,
708 3194 758 3232 nec
774 3178 882 3232 miseri·

65 3263 184 3318 cordiae
201 3263 289 3334 ipsius
308 3265 471 3335 magnitudo
487 3266 516 3319 in
534 3281 695 3320 mensuram
709 3267 879 3337 cadit(Psat.

60 3354 167 3417 cxciv)
176 3352 307 3408 ,Peccata
320 3358 426 3419 contra,
440 3370 612 3424 quacunque
628 3355 742 3409 tandem
757 3356 806 3409 illa
820 3355 881 3409 fue-

61 3439 145 3506 rint,
153 3456 294 3495 mensurae
303 3458 334 3495 ac
345 3458 462 3496 numero
473 3441 668 3512 subjiciuntur.
677 3443 738 3507 Quo
753 3444 786 3497 sit
795 3449 827 3497 ut
837 3461 879 3509 aa,

66 3544 144 3583 curn
159 3529 190 3583 iu
205 3545 366 3584 mensuram
380 3547 413 3584 ac
427 3547 577 3585 numerum
592 3530 703 3597 cadant,
714 3532 881 3585 immensam

37 3631 41 3635 ·
66 3616 127 3672 nei
135 3618 678 3690 misericordiamatqueinnumerabiles
687 3620 881 3675 miserationes

69 3705 192 3761 vincare
207 3712 357 3778 nequeant.

111 3797 155 3849 Ac
165 3795 285 3866 proinde
298 3796 332 3850 ob
342 3801 520 3866 peccatorum
532 3797 741 3851 multitudinem
754 3796 880 3851 animum

68 3882 254 3954 despondere
279 3884 395 3938 minime
414 3885 556 3955 jubemur,
577 3885 625 3938 sed
650 3885 701 3939 Dei
725 3885 879 3939 bonitatem

66 3987 241 4042 agnoscere,
259 3989 291 4026 ac
305 3979 419 4043 peccata
433 3978 530 4027 nostra
543 3974 740 4031 condemnare.
759 3989 879 4043 quorum

922 3177 1077 3244 confestim,
1085 3179 1187 3249 inquit,
1194 3178 1342 3232 verborum
1351 3178 1463 3232 Domini
1472 3176 1722 3240 recordatus,loras

923 3267 1015 3332 exivit,
1027 3272 1056 3320 et
1069 3267 1145 3320 llevit
1159 3283 1263 3331 amare,
1273 3282 1305 3320 ac
1316 3282 1365 3336 per
1378 3266 1500 3319 calentes
1511 3266 1573 3319 illas
1584 3266 1722 3335 lacrymas

922 3360 1067 3426 acceptum
1075 3355 1276 3409 detrimentum
1285 3354 1610 3423 sarcivit,victoriamque
1619 3353 1722 3407 inalte-

922 3461 984 3498 ram
1000 3449 1109 3514 partem
1123 3444 1239 3497 inllexit.
1252 3445 1324 3497 Nam
1337 3459 1400 3496 cum
1416 3442 1456 3496 rei
1473 3442 1602 3495 militaris
1613 3442 1721 3512 peritus

923 3538 1004 3597 esset,
1022 3531 1132 3585 etiarnsi
1143 3531 1258 3598 cecidit;
1274 3537 1433 3585 nontamen
1444 3530 1537 3584 animo
1547 3530 1652 3584 tractus
1667 3537 1720 3596 est,

922 3637 973 3675 nec
987 3620 1085 3674 salutis
1099 3636 1156 3673 suae
1166 3636 1245 3689 spem
1259 3618 1377 3690 abjecit:
1391 3636 1488 3673 verum
1498 3618 1637 3682 resiliens,
1646 3635 1721 3672 acer·

921 3708 1052 3762 bissimas
1067 3725 1100 3761 ex
1116 3723 1249 3778 oppresso
1264 3713 1376 3777 pectore
1390 3708 1528 3777 lacrymas
1544 3706 1677 3777 profudit,
1689 3722 1722 3760 ac

921 3797 1016 3852 stetim
1028 3802 1061 3850 ut
1069 3813 1116 3850 eas
1128 3795 1215 3849 hostis
1225 3796 1377 3865 conspexit,
1389 3812 1445 3848 non
1456 3811 1535 3849 secus
1545 3801 1628 3865 atque
1642 3796 1723 3849 vehe-

921 3883 1721 3954 mentissimaecujusdamllammaeardoreambustisoculis,

921 3975 1020 4043 perlem
1036 3972 1140 4037 rotulit,
1158 3972 1254 4043 procul
1270 3972 1391 4042 lugiens,
1408 3979 1492 4043 atque
1505 3973 1677 4029 horrendum
1692 3975 1722 4028 iu

68 4058 209 4115 remissio
221 4067 334 4133 propter
345 4062 448 4116 Christi
460 4061 661 4132 benignitatem
673 4062 816 4132 proposita
826 4068 878 4124 est,
921 4062 1036 4115 modum
1045 4062 1162 4131 ejulans
1175 4061 1436 4115 Contraautcmille
1445 4061 1598 4133 principem
1608 4079 1721 4117 rursum

75 4131 129 4219 qui
144 4165 197 4220 pro
210 4150 360 4204 sceleribus
375 4151 478 4205 nostris
492 4152 658 4222 sanguinem
672 4166 755 4205 suum
771 4149 879 4208 clludit,
920 4149 1012 4203 locum
1027 4149 1133 4215 tenuit;
1152 4149 1389 4219 quemadmodum
1402 4150 1487 4203 totius
1499 4150 1573 4204 orbis
1588 4151 1723 4221 magister

75 4236 241 4292 Porrocum
255 4256 288 4292 ex
296 4239 392 4295 multis
405 4239 555 4311 Scripturas
564 4240 631 4293 locis
644 4238 814 4309 paenitentiae
825 4238 880 4291 vim
921 4236 1067 4291 institutus
1077 4236 1177 4301 fuerat,
1186 4237 1225 4290 ita
1236 4237 1321 4290 etiam
1332 4237 1502 4306 poenitcntiae
1510 4238 1651 4308 exemplar
1658 4239 1723 4292 elle-

80 4324 269 4391 addiscamus,
282 4333 343 4382 tum
353 4328 531 4398 potissimum
542 4345 575 4381 ex
585 4327 697 4381 Domini
709 4327 797 4381 nostri
814 4327 880 4379 lesu
921 4330 991 4379 ctus.
1008 4326 1075 4379 Post
1089 4325 1323 4378 resurrectionem
1333 4330 1438 4383 autem.
1452 4341 1517 4378 eum
1529 4325 1657 4380 Christus
1666 4331 1723 4380 ter-

85 4413 188 4469 cluiati
207 4415 362 4471 actionibus
376 4434 408 4471 ae
427 4416 576 4488 parabolis.
594 4417 632 4469 Er
648 4421 715 4470 tunc
729 4414 815 4479 enim,
829 4416 878 4478 ait,
888 4414 961 4506 Dtio
975 4414 1011 4476 ad
1026 4429 1091 4466 euru
1103 4413 1228 4477 dixisset,
1240 4413 1331 4476 Petre,
1349 4428 1428 4466 amas
1441 4413 1507 4467 ine?
1520 4398 1659 4484 triplicem
1674 4413 1722 4467 ab·

85 4503 260 4575 eupitJesus
277 4505 389 4574 docere,
404 4511 434 4560 et
448 4505 540 4559 dicere
556 4523 561 4557 ι
579 4504 778 4558 Paenitentiam
793 4503 880 4574 agite,
919 4501 1092 4572 jurationem
1118 4499 1246 4567 correxit,
1271 4501 1443 4572 respondens
1473 4501 1586 4566 scilieet,
1618 4501 1720 4568 Etiam,

87 4592 319 4665 appropinquavit
331 4593 407 4648 enim
425 4609 544 4664 regnum
558 4593 691 4647 coelorum
704 4593 811 4661 (illutth.
828 4596 880 4661 ιιι).
922 4590 1049 4656 Domine,
1066 4596 1097 4643 tu
1112 4588 1166 4643 scis
1179 4589 1245 4660 quia
1260 4606 1323 4643 amc
1337 4595 1374 4644 te.

88 4677 158 4743 Quin
172 4681 260 4736 etiam
281 4681 311 4736 iu
333 4672 465 4754 parabola
488 4681 578 4735 silium
597 4681 747 4751 quemdam
763 4681 880 4745 inducit,
958 4678 997 4731 Ex
1012 4678 1055 4731 his
1070 4678 1158 4748 igitur
1167 4677 1305 4743 omnibus,
1319 4678 1436 4750 aliisque
1447 4678 1671 4750 quamplurimis,
1681 4683 1722 4733 at·

90 4768 159 4833 (luc.
176 4770 376 4842 xv1‚quicum
390 4770 509 4842 acceptis
524 4769 650 4840 paternis
665 4768 765 4839 opibus
777 4769 806 4823 ia
819 4769 881 4823 lon·
923 4783 976 4837 que
991 4767 1060 4820 adeo
1075 4783 1224 4820 numerum
1237 4783 1348 4821 ornnem
1365 4767 1562 4837 superantibus
1576 4767 1720 4838 exemplis,

90 4855 219 4929 uinquam
226 4859 370 4928 regionem
382 4859 522 4930 profectus
531 4858 638 4924 luisset,
651 4874 754 4928 easque
766 4857 881 4911 inomni
922 4855 1148 4927 lacrymarumac
1155 4855 1387 4926 poenitentiaevim
1398 4855 1591 4925 intelligimus.
1601 4856 1723 4911 Tantum

91 4941 166 5001 luxua
180 4951 266 5018 atque
282 4947 507 5019 intemperantiae
525 4963 629 5016 genere
652 4944 880 5016 consumpsisset,
922 4960 1009 5014 opera
1018 4944 1109 5009 detur,
1123 4950 1156 4997 ut
1164 4944 1235 5014 ipsa,
1244 4943 1481 5014 quemadmodum
1492 4944 1594 4999 rationi
1604 4961 1723 4999 consen-

91 5040 192 5103 postea,
202 5037 316 5106 regione
325 5036 374 5090 illa
388 5035 461 5089 same
475 5035 621 5090 laborante
634 5034 713 5097 abiit,
727 5039 757 5088 et
766 5034 883 5088 adhaesit
922 5038 1039 5086 teneam
1053 5038 1105 5096 est,
1122 5034 1180 5097 siat,
1194 5032 1247 5086 hoc
1261 5037 1304 5085 est
1318 5049 1350 5085 ex
1366 5033 1466 5087 ellectu
1482 5039 1627 5104 peccatum
1640 5050 1724 5088 exse-

91 5122 882 5195 uuiciviumregionisilliusQuietiamilluminagrum,ut
924 5121 1725 5193 orante,ipsumqueodioinsectante,atquecondemnan·

91 5227 193 5282 pomae,
205 5214 258 5268 hoc
273 5218 317 5268 est
336 5213 519 5283 asperrimum
535 5218 563 5267 et
577 5212 777 5266 exsecrandum
788 5228 883 5282 pecca·
923 5215 962 5275 te,
979 5227 1011 5264 ac
1024 5210 1162 5280 lacrymas
1175 5208 1330 5273 emittente,
1349 5211 1586 5280 quemadmodum
1607 5212 1648 5265 ait
1661 5228 1724 5282 pro·

92 5306 156 5369 tum,
165 5307 303 5375 pasceret,
314 5303 399 5357 misit.
416 5302 487 5356 Cum
498 5302 593 5370 itaque
608 5300 704 5354 multis
719 5300 885 5354 calamitati·
926 5299 1011 5369 pheta
1022 5297 1125 5351 David:
1144 5296 1278 5351 Laboravi
1294 5298 1322 5351 in
1340 5299 1447 5368 gemitu
1464 5317 1536 5364 meo,
1558 5300 1655 5354 lavabo
1675 5316 1725 5369 per

92 5389 137 5447 bue
147 5394 266 5448 affectus
275 5391 382 5457 luisset,
391 5397 475 5461 atque
485 5391 514 5444 in
524 5395 633 5443 tantam
643 5389 786 5442 miseriam
796 5387 885 5442 venis·
926 5387 1049 5456 singulas
1057 5391 1154 5439 noctes
1165 5386 1267 5440 lectum
1275 5389 1514 5459 meum,lucrymis
1525 5389 1596 5442 meis
1605 5394 1724 5442 stratum

92 5487 139 5551 set,
154 5488 187 5537 ut
203 5498 240 5537 ne
255 5498 403 5553 porcorum
426 5480 539 5551 quidem
558 5478 666 5549 siliquis
681 5478 735 5548 ipsi
759 5483 884 5532 ventrem
926 5492 1019 5530 meum
1031 5473 1127 5544 rigabo
1135 5476 1217 5541 (Prot.
1231 5477 1394 5544 vr).llctum
1406 5484 1583 5548 peccatorum
1595 5475 1724 5548 purgatio

91 5585 169 5627 auum
176 5570 296 5643 implere
308 5571 415 5642 liceret,
423 5569 538 5624 tandem
548 5567 699 5638 aliquando
709 5566 782 5621 hanc
795 5582 884 5637 usqua
925 5579 975 5637 per
982 5561 1086 5617 Christi
1096 5578 1223 5617 cruorem
1235 5563 1266 5618 in
1274 5564 1472 5622 misericordiae
1483 5566 1571 5637 ipsius
1581 5563 1723 5636 magnitu-
