3818 6120
127 251 178 311 arr
636 250 684 309 ou
702 252 797 310 rurs
814 253 964 313 errauu
981 254 1089 315 unua
1107 251 1252 311 smnus.
1438 294 1443 305 .
1705 235 1762 295 ⁵¹2

128 396 183 452 que
197 378 283 434 etiarn
297 376 341 432 his
354 375 447 431 verbis
465 377 616 450 Apostolus
630 377 720 433 utitur
736 395 742 431 :
759 377 830 433 Cum
849 375 1289 450 serviAmis,etstirpibus,quas
1303 368 1435 434 solitudo,
1443 362 1552 423 colenti
1561 359 1761 433 rotomnam,

128 469 226 523 essetis
235 466 350 539 peccati,
362 465 442 520 liberi
452 466 537 521 eratis
544 467 672 538 justitia.
685 467 775 532 Quem
785 482 851 537 ergo
863 467 923 521 tru-
964 471 993 522 et
1006 468 1139 523 creatoris
1151 464 1269 537 imperio
1280 457 1457 533 parensmlit,
1471 453 1552 511 nobis
1567 450 1703 524 suppetit.
1720 448 1762 507 ob

129 562 203 612 ctum
219 555 356 610 habuistis
376 555 406 609 in
425 556 469 611 his
485 556 628 628 inquibus
649 574 724 611 nunc
738 555 923 611 erubescitis?
964 573 1025 628 quae
1039 573 1122 612 nemo
1142 553 1247 626 estqui
1265 551 1412 607 adversum
1424 562 1475 601 nos
1490 558 1615 616 pugnam
1630 541 1710 595 ineat
1722 542 1763 595 θὶ-

129 646 205 700 Frnis
220 645 294 698 onim
309 644 422 699 illorum
437 663 512 701 mors
523 651 575 700 est.
586 647 668 701 Nunc
677 650 770 701 autem
781 644 893 700 liberati
907 661 925 699 a
965 662 1020 717 que
1034 645 1194 707 contendat,
1205 643 1399 713 majoremque
1407 640 1526 708 partem,
1541 638 1575 687 ut
1586 627 1763 686 aututini&

128 738 250 805 peccato,
260 733 333 787 serui
348 739 444 788 autom
458 733 524 788 facti
539 735 666 805 justitiae,
680 733 790 788 habetis
803 733 924 788 tractum
966 735 1131 808 praesoribit,
1146 733 1271 804 arripere
1286 732 1411 802 quaerat,
1427 739 1525 780 verum
1539 719 1684 777 uberrime
1703 733 1762 773 om·

127 828 253 878 vestrum
266 823 295 877 in
308 824 567 889 sanctificationem,
585 827 669 879 srnem
684 829 779 879 autem
791 824 877 877 vitam
889 839 926 877 ae-
968 823 1051 878 nibus
1065 820 1227 878 illaboratus
1237 819 1324 879 cibus,
1341 823 1370 873 et
1381 811 1578 885 extemporalis
1592 821 1763 879 mensapm-

128 915 250 967 ternam.
268 914 415 985 Stipendia
437 913 512 968 enim
531 914 646 986 peccati,
663 930 756 981 mors;
773 913 866 984 gratia
879 929 928 968 au·
967 913 1091 984 ponitur.
1107 912 1187 977 Quod
1201 911 1225 965 si
1241 907 1352 982 quando
1373 905 1485 977 piorum
1505 901 1640 965 tranum,
1656 895 1707 969 qui
1719 911 1765 951 oo·

129 1005 188 1054 tem
202 1001 263 1069 Dei,
280 1002 337 1057 rita
351 1007 465 1070 aeterna,
481 1004 510 1058 in
535 1003 647 1058 Christo
661 1004 675 1058 J
678 1020 727 1058 esu
742 1003 861 1058 Domino
875 1018 926 1056 no·
967 1002 1010 1057 bis
1023 1002 1106 1057 ricini
1117 1006 1193 1065 sunt,
1204 997 1306 1070 aliquis
1321 994 1401 1067 panis
1415 990 1643 1047 benedictionem
1657 986 1763 1052 attunt

131 1093 190 1143 ⁸³0
205 1091 289 1156 (ΗΘΜ.
304 1092 356 1153 l'll·
778 1125 783 1138 ·
968 1093 1043 1146 lrunc
1056 1097 1192 1161 tanquam
1208 1089 1243 1143 ad
1257 1102 1354 1142 eorum
1377 1083 1426 1155 qui
1442 1097 1506 1137 cum
1520 1080 1576 1135 tide
1590 1076 1762 1140 obtulerunt,

165 1178 242 1233 Dixit
255 1184 351 1234 autern
366 1180 403 1234 ad
413 1196 475 1235 eum
485 1181 632 1252 iosaphat:
647 1178 880 1250 Quandoquidem
887 1177 927 1232 ri·
967 1180 1190 1236 benedictionem
1199 1195 1216 1232 a
1225 1176 1320 1232 divina
1329 1170 1503 1246 providentia
1517 1167 1638 1224 missum
1652 1162 1764 1235 suseipi-

130 1271 190 1321 tam
206 1284 267 1338 quae
278 1268 307 1323 in
321 1285 405 1324 carne
418 1269 539 1336 ducitur,
556 1270 641 1325 vitam
658 1286 718 1324 esse
736 1268 851 1323 minime
862 1283 928 1322 cen·
969 1287 1041 1327 mus.
1053 1270 1151 1324 Vestes
1166 1273 1261 1322 autem
1271 1263 1353 1320 nobis
1362 1279 1395 1317 ex
1406 1259 1512 1332 asperis
1526 1255 1627 1314 ciliciis
1636 1252 1764 1311 utorium

131 1371 185 1421 ses,
199 1372 251 1427 par
259 1362 302 1411 est
310 1356 397 1427 igitur
411 1362 443 1412 ut
456 1373 491 1411 ne
505 1363 624 1412 mortem
640 1357 753 1429 quidem
763 1357 836 1411 hanc
845 1371 929 1427 quem
969 1359 1089 1432 pellibus
1104 1363 1180 1423 sunt,
1196 1359 1312 1412 vetusta
1334 1367 1440 1412 omnes,
1456 1353 1543 1421 atque
1555 1362 1591 1401 ex
1605 1343 1692 1399 variis
1703 1356 1765 1414 pan·

133 1459 230 1499 omnes
245 1444 367 1500 subeunt
381 1452 501 1501 mortem
515 1463 575 1501 esse
589 1462 713 1501 censeas.
970 1449 1014 1504 nis
1026 1453 1158 1513 consutae,
1176 1442 1345 1500 imbecillam
1359 1444 1486 1496 nostram
1510 1450 1628 1491 earnem
1650 1437 1766 1488 atteme-

169 1534 323 1605 Respondit
332 1551 415 1590 senex
428 1554 435 1592 :
448 1536 579 1591 Sineulla
588 1534 803 1593 dubitationede
814 1534 930 1605 hisquo·
969 1543 1022 1592 tes.
1040 1536 1151 1592 Etenim
1164 1535 1261 1590 eadem
1270 1531 1350 1587 nobis
1364 1532 1473 1584 esttum
1483 1524 1592 1582 astatis
1602 1518 1766 1579 tumhiemir

133 1639 187 1693 que
202 1622 241 1676 ita
256 1639 365 1690 censeo,
381 1625 484 1696 quippe
495 1625 542 1696 qui
556 1622 756 1697 temporariam
766 1624 838 1677 lranc
852 1639 929 1678 mor·
969 1627 1064 1683 vestis.
1080 1626 1172 1690 Quam
1186 1624 1272 1679 etiam
1286 1626 1320 1676 ut
1330 1617 1418 1675 semel
1432 1615 1587 1671 induimus.
1604 1625 1711 1666 exuere
1723 1623 1766 1680 pu·

134 1716 192 1764 tem
204 1711 320 1767 minime
335 1713 541 1785 pertimescam,
553 1714 609 1769 imo
622 1731 673 1768 nec
687 1713 801 1768 omnino
811 1718 930 1766 mortem
939 1692 962 1752 Β
972 1722 1033 1770 stea
1047 1715 1128 1770 nobis
1143 1730 1199 1768 non
1225 1711 1300 1776 lieet,
1323 1721 1467 1780 quousque
1481 1705 1627 1759 vetustate
1648 1696 1767 1755 contem

133 1815 196 1854 earn
211 1801 359 1872 appellem,
373 1802 396 1856 si
405 1803 520 1873 quidem
536 1820 581 1857 me
595 1819 645 1874 per
659 1802 818 1857 divinorum
831 1817 931 1873 praece·
972 1821 1087 1877 prorsus
1101 1803 1237 1857 deleatur.
1252 1799 1295 1854 Ad
1309 1799 1385 1852 lrunc
1399 1793 1474 1850 enim
1488 1791 1606 1848 modum
1621 1793 1651 1845 et
1662 1784 1767 1858 angon

135 1895 247 1959 ptorum
272 1890 344 1943 viam
372 1891 547 1946 incedentem
570 1891 731 1963 arripuerit,
749 1892 816 1962 quin
839 1890 931 1962 potius
973 1899 1098 1949 etrestus
1112 1890 1249 1947 molestiis
1277 1903 1378 1959 corpus
1397 1884 1577 1948 mulcentes,
1599 1878 1707 1935 summ
1724 1875 1768 1930 im·

135 1978 286 2032 transitum
303 1996 320 2032 a
335 1986 425 2033 morte
439 1980 474 2034 ad
499 1981 723 2051 praestantiorem
739 1986 768 2034 ct
783 1978 931 2051 perfectio·
973 1979 1152 2035 mortalitatis
1165 1985 1271 2032 vestem
1286 1974 1366 2030 nobis
1379 1984 1589 2044 comparamus.

135 2082 195 2120 rom
206 2066 292 2121 vitam
308 2075 392 2138 atquo
407 2069 535 2134 intest}
543 2068 653 2124 Christo
668 2068 859 2124 absconditam
872 2069 931 2130 (Co-
1009 2057 1770 2141 Cumquehiclosaphatquaesirissetundenamuestem

137 2158 197 2209 loss.
213 2159 266 2225 nr).
285 2157 372 2228 Cujus
388 2158 500 2228 quidem
513 2159 707 2229 consequenda
722 2157 874 2229 cupiditate
884 2157 933 2211 ila·
973 2158 1050 2213 illam
1067 2175 1124 2229 qua
1138 2156 1253 2211 indutus
1269 2158 1331 2208 erat
1344 2151 1395 2207 sibi
1412 2150 1616 2220 comparasset,
1631 2140 1770 2214 respondit

134 2248 250 2312 grantes
264 2246 362 2316 optimi
375 2247 436 2312 viri,
450 2253 617 2319 praesentem
640 2248 710 2302 hauc
724 2247 810 2302 vitam
824 2262 934 2318 penno·
974 2263 1058 2303 sonex
1074 2247 1116 2300 :A
1132 2245 1253 2317 quodam
1266 2242 1377 2314 piorum
1392 2239 1512 2293 fratrum
1528 2251 1605 2303 eam,
1616 2249 1685 2288 cum
1700 2230 1771 2287 edte

137 2331 206 2386 leste
227 2332 363 2389 terebant.
382 2335 461 2390 Unde
479 2336 565 2390 etiam
582 2337 622 2391 ait
634 2336 785 2408 Apostolus
802 2355 807 2389 :
826 2336 933 2391 Scimus
975 2336 1260 2408 profecturusessem,
1272 2326 1632 2398 utendamaecepi3neque
1643 2321 1771 2392 animno

138 2419 212 2474 eninr
229 2423 359 2492 quoniam
375 2424 399 2478 si
413 2425 555 2479 terrestris
569 2425 669 2479 domus
683 2430 780 2479 nostra
789 2424 873 2494 hujus
887 2422 935 2476 ha·
975 2430 1035 2479 erat
1050 2429 1082 2479 ut
1095 2438 1204 2478 cumea
1218 2437 1301 2492 quam
1316 2419 1389 2474 ferre
1411 2416 1487 2471 soleo
1505 2418 1585 2469 veste
1603 2410 1770 2466 ademeram.

139 2508 283 2565 bitationis
302 2512 471 2578 dissolvitur,
487 2513 700 2568 aedificationem
724 2530 757 2567 ex
777 2513 835 2567 Deo
847 2510 934 2565 habe·
976 2512 1219 2578 Quemadmodum
1231 2511 1306 2564 enim
1314 2506 1453 2579 quispiam
1468 2502 1672 2558 charissimum
1681 2514 1772 2571 quem·

139 2614 213 2663 mus,
230 2599 344 2654 domum
360 2618 414 2655 non
438 2605 637 2667 manulactam,
654 2608 787 2657 aeternam
802 2600 831 2654 in
847 2599 934 2655 coelis.
975 2604 1041 2659 darn
1053 2607 1204 2673 cognatum
1216 2599 1245 2654 in
1259 2598 1381 2653 alienam
1391 2594 1532 2666 regionem
1541 2586 1774 2663 captivumabdu·

139 2687 210 2742 Nam
220 2695 248 2743 et
259 2689 286 2743 in
297 2689 350 2743 hoc
360 2689 578 2761 ingemiscimus,
587 2689 788 2744 habitationem
798 2693 933 2754 nostram,
976 2698 1062 2757 ctum,
1080 2691 1156 2745 illinc
1170 2689 1288 2743 educere
1303 2685 1427 2757 cupiens,
1445 2682 1553 2753 abjecta
1567 2684 1648 2734 veste
1662 2693 1724 2743 sua,
1736 2679 1774 2731 at·

140 2793 201 2847 quaa
216 2777 250 2832 de
266 2778 335 2833 coelo
351 2786 402 2844 est,
419 2779 581 2851 superindui
589 2778 773 2850 cupientessi
789 2782 933 2832 amense-
977 2797 1030 2852 que
1045 2779 1168 2834 hostium
1183 2782 1313 2847 suscepta
1324 2788 1454 2846 persona,
1469 2771 1505 2825 ad
1519 2785 1620 2825 eorum
1632 2765 1774 2838 ηςίοιιοω

140 2861 200 2915 stili
215 2869 243 2917 et
257 2880 313 2917 non
329 2864 397 2918 nudi
412 2863 587 2919 inveniamur
601 2866 640 2932 ill
654 2865 713 2918 Cor.
728 2867 764 2933 r).
976 2887 1037 2925 sese
1052 2867 1167 2923 confert,
1180 2865 1320 2936 variisque
1332 2861 1441 2918 artibus
1450 2859 1644 2932 propinquum
1654 2869 1774 2911 mumex

174 2951 246 3005 Nam
262 2953 343 3022 etqui
355 2970 454 3008 sumus
466 2954 495 3007 in
509 2955 560 3007 hoe
574 2952 764 3017 tabernaculi),
776 2949 935 3022 ingemisci·
976 2953 1434 3029 acerbatyrannideinlibertatem
1446 2948 1547 3004 asserit
1558 2965 1566 3014 ;
1578 2944 1683 3001 codem
1697 2942 1775 2999 mom

139 3055 202 3093 mus
210 3041 329 3111 gravati,
337 3042 450 3113 eoquod
465 3044 596 3097 nolumus
606 3041 763 3113 exspoliari.
776 3040 824 3095 sed
840 3055 937 3110 super·
978 3063 1029 3118 ego
1045 3061 1155 3117 quoque
1164 3043 1199 3098 de
1212 3042 1269 3097 tuis
1282 3040 1366 3095 rebus
1379 3037 1482 3094 certior
1493 3036 1595 3099 factus,
1611 3032 1669 3087 hoc
1683 3029 1776 3087 mbitu

31 3168 37 3179 .
139 3129 244 3195 vestiri,
261 3134 292 3183 ut
306 3129 490 3185 absorbeatur
504 3131 578 3202 quod
593 3131 711 3185 mortale
729 3128 881 3184 estarita.
897 3129 936 3182 llc
978 3139 1107 3205 suscepto
1121 3132 1192 3195 verri,
1214 3136 1246 3185 ut
1259 3129 1354 3184 divina
1367 3124 1567 3199 predicatione
1584 3124 1776 3194 pecmstarrm

140 3233 250 3272 rursum
264 3235 269 3270 :
282 3218 390 3282 Infelix,
399 3218 500 3291 inquit,
512 3237 563 3290 ego
572 3220 665 3284 homo,
677 3218 740 3289 quis
751 3234 796 3272 me
806 3215 937 3271 liberabit
978 3226 1282 3292 consur-emm‚atquea
1290 3215 1443 3272 truculenti
1449 3206 1777 3285 principismundiseni·

140 3305 175 3359 de
187 3323 302 3378 corpore
322 3308 420 3362 mortis
444 3308 528 3379 hujus
548 3310 634 3375 (Ram.
646 3308 717 3375 vni?
732 3307 767 3361 ut
780 3305 835 3360 alio
850 3305 910 3359 loco
928 3321 934 3357 :
977 3319 1037 3376 tute
1047 3319 1076 3367 tn
1096 3310 1276 3364 vindicarem,
1290 3307 1415 3362 Annuus
1429 3320 1479 3375 pur
1492 3302 1629 3377 virtutum
1643 3297 1774 3361 divium,

141 3394 229 3466 cupio
244 3396 366 3461 dissolvi,
392 3402 421 3451 ei
436 3415 496 3452 esse
518 3414 583 3452 cum
602 3396 715 3452 Christo
728 3397 838 3464 (Philip.
855 3397 887 3463 l).
903 3394 937 3448 Et
978 3405 1115 3471 quantum
1126 3398 1238 3470 quidem
1246 3397 1330 3451 inme
1339 3394 1402 3460 suit¹
1413 3390 1570 3447 ministerio
1585 3404 1651 3444 meo
1665 3385 1777 3459 pun-fun.

140 3484 277 3556 propheta
291 3486 377 3540 David
391 3504 396 3538 :
413 3486 534 3551 Quando
548 3486 667 3552 reniam,
679 3491 708 3539 ct
716 3482 856 3555 apparebo
871 3488 936 3537 ante
977 3495 1038 3544 ctus
1052 3504 1125 3543 sum,
1135 3487 1245 3542 Etenim
1259 3484 1348 3556 ipsius
1358 3480 1547 3554 cognitionem
1557 3477 1611 3533 tibi
1626 3475 1777 3533 annuutia-

141 3572 241 3627 taciem
247 3573 386 3636 DaiiPsol.
396 3574 591 3644 xuritQuando
601 3580 753 3644 autemego
764 3587 938 3644 quoqueom·
978 3579 1015 3644 ui,
1030 3595 1062 3632 nn
1075 3577 1276 3649 pmpuutumm
1290 3577 1319 3628 ut
1333 3570 1524 3645 apostolurum
1548 3565 1777 3640 praedimtiumm

140 3661 218 3717 nium
229 3662 358 3716 infirmus
367 3679 529 3733 corpoream
547 3667 666 3717 mortem
682 3661 759 3716 nullo
773 3659 857 3714 modo
871 3659 939 3713 exti-
979 3666 1103 3739 exposui,
1117 3680 1236 3735 vereque
1250 3680 1283 3718 oc
1295 3661 1356 3717 sine
1370 3660 1427 3715 ullo
1443 3673 1538 3714 errore
1548 3654 1779 3728 praesentiente¹

141 3766 273 3813 mascam,
283 3750 348 3803 hinc
356 3751 437 3804 facile
448 3750 498 3804 tibi
506 3750 662 3821 intelligere
672 3750 744 3809 licet,
761 3748 835 3819 quod
850 3748 938 3819 patris
979 3772 1043 3810 rum
1058 3753 1210 3809 mmmmm
1225 3748 1425 3813 demonstravi,
1444 3745 1617 3819 quantisque
1639 3742 1724 3798 maiis
1735 3738 1780 3797 b'm

142 3837 185 3891 tui
201 3838 285 3892 minis
301 3839 469 3909 contemptis
476 3855 508 3893 ac
518 3855 568 3910 pro
578 3838 664 3892 nihilo
677 3836 938 3908 habitisintrepide
979 3843 1101 3898 mundus
1115 3845 1230 3906 sentent,
1247 3838 1357 3910 eosqui
1372 3836 1424 3909 ipsi
1439 3834 1639 3905 nbmmpsmnt
1653 3831 1684 3886 in
1706 3828 1778 3885 fitu-

143 3925 177 3980 ad
193 3926 779 3993 teaccesserim,utsalutisorarndoctrinam
788 3925 838 3979 tibi
853 3941 938 3996 expo·
979 3932 1042 3986 dem
1056 3931 1202 3996 inducens,
1215 3929 1356 3999 variisque
1379 3925 1470 3980 modis
1484 3922 1628 3977 irretiens.
1643 3918 1779 3990 Delam

143 4031 255 4082 nerem,
270 4015 385 4070 tametsi
411 4015 515 4086 alioqui
537 4015 791 4087 compertissimum
805 4013 937 4069 haberem
979 4020 1074 4091 igitur,
1089 4036 1122 4074 00
1135 4018 1209 4073 undu
1223 4019 1278 4072 imn
1298 4015 1371 4081 veni,
1387 4012 1585 4068 revertendum
1602 4014 1657 4076 usi,
1672 4024 1708 4064 aa
1719 4012 1780 4063 tum

142 4103 201 4159 sore
212 4110 244 4159 ut
258 4104 281 4158 si
292 4105 350 4159 hac
359 4105 531 4171 rescisceret,
541 4104 677 4159 sexcentis
693 4121 746 4171 me,
758 4104 782 4158 si
792 4104 854 4158 sreri
872 4119 939 4175 pos·
979 4110 1070 4164 alieno
1081 4107 1180 4163 habitu
1195 4105 1331 4178 deposito,
1348 4118 1443 4159 meum
1457 4101 1583 4156 induam.

142 4198 194 4259 set,
210 4192 347 4248 mortibus
368 4194 502 4248 alliceret.
519 4193 624 4247 Verum
639 4210 689 4265 ego
714 4192 764 4247 Dei
779 4206 938 4246 sermonem
1014 4196 1282 4252 Ohssqmviiuumm
1293 4209 1390 4250 senum
1401 4191 1545 4263 iosaphat,
1562 4193 1595 4243 ut
1608 4203 1641 4243 ss
1652 4184 1780 4258 ipsinum

142 4283 272 4337 omnibus
283 4282 367 4338 rebus
376 4289 558 4354 anteponens,
568 4282 684 4354 ipsoque
693 4281 747 4336 frui
755 4279 968 4383 cupiensmecD
979 4292 1113 4341 consuetu
1121 4290 1198 4340 insin
1213 4283 1383 4338 nstnnitumt,
1396 4281 1467 4336 (inm
1481 4279 1577 4349 imque
1592 4275 1728 4331 {iunium
1737 4288 1781 4329 m-

142 4372 343 4444 temporariam
362 4373 434 4426 hanc
457 4378 577 4426 mortem
601 4372 792 4443 perhorresco,
806 4385 858 4423 nec
877 4385 938 4423 earn
978 4361 1784 4445 stemusmquumgunubnimuissuqimrmndnmiusnphst

141 4459 305 4532 huJusmodi
315 4460 427 4515 nomine
437 4461 634 4532 appellandam
649 4460 730 4527 duco,
741 4458 855 4514 Domini
864 4457 939 4512 scili·
979 4463 1168 4535 spectaculum
1178 4478 1240 4518 sess
1250 4460 1361 4516 obtulit,
1380 4457 1490 4515 Etenim
1507 4458 1570 4511 tutu
1583 4453 1681 4510 qumis
1693 4450 1782 4524 ipsius

142 4557 188 4606 cet
200 4550 334 4604 mandato
356 4549 553 4620 obtemperans
572 4549 711 4603 dicentis:
729 4547 823 4603 Nolite
837 4546 937 4601 timere
980 4551 1101 4624 qualitas
1116 4550 1218 4625 [πιότης
1232 4552 1346 4618 sortasse
1361 4548 1516 4615 lesendam,
1528 4545 1618 4607 idest,
1628 4537 1782 4614 pinguedo]

142 4655 189 4693 eos
200 4639 248 4711 qui
260 4637 639 4709 occiduntcorpus,aninrum
651 4642 812 4692 autemnon
823 4641 939 4708 possunt
980 4640 1129 4712 absumpta
1144 4644 1213 4706 snut,
1236 4655 1269 4693 sn
1281 4637 1362 4709 peliis
1375 4652 1408 4691 ux
1422 4633 1489 4691 sniis
1499 4637 1569 4688 aestu
1582 4635 1673 4702 utque
1683 4628 1784 4685 nudum

143 4728 268 4783 occidere
281 4747 286 4796 ;
301 4728 348 4782 sed
360 4728 453 4799 potius
464 4727 562 4781 timete
572 4743 636 4780 eum
648 4725 697 4797 qui
711 4730 805 4796 potest
814 4724 939 4779 animam
979 4731 1084 4785 nimum
1104 4746 1168 4784 ossa
1179 4733 1262 4782 tensa
1276 4731 1346 4793 snut,
1359 4740 1416 4780 nnn
1429 4739 1510 4778 smus
1523 4737 1557 4776 uc
1568 4719 1594 4775 si
1608 4718 1784 4791 quiupsiium

143 4820 172 4869 et
185 4832 286 4888 corpus
300 4818 418 4889 perdere
432 4817 461 4871 in
475 4816 633 4887 gehennam
651 4815 759 4880 illailla.
776 4817 813 4883 x).
980 4818 1129 4875 subtilibus
1152 4816 1267 4873 calamis
1295 4813 1470 4870 tetendisset,
1487 4811 1618 4865 Pnuuqsn
1644 4823 1734 4880 puri-n
1750 4820 1783 4861 m

182 4903 255 4970 llaec,
280 4904 373 4976 inquit
387 4906 531 4977 iosaphat,
552 4920 624 4958 verae
647 4910 743 4958 vestre
757 4901 940 4983 pbilosophis>
980 4924 1117 4980 perquam
1132 4921 1231 4979 usqum
1246 4893 1786 4971 titiniusiumbisusqusmigsuunu'u·

142 4992 276 5063 praeclara
291 4991 609 5057 facinora,terrerrorum
618 4992 762 5047 homiuum
775 4991 823 5063 qui
843 5007 941 5062 aprae-
980 4996 1109 5067 gubatun,
1125 4995 1256 5065 iilumque
1271 4992 1389 5065 pultium
1400 4987 1526 5051 numquis
1539 4984 1670 5058 gerebat.

144 5080 215 5135 senti
227 5080 342 5135 hacvita
351 5082 396 5136 rix
406 5082 487 5137 avelli
498 5087 624 5154 possunt,
634 5087 765 5137 naturam
780 5080 862 5151 longe
872 5079 941 5134 mul·
1015 5085 1179 5140 Admiratus
1189 5083 1284 5154 itaque
1298 5079 1435 5151 iosaphat
1451 5073 1616 5148 hrq‘usmudi
1629 5071 1698 5130 vitm
1711 5070 1787 5129 dmi·

145 5174 262 5241 tumque
271 5175 414 5240 superant.
424 5172 464 5224 Ac
473 5170 613 5237 vosbeati,
625 5171 733 5242 quitiae
746 5168 942 5224 strenuissima
981 5175 1051 5229 tium
1066 5179 1095 5228 st
1107 5172 1298 5245 asperitatum,
1308 5179 1393 5240 utque
1408 5163 1555 5237 quingenti
1563 5168 1636 5218 etna
1645 5158 1786 5234 mimum

146 5263 241 5312 mente
254 5257 363 5329 praediti
374 5259 450 5313 estis.
463 5258 582 5323 Quinam
593 5277 677 5330 porro
687 5259 740 5314 tibi
750 5275 783 5313 ac
790 5257 872 5312 sociis
885 5257 941 5311 tuis
981 5262 1132 5318 tuismntiu
1144 5266 1258 5333 ntupum
1266 5259 1382 5314 structus
1391 5253 1539 5327 ingemuit,
1552 5250 1737 5324 profusisque
1749 5248 1787 5305 it·

146 5346 176 5402 in
185 5346 348 5418 hujusmodi
356 5347 607 5402 solitudinisvictus
613 5348 819 5419 sit,atqueitem
826 5346 942 5414 unde,et
982 5348 1128 5419 crymisad
1139 5362 1235 5402 senem
1246 5345 1287 5400 ait
1302 5362 1308 5397 :
1325 5341 1463 5408 Quoniam
1477 5337 1569 5395 eatibi
1581 5337 1639 5392 huc
1653 5332 1787 5393 veniunt

145 5435 303 5508 cujusmodi
317 5434 394 5490 vobis
403 5441 661 5509 vestessuppetant,
671 5454 736 5492 vere
746 5437 938 5508 mihiexpone.
982 5453 1069 5493 causa
1081 5435 1142 5503 fuit,
1153 5440 1185 5491 ut
1199 5450 1244 5489 me
1258 5449 1291 5488 ex
1305 5429 1407 5487 acerba
1422 5427 1527 5485 diaboli
1541 5426 1681 5483 servitute
1696 5430 1788 5482 extr*

182 5524 312 5584 Barlaam
327 5529 422 5581 autem
436 5525 519 5582 dixit:
529 5526 626 5582 Victus
636 5526 749 5599 quidem
758 5525 838 5583 nobis
852 5542 884 5581 ex
894 5540 941 5596 po·
981 5524 1214 5591 heres‚benetieio
1227 5528 1277 5579 tuo
1291 5526 1444 5579 extremam
1459 5513 1785 5588 summumimpe·
