3818 6120
133 254 186 313 889
686 254 734 310 ΒΕ
752 254 848 311 ἮΤΙΒ
868 252 1016 309 PATRUM
1034 251 1142 309 LIBER
1160 252 1208 309 IV.
1719 251 1773 311 tto

396 379 512 436 CAPUT
522 378 674 437 XXXVIII.
938 381 961 441 Α
971 395 1052 451 posse
1062 378 1231 433 monachum
1245 377 1408 450 perdurare,
1419 393 1471 434 nec
1481 377 1516 434 ad
1527 377 1708 451 perfectionis
1717 381 1772 436 cul-

134 469 498 527 Dednobusadolescentibus
507 472 557 538 qui
564 470 933 538 fictiscdeqrotumserentcs
973 484 1038 524 men
1052 468 1202 539 aliquando
1213 468 1410 524 conscendere.

347 560 379 612 in
394 561 495 612 itincre
506 560 632 627 defuncti
645 563 721 613 sunt.
1270 557 1387 613 UAPU'I'
1400 558 1471 614 XLI.

168 649 288 714 Quidam
302 653 398 703 autem
412 647 500 702 trater
515 648 608 718 (Cass,
626 650 702 702 litu
719 649 821 713 lastit,
834 663 857 700 c.
872 643 929 715 ta),
973 647 1009 700 lle
1021 647 1112 716 fratre
1139 646 1353 716 blasphemaque·
1368 648 1541 702 intolerabili
1560 653 1630 703 estu
1646 649 1771 703 libidinis

133 756 195 793 cum
207 739 275 793 sicus
286 739 320 793 de
331 739 465 802 Mareote,
477 735 571 791 abbati
581 736 718 791 loanniin
729 752 855 791 eremum
866 735 931 807 Scy·
1299 737 1443 790 urebatur.

131 827 202 882 thim
211 827 367 895 detulisset,
375 827 422 881 ille
438 826 534 881 statim
548 843 595 881 eas
610 826 646 880 ad
656 842 752 880 senem
767 824 928 896 quemdam,
1007 824 1077 879 Novi
1091 824 1176 879 alium
1186 825 1301 880 fratrem
1313 825 1361 896 qui
1371 824 1568 896 probatissimo
1579 824 1693 879 cuidam
1703 826 1768 891 seni,

132 917 180 989 qui
194 916 223 971 in
234 917 368 972 interiore
381 917 491 972 deserto
506 917 582 970 mala
599 915 758 970 valetudine
772 912 929 980 laborabat,
970 912 1038 967 vitio
1066 913 1158 968 carnis
1179 914 1361 984 semetipsum
1383 913 1547 985 gravissime
1564 914 1711 969 consessus
1732 920 1770 970 est

132 1023 184 1079 per
197 1007 267 1062 dnos
282 1005 503 1060 adolescentulos
518 1005 604 1071 misit,
622 1003 761 1076 siquidem
785 1003 881 1058 decem
903 1006 932 1057 et
970 1002 1323 1076 impugnari31ntolerabili
1333 1021 1454 1077 namque
1465 1011 1533 1061 aestu
1544 1004 1771 1061 libidInisureba·

131 1100 195 1151 octo
210 1094 333 1150 millibus
346 1096 430 1165 longe
440 1093 474 1149 ab
484 1090 930 1149 ecclesiacommanebatliicsoli·
970 1098 1019 1148 tur
1031 1093 1180 1167 (Ostendit.
1196 1110 1243 1162 xvi,
1261 1098 1364 1160 Instit,
1388 1112 1411 1150 c.
1426 1093 1484 1167 20).
1503 1095 1583 1151 Tunc
1600 1111 1687 1150 senex
1703 1095 1772 1150 velut

132 1185 232 1239 tarius
255 1184 309 1249 Qui
332 1184 532 1250 adolescentes,
549 1182 669 1254 acceptis
688 1180 789 1253 pomis,
810 1197 873 1235 cum
895 1178 930 1233 ad
970 1183 1105 1254 spIritalis
1126 1184 1261 1250 medicus,
1277 1184 1440 1239 interiorem
1463 1199 1577 1239 cansam
1592 1188 1622 1239 et
1635 1184 1770 1255 originem

133 1273 259 1346 praedinti
280 1273 355 1329 senis
378 1273 528 1328 tenderent
548 1271 686 1337 cellulam,
701 1271 794 1325 intusa
816 1273 931 1341 repente
971 1272 1061 1326 morbi
1075 1272 1159 1343 hujus
1171 1274 1300 1344 protInus
1311 1273 1468 1345 pervidens,
1486 1273 1668 1345 graviterque
1682 1273 1770 1344 suspi-

132 1361 613 1429 densissimanube,tramitemrecti
622 1359 930 1432 itinerisperdiderunt.
971 1376 1048 1427 rans,
1060 1360 1120 1416 alt:
1137 1362 1332 1433 Nequaquam,
1349 1362 1398 1428 nli,
1412 1368 1472 1416 tam
1486 1378 1608 1434 nequam
1622 1361 1734 1433 spiritui
1747 1369 1772 1416 te

133 1452 261 1524 Cumque
275 1455 335 1506 tota
356 1451 401 1506 die
425 1467 457 1505 ac
476 1456 557 1505 nocte
570 1449 760 1505 discurrentes
774 1464 824 1521 per
838 1447 930 1502 aviam
972 1450 1107 1505 Dominus
1117 1451 1301 1523 permisisset,
1316 1451 1372 1506 nisi
1383 1451 1490 1523 aliquid
1505 1451 1731 1522 blasphemasses
1744 1452 1771 1505 ia

133 1542 221 1597 eremi
243 1540 412 1607 vastitatem,
429 1557 607 1612 nequaquam
630 1540 789 1611 potuissent
806 1536 931 1592 eremite
971 1554 1015 1595 eo.
1032 1539 1111 1603 Quod
1129 1539 1217 1594 frater
1233 1540 1361 1606 audiens,
1378 1541 1474 1595 statim
1492 1540 1613 1611 procidit
1633 1540 1672 1594 ad
1690 1540 1771 1611 pedes

132 1628 293 1700 egrotantis
305 1628 642 1694 cellulaminvenive,tam
651 1625 760 1681 itineris
766 1624 930 1680 lassitudIne
972 1628 1033 1698 ejus
1048 1627 1214 1695 interram,
1231 1645 1397 1700 summaque
1416 1629 1602 1684 admiratione
1617 1629 1769 1701 perculsus,

133 1716 662 1791 quaminediasitiqueconiecti,fixisin
672 1721 779 1770 terram
791 1714 928 1786 genubus,
941 1700 1113 1771 Boonfessus
1127 1722 1170 1772 est
1192 1718 1222 1772 in
1236 1717 1338 1773 Filium
1358 1719 1408 1773 Dei
1424 1719 1594 1789 cogitatione
1608 1718 1699 1792 impia
1714 1719 1771 1772 bla-

132 1808 200 1863 dum
210 1813 333 1874 orarent,
345 1806 475 1878 spiritum
482 1806 602 1861 Domino
608 1805 799 1859 reddiderunt.
808 1804 862 1869 Qui
868 1810 932 1876 post
971 1806 1142 1876 sphcmasse.
1158 1806 1238 1861 Unde
1252 1807 1431 1878 perspicuum
1442 1813 1484 1862 est
1500 1824 1565 1862 eum
1577 1808 1626 1879 qui
1642 1808 1671 1862 in
1684 1808 1770 1862 Deum

132 1895 191 1950 haec
203 1895 385 1965 vestigiorum
398 1895 509 1949 indiciis
523 1894 680 1949 diutissime
695 1893 852 1965 perquisiti,
869 1909 930 1964 quae
970 1893 1151 1965 blasphemus
1160 1894 1401 1968 existIt,tanquam
1412 1897 1573 1968 quiirroget
1580 1897 1623 1952 illi
1629 1897 1768 1968 injuriam,

132 1984 162 2039 in
184 1983 252 2038 locis
274 1983 329 2038 illis
363 1984 489 2038 arenosis
517 1989 631 2054 tamque
661 1981 770 2037 nivibus
794 1982 932 2052 impressa
972 1984 1150 2056 perfectionis
1163 1984 1327 2056 integritate
1341 1986 1455 2058 privarI,
1471 1991 1501 2041 et
1520 1986 1770 2041 sanctificationem

130 2071 326 2142 designantur,
347 2071 435 2126 donec
459 2087 491 2126 ea
512 2071 566 2125 levi
581 2071 651 2125 ilatu
670 2076 817 2125 ventorum
838 2069 931 2124 tenuis
972 2073 1144 2129 castimoniae
1156 2090 1212 2130 non
1227 2075 1340 2130 mercii.

130 2176 216 2216 arena
227 2161 386 2216 discurrens
396 2161 561 2232 cooperIret,
571 2159 677 2214 inventi
687 2159 932 2214 sunttandemsic-
1259 2164 1376 2219 CAPUT
1400 2165 1486 2220 XLII.

130 2254 164 2304 ut
191 2255 340 2305 oraverant
352 2251 488 2322 jacentes,
501 2250 604 2305 etdcus
614 2249 742 2315 intactas,
766 2253 799 2303 ut
817 2263 931 2318 accepe·
973 2251 1020 2308 Ula
1034 2254 1157 2321 plurimi
1171 2259 1359 2308 convenerant
1370 2256 1489 2308 seniores
1504 2254 1683 2308 adsaaotum
1694 2253 1772 2308 Anto

130 2347 205 2408 rant,
225 2344 410 2395 reservantes.
432 2340 584 2410 Elegerunt
604 2340 679 2394 enlm
693 2338 818 2392 anImam
839 2336 930 2407 magis
1163 2344 1246 2396 aium
1264 2345 1358 2411 qratia
1375 2344 1580 2398 consolationis.

132 2445 217 2500 quam
228 2429 313 2483 iidem
323 2428 444 2501 depositi
451 2429 579 2501 perdere,
588 2444 623 2482 ne
629 2427 734 2482 scilicet
741 2427 930 2497 absquejussu
1006 2428 1134 2494 Quodam
1145 2434 1241 2485 autem
1254 2436 1381 2503 tempore
1391 2435 1582 2486 convenerunt
1596 2430 1714 2503 plurimi
1728 2446 1770 2484 se·

133 2515 932 2590 abbatisquidquamvictuspresumerent;vitamquepo·
972 2520 1083 2572 niorum
1110 2518 1146 2573 ad
1172 2517 1286 2574 beatum
1313 2520 1477 2588 Antonium,
1499 2524 1723 2576 commorantem
1746 2519 1772 2573 in

131 2607 190 2662 tius
203 2607 353 2663 voluerunt
366 2606 497 2661 amittere
513 2606 706 2678 temporalem,
717 2620 802 2676 quam
812 2602 930 2659 senioris
970 2606 1120 2662 Tnebaidae
1131 2607 1267 2678 partibus,
1280 2609 1457 2681 perlectionIs
1476 2609 1662 2682 inquisitione
1677 2613 1706 2664 et
1717 2608 1771 2663 ool·

130 2695 235 2751 violare
249 2696 424 2751 mandatum.
971 2695 1085 2750 lationis
1094 2697 1186 2767 gratia
1202 2697 1335 2766 (Cassian.
1353 2701 1449 2756 collat.
1466 2713 1495 2766 n,
1512 2714 1572 2768 cap.
1591 2698 1632 2771 ⁴2).
1649 2699 1772 2768 Cumque

400 2782 517 2838 CAPUT
531 2782 659 2840 XXXIX.
971 2800 989 2840 a
1001 2785 1166 2857 vespertinis
1180 2787 1256 2841 horis
1264 2804 1353 2859 usque
1368 2788 1403 2843 ad
1414 2788 1504 2843 lucem
1515 2785 1616 2843 luisset
1631 2792 1771 2859 protracta

133 2875 243 2945 &mata
257 2876 406 2943 sitjupitcs
420 2888 533 2941 operm
547 2874 623 2942 apud
640 2872 750 2940 AEpypli
772 2869 928 2925 raotvacbos.
971 2874 1093 2942 collati0,
1110 2877 1226 2947 quaestio
1241 2877 1417 2932 discretIonis
1432 2877 1586 2932 maximum
1608 2877 1700 2932 noctis
1713 2893 1773 2949 spa·

168 2965 222 3019 Per
233 2968 323 3018 totam
334 2962 429 3034 itaque
441 2961 592 3033 AEgyptum
606 2958 736 3015 monachi
754 2959 831 3014 nullo
846 2958 929 3012 modo
970 2963 1042 3018 tium
1056 2966 1239 3036 consumpsit.
1256 2967 1328 3022 Nam
1341 2966 1498 3022 diutissime
1512 2967 1649 3022 intereos
1664 2982 1772 3038 quaere·

131 3054 279 3127 patiuntur
300 3068 361 3107 esse
382 3051 464 3105 otiosi
488 3050 581 3118 illusa,
604 3051 652 3104 lib.
671 3066 696 3114 x,
714 3050 806 3103 Instit.
830 3065 853 3102 c.
873 3046 927 3116 ti),
940 3051 1053 3121 ebatur
1078 3070 1205 3125 quaenam
1227 3055 1315 3111 virtus
1332 3056 1375 3110 vel
1399 3056 1556 3111 observatio
1571 3056 1774 3111 monachumve

132 3143 181 3198 sed
193 3142 296 3196 victum
309 3157 391 3195 suum
406 3138 502 3193 labore
517 3155 651 3194 manuum
663 3143 889 3210 consequentum
902 3140 930 3190 ct
970 3141 1076 3197 diaboli
1086 3143 1194 3214 laqueis
1203 3145 1344 3200 custodire
1352 3151 1447 3216 posset
1456 3145 1638 3212 illaesum,vel
1652 3149 1730 3200 certe
1739 3144 1773 3199 ad

132 3247 189 3285 non
201 3232 292 3286 solum
307 3231 341 3284 de
356 3227 496 3284 laboribus
509 3227 567 3282 suis
575 3227 736 3298 peregrinos
745 3231 774 3281 et
783 3225 930 3281 advenien·
971 3231 1060 3285 Deum
1078 3236 1153 3286 recto
1172 3233 1287 3287 tramite
1313 3234 1449 3306 firmoque
1473 3250 1574 3305 gressu
1595 3234 1772 3306 perduceret.

130 3324 174 3374 tes
183 3320 284 3374 tratres
293 3335 387 3373 secum
398 3316 592 3383 reficiunt,scd
601 3316 685 3370 etiam
694 3332 744 3388 per
755 3315 815 3369 loca
825 3313 928 3386 Libya,
972 3321 1099 3391 Cumque
1110 3337 1160 3393 pro
1170 3328 1254 3393 captu
1264 3323 1366 3377 mentis
1380 3339 1437 3378 snae
1447 3323 1645 3396 unusquisque
1661 3329 1771 3379 senten·

131 3426 192 3480 quae
207 3409 280 3463 fama
294 3409 432 3473 laborant,
449 3422 557 3461 necnon
572 3405 656 3460 etiam
672 3423 724 3477 per
737 3405 863 3460 civitates
885 3404 930 3459 his
970 3407 1040 3461 tiam
1053 3409 1190 3479 proferret
1203 3410 1232 3463 in
1248 3411 1415 3476 medium,·et
1431 3411 1479 3466 alii
1493 3412 1610 3483 quidem
1623 3411 1676 3466 hoc
1690 3413 1720 3467 in
1731 3415 1773 3482 je·

132 3500 181 3573 qui
193 3498 222 3554 In
236 3495 395 3553 carceribus
409 3501 439 3552 et
451 3495 567 3550 diversis
581 3495 699 3549 vinculis
713 3499 855 3560 tenentur,
874 3493 929 3548 im·
967 3496 1113 3567 juniorum
1128 3498 1345 3570 vigiliarumque
1369 3500 1461 3554 studio
1482 3500 1664 3566 collocarent,
1682 3500 1729 3555 alii
1745 3501 1774 3554 in

131 3605 244 3644 manem
256 3585 404 3644 conserunt
416 3585 556 3641 alimonie
567 3583 764 3650 substantiam,
780 3583 815 3638 de
836 3583 929 3638 fructu
969 3584 1099 3640 nuditate
1108 3591 1137 3640 et
1144 3591 1308 3660 contemptu
1315 3593 1410 3654 552
1418 3604 1524 3655 rerum,
1532 3589 1580 3643 elii
1592 3591 1773 3644 remotiorem

131 3693 269 3735 manuum
276 3692 393 3732 suarum
399 3673 563 3730 rationabile
571 3673 742 3729 sacrisscIum
749 3672 869 3727 Domino
879 3672 930 3727 tali
969 3675 1057 3730 vitam
1066 3681 1095 3730 et
1103 3676 1190 3731 eremi
1200 3683 1309 3732 secreta
1318 3684 1474 3733 censerent:
1488 3682 1516 3733 et
1526 3678 1657 3733 nonnulli
1670 3678 1700 3733 In
1716 3678 1773 3751 pri·

133 3766 275 3822 oblatione
289 3782 319 3820 se
334 3765 434 3819 offerre
449 3763 605 3818 credentes.
970 3764 1024 3820 mis
1040 3765 1173 3822 sectanda
1191 3766 1347 3836 charitatis,
1366 3768 1395 3822 id
1414 3772 1465 3834 est,
1481 3766 1672 3823 humanitatis
1686 3767 1773 3823 officia

166 3854 270 3909 Dicunt
282 3852 359 3910 enim
373 3856 537 3923 operantem
551 3849 720 3906 monachum
735 3850 861 3907 demone
872 3866 929 3908 uno
970 3853 1135 3924 definirent;
1152 3855 1220 3928 qnia
1230 3857 1292 3929 ipsa
1309 3857 1354 3930 pie
1370 3872 1438 3929 erga
1452 3856 1554 3912 fratres
1566 3862 1596 3912 et
1609 3857 1773 3930 peregrinos

131 3941 239 4018 pulsari
246 3955 366 4015 semper,
376 3940 497 3996 otiosum
509 3954 575 3996 vero
584 3936 836 3997 innumerabilibus
848 3939 930 4014 spiri·
970 3943 1063 4001 studio
1077 3944 1262 4018 snsceptionis
1275 3946 1487 4018 impenduntur.
1502 3947 1632 4020 cumque
1647 3947 1678 4003 in
1701 3947 1773 4002 hunc

130 4032 205 4090 tibus
220 4029 359 4087 devastavi
371 4030 464 4100 (llil,
480 4043 502 4084 c.
514 4025 572 4099 23).
967 4035 1082 4091 modum
1096 4036 1143 4108 pia
1157 4034 1334 4092 contentione
1355 4037 1541 4104 decertarent,
1561 4042 1696 4110 essetque
1708 4038 1766 4108 jam

433 4117 549 4174 CAPUT
563 4116 619 4173 XL.
967 4125 1056 4180 noctis
1070 4125 1225 4181 maximum
1240 4132 1352 4199 tempus
1369 4131 1577 4199 consumptum,
1595 4127 1767 4198 respondens

403 4211 439 4264 llc
450 4209 544 4263 abbate
557 4209 652 4262 Paulo.
967 4213 1080 4269 demum
1088 4214 1186 4270 beatus
1195 4216 1333 4271 Antonius
1340 4216 1486 4283 unIversis,
1496 4215 1566 4271 dixit
1577 4234 1583 4270 ε
1597 4217 1703 4272 Omnia
1710 4216 1768 4288 qni·

165 4297 924 4375 DeniqueabbasPaulusprobatissimusPatrumllbid.,
967 4302 1031 4357 dern
1056 4303 1197 4375 haecque
1223 4304 1342 4370 dixistis,
1369 4306 1527 4361 necessaria
1548 4311 1669 4361 suntet
1689 4304 1768 4361 utiim

130 4403 153 4450 t.
164 4391 221 4463 XI),
242 4407 306 4447 cum
327 4390 357 4445 in
381 4403 475 4444 eremo
496 4386 653 4441 vastissima
676 4387 850 4453 consisteret,
865 4404 926 4458 quaa
937 4381 1127 4447 Dsitientibus
1142 4394 1231 4448 Deum
1244 4412 1250 4448 :
1261 4394 1310 4449 sed
1320 4395 1364 4448 his
1376 4394 1558 4467 principalem
1569 4393 1698 4450 tribuere
1706 4411 1768 4466 gra·

129 4480 286 4553 Porphyrio
300 4482 488 4548 nuncupatur,
498 4481 608 4530 tantum
619 4476 776 4546 palmarum
790 4475 926 4530 fructibus
966 4481 1046 4549 tiam,
1062 4498 1240 4554 nequaquam
1251 4501 1302 4538 nos
1316 4483 1535 4539 innumerabiles
1543 4484 1702 4539 multorum
1716 4483 1768 4537 Ira-

129 4571 254 4626 etberto
269 4564 380 4639 modIco
401 4563 629 4632 sustentabatur,
647 4580 698 4618 nec
719 4569 831 4636 poterat
850 4565 926 4620 aliud
966 4575 1043 4625 trum
1058 4587 1139 4626 casus
1154 4577 1183 4626 ct
1204 4573 1395 4644 experimenta
1409 4572 1586 4644 permittunt.
1603 4573 1680 4628 Nam
1696 4589 1768 4644 saepe

129 4659 204 4715 unde
216 4660 423 4714 sustentaretur
436 4653 528 4726 operis
539 4669 677 4721 exercere,
691 4669 724 4708 co
740 4654 813 4724 quod
829 4653 864 4707 ab
878 4655 927 4709 ho·
968 4659 1085 4714 vidimus
1095 4659 1252 4716 tratreshas
1262 4661 1469 4717 observationes
1476 4662 1768 4734 tenentes,repentIno

130 4747 253 4804 minibus
265 4748 308 4801 vel
320 4743 466 4800 habitabili
480 4751 557 4798 terra
571 4742 692 4814 amplius
712 4759 795 4813 quam
819 4748 925 4814 septem
967 4765 1032 4802 casu
1055 4749 1194 4820 deceptae,
1218 4766 1250 4805 eo
1274 4752 1347 4822 quod
1370 4751 1399 4806 In
1422 4750 1494 4805 bono
1513 4751 1589 4822 qnod
1612 4757 1767 4823 coeperant,

132 4835 324 4892 mansionibus
335 4834 431 4889 aberat
440 4833 471 4888 in
480 4833 602 4887 deserto.
618 4831 668 4885 Hic
679 4847 746 4902 ergo
756 4847 925 4887 nomomen·
966 4837 1162 4893 discretIonem
1171 4840 1676 4895 minimotenuerunt.Necetiamalia
1685 4856 1769 4894 cansa

130 4929 192 4979 tum
201 4923 336 4997 temporis
349 4923 461 4994 penitus
474 4921 579 4976 otiosus
594 4925 689 4984 staret,
707 4919 853 4991 colligebat
869 4923 927 4993 pal·
968 4926 1062 4997 lapsus
1076 4943 1172 4982 eorum
1183 4928 1410 5001 deprehenditur,
1428 4928 1481 4982 nisi
1494 4929 1568 5000 quod
1581 4928 1679 4984 minus
1693 4946 1710 4984 a
1724 4945 1769 4984 se·

131 5028 243 5068 marum
257 5013 340 5080 folia3
357 5017 384 5067 et
399 5011 593 5083 quotidianum
602 5025 730 5082 pensum,
742 5010 818 5064 velut
829 5009 927 5066 exinde
941 5015 945 5022 “
968 5015 1094 5070 nioribus
1108 5017 1240 5084 instituti,
1256 5034 1435 5090 nequaquam
1459 5022 1613 5090 potuerunt
1627 5019 1770 5074 rationem

130 5101 342 5167 sustentandus,
367 5101 427 5171 ipse
449 5117 466 5154 a
487 5100 637 5172 semetIpso
661 5097 788 5170 exigebat
808 5100 925 5171 jugiter.
968 5104 1143 5160 discretionis
1158 5107 1241 5177 hujus
1254 5107 1378 5180 adipisci,
1391 5123 1453 5179 quae
1467 5107 1540 5161 viam
1562 5106 1674 5177 regiam
1689 5108 1771 5163 docet

131 5192 260 5260 Cumque
275 5205 358 5261 opere
373 5189 458 5243 totius
473 5189 539 5244 anni
554 5189 688 5260 spelunca
701 5189 762 5259 ejus
772 5188 928 5244 missetim·
969 5195 1136 5250 monachum
1151 5213 1262 5268 semper
1279 5196 1417 5262 incedere,
1433 5200 1462 5250 et
1485 5212 1535 5250 nec
1550 5211 1669 5252 excessu
1684 5197 1771 5252 conti-

130 5280 216 5354 pieta,
233 5285 263 5333 et
274 5294 330 5332 non
339 5277 510 5348 haberetqui
518 5278 755 5343 hoedistraheret,
767 5293 858 5349 neque
868 5279 927 5351 ipse
969 5283 1070 5338 nentiae
1081 5285 1195 5340 modum
1207 5286 1327 5341 transire
1345 5285 1494 5358 permittit,
1505 5300 1556 5339 nec
1570 5285 1724 5342 deflectere
1733 5285 1770 5343 ad

130 5369 238 5426 otiosus
254 5370 349 5440 posset
361 5382 484 5434 manere,
492 5372 584 5421 totum
595 5366 670 5438 quod
684 5367 801 5422 sollicita
812 5384 880 5422 cura
889 5367 927 5422 la·
968 5371 1036 5426 vitia
1046 5374 1181 5429 concedit.
1193 5375 1226 5430 In
1238 5373 1367 5432 omnibus
1377 5391 1443 5446 ergo
1456 5391 1517 5446 quae
1527 5374 1651 5445 agimus,
1664 5377 1769 5431 discre-

130 5455 924 5526 boraverat,annissingulisigncsuppositoconcremabat.
967 5460 1008 5515 tio
1015 5465 1211 5535 anteponenda
1221 5470 1271 5520 est.
1281 5464 1504 5520 Manifestissime
1519 5465 1596 5519 enim
1607 5465 1771 5521 declaratur

129 5549 274 5606 intantum
286 5544 485 5619 probans,sIne
499 5560 583 5616 opero
598 5561 734 5600 manuum
748 5562 799 5600 nec
817 5546 846 5600 in
866 5547 926 5602 loco
967 5550 1075 5606 nullam
1098 5553 1159 5609 sine
1186 5555 1360 5610 discretionis
1374 5555 1465 5625 gratia
1482 5554 1605 5626 perfecte
1621 5571 1708 5627 possa
1727 5555 1771 5611 vel
