3818 6120
132 111 183 169 361
588 110 674 166 VITA
693 111 823 169 seueri
841 113 994 170 JOANNIS
1014 113 1319 170 ELEEMOSVNARII.
1716 120 1773 181 362

132 237 262 308 angelico
274 242 370 293 restro
379 235 548 291 indumento
563 234 768 291 circumamicti
781 244 857 304 sunt,
876 240 965 298 rna-A
973 238 1048 308 quod
1058 243 1189 293 mortuus
1195 244 1313 305 esses,et
1319 241 1485 296 memoriam
1496 243 1538 297 tui
1546 242 1720 301 faciebamus
1729 252 1774 302 ter

133 326 208 381 ximo
221 330 252 380 et
264 325 399 380 feminam
416 324 625 380 circumducere
639 325 674 379 ad
687 327 850 381 scandalum
865 327 935 381 alio·
977 327 1006 381 in
1028 344 1111 381 anno.
1127 330 1197 382 Oura
1214 344 1281 397 ergo
1292 328 1417 384 audisset
1427 331 1500 401 quod
1513 331 1542 386 in
1553 348 1627 387 anno
1639 339 1684 389 ter
1697 333 1772 388 face-

133 430 197 469 ram
213 415 378 469 videntium.
393 415 472 469 Tunc
491 414 646 468 monachus
658 430 722 468 cuni
738 416 815 469 omni
825 416 936 471 humili·
976 423 1040 466 rent
1047 429 1097 483 pro
1111 429 1142 466 eo
1155 412 1330 476 memoriam,
1344 414 1499 485 interrogat
1507 433 1555 471 eos
1564 416 1593 471 in
1604 435 1659 489 quo
1670 419 1726 483 die,
1745 424 1774 473 et

134 508 192 558 tate
209 504 350 558 rationem
370 501 507 557 reddebat
524 502 752 566 sancto,dicens:
772 504 873 572 Crede,
889 505 936 559 do-
976 501 1005 555 iu
1022 518 1076 572 quo
1091 518 1187 555 mense
1202 501 1261 555 haec
1275 501 1457 557 celebrarent.
1485 504 1522 558 Et
1535 505 1590 560 illis
1604 506 1771 574 dicentibus,

135 591 222 657 mine,
239 608 296 647 non
320 592 451 646 mentiar.
469 591 549 646 Gaza
564 607 642 645 eram
656 600 722 647 ante
737 608 840 662 paucos
855 593 933 659 dies,
976 589 1461 661 sanctisTlreophaniiS,etDominica
1475 599 1571 648 sancta
1583 601 1668 666 atque
1678 602 1775 652 sancta

136 684 161 735 et
174 685 299 735 exeunte
313 697 359 735 me
372 681 407 734 de
425 679 586 746 civitate,ut
600 680 725 734 venirem
739 688 768 743 et
782 683 935 736 salutarem
976 677 1286 748 Pentecoste(tii),dixit
1295 678 1354 732 ille:
1363 679 1594 742 Quiatrihusistis
1602 684 1775 757 temporibus

135 775 266 824 sanctum
287 768 420 823 abbatem
440 770 546 840 Cyrum
565 767 634 839 (65),
661 768 781 823 obviavit
793 770 862 825 mihi
877 771 936 825 haee
977 767 1044 820 anni
1054 765 1184 821 veniebat
1193 766 1307 838 quidam
1322 767 1486 823 candidatus
1499 776 1531 824 ut
1544 771 1595 838 sol,
1607 778 1636 826 et
1645 773 1776 829 dissolve-

134 856 206 913 bene
217 859 279 913 visa
287 859 381 931 puella
394 857 463 912 soris
476 862 596 928 portam,
613 874 729 928 vespere
737 858 916 913 incumbente
928 878 934 926 ;
978 854 1026 909 bat
1036 872 1081 909 me
1093 873 1110 908 a
1125 855 1241 910 vinculis
1254 856 1352 909 terreis
1364 863 1394 909 et
1407 860 1578 927 acustodia3
1598 865 1627 915 et
1644 863 1776 917 movebar

133 953 160 1002 et
175 964 332 1002 accurrens
341 947 376 1001 ad
385 947 471 1019 pedes
482 963 569 1012 meos,
580 945 699 1016 rogabat
710 953 743 1001 ut
754 964 863 1002 mecum
879 965 938 1002 anr-
978 943 1184 999 deambulando
1202 950 1262 998 tota
1276 944 1330 1008 die,
1347 951 1376 998 et
1389 962 1473 1000 nemo
1487 949 1702 1018 recognoscebat
1716 969 1771 1019 me,

130 1034 258 1091 bularet.
284 1035 400 1091 Dicebat
420 1034 496 1090 enim
516 1052 546 1089 se
560 1035 707 1090 Hebraeam
732 1053 801 1102 esse,
818 1042 846 1091 et
869 1037 938 1091 velle
980 1038 1008 1086 et
1028 1033 1224 1088 incrastinum
1239 1032 1402 1087 inveniebar
1425 1035 1535 1090 vincula
1548 1037 1639 1092 ferrea
1649 1046 1774 1109 portans».

129 1124 197 1181 deri
214 1125 424 1192 Christianam
447 1129 476 1179 et
496 1124 580 1194 coepit
602 1124 700 1178 eadem
714 1141 832 1180 narrare
846 1125 938 1179 verbis
979 1121 1095 1176 Dicebat
1109 1122 1196 1192 igitur
1209 1127 1323 1177 sanetus
1340 1122 1487 1194 episcopus
1498 1125 1565 1195 quia
1585 1143 1618 1180 ex
1630 1127 1682 1182 hoc
1692 1128 1776 1183 disci-

127 1213 331 1280 borribilibus,
359 1218 468 1268 utnon
491 1214 685 1284 permitterem
700 1214 792 1284 perire
806 1231 878 1268 eam.
895 1214 939 1268 Ti·
979 1227 1042 1265 mus
1056 1211 1160 1265 habere
1171 1211 1342 1265 dormientes
1354 1211 1608 1285 quietem,quando
1618 1216 1776 1287 proeiscol

126 1319 218 1358 mens
233 1302 331 1374 itaque
347 1319 398 1372 ego
421 1302 560 1372 iudicium
574 1302 635 1369 Dei,
653 1302 760 1373 sumpsi
775 1319 847 1368 eam,
863 1303 937 1357 aesti·
980 1300 1066 1354 lectas
1079 1300 1206 1356 facimus.

127 1406 220 1445 mans
245 1390 322 1461 «quod
344 1406 401 1445 non
421 1389 587 1444 immitteret
606 1390 792 1445 tentationem
819 1392 938 1444 Satanas
1015 1389 1081 1442 Car
1084 1390 1204 1444 XXV-
1214 1391 1309 1455 Quod
1303 1409 1331 1447 m
1339 1392 1655 1464 Actibosapostolorum
1668 1395 1777 1450 audivi-

128 1478 321 1550 spadonibus
345 1477 511 1534 Nesciebam
529 1496 593 1533 vero
612 1479 687 1550 quod
713 1479 937 1550 neminiparcat
981 1494 1043 1531 nius
1063 1478 1382 1550 iactum(lct.1vt,hoo
1403 1483 1565 1552 frequenter
1585 1484 1778 1539 ethurccom

128 1568 230 1639 Igitur
243 1567 421 1623 venientibus
431 1566 521 1632 nobis,
538 1567 713 1622 sanctissime
728 1568 820 1634 Pater,
837 1573 865 1622 et
880 1552 971 1621 ora-B
981 1567 1184 1637 patientissimo
1200 1568 1577 1626 accidebatVidentesenim
1585 1572 1666 1626 multi
1674 1572 1777 1627 indesi-

129 1655 248 1712 tionem
258 1655 478 1728 perficientibus,
487 1654 625 1727 baptizavi
635 1673 698 1710 eam
707 1656 743 1710 ad
757 1656 941 1712 sanctumab-
981 1663 1095 1710 nentem
1109 1657 1170 1727 ejus
1188 1663 1215 1711 et
1230 1657 1440 1713 inscrutabilem
1452 1660 1527 1713 circa
1538 1665 1637 1730 gentes
1648 1677 1777 1733 compas-

128 1744 204 1800 bam
218 1746 335 1817 Cyrum,
346 1751 376 1800 et
387 1744 523 1817 gyrabam
539 1762 603 1800 cum
619 1762 653 1800 ea
664 1745 693 1799 in
709 1745 828 1816 simplici
844 1745 940 1813 corde,
981 1743 1098 1810 sionem,
1114 1744 1298 1799 movebantur
1313 1747 1457 1802 multoties
1479 1748 1515 1801 ad
1528 1749 1674 1803 vendenda
1686 1750 1778 1805 multa

132 1851 293 1906 exposcens
307 1835 448 1889 modicum
462 1840 617 1905 sumptum,
630 1841 769 1905 quatenus
783 1834 940 1889 introduce·
981 1832 1016 1886 de
1030 1831 1195 1888 substantiis
1216 1834 1288 1900 suis;
1303 1839 1331 1889 et
1343 1835 1473 1899 terentes,
1486 1835 1650 1907 praebebant
1667 1838 1717 1892 Dei
1731 1838 1778 1892 de·

133 1939 199 1978 rem
215 1939 280 1978 eam
297 1923 327 1977 in
353 1923 566 1977 monasterium.
591 1923 661 1978 Cum
677 1923 736 1978 haec
750 1922 874 1977 audisset
888 1940 938 1994 pa-
980 1926 1044 1976 voto
1056 1921 1196 1977 ministro.
1211 1923 1291 1977 Unde
1302 1930 1331 1978 et
1341 1925 1455 1995 quidam
1465 1926 1579 1981 veniens
1591 1926 1776 1995 unadierum,

136 2012 278 2078 triarcha,
289 2011 373 2066 dixit:
391 2011 487 2087 Papae!
505 2016 574 2082 quot
582 2011 732 2066 absconsos
746 2028 840 2066 servos
854 2010 940 2067 habet
981 2009 1116 2064 olierebat
1127 2011 1153 2064 ei
1167 2017 1274 2084 septem
1284 2011 1370 2067 libras
1384 2013 1446 2067 auri
1461 2019 1490 2067 et
1504 2014 1779 2079 dimidiam,satisia·

135 2100 225 2165 Deus,
233 2107 263 2156 et
270 2100 410 2156 nescimus
419 2117 470 2155 nos
476 2100 596 2155 humiles
607 2101 619 2154 l
630 2101 665 2154 Et
673 2100 825 2155 enarrabat
835 2101 879 2155 his
891 2101 939 2171 qui
980 2098 1056 2153 ciens
1071 2104 1176 2167 sancto,
1185 2101 1268 2175 ⁴quod
1287 2118 1343 2156 non
1358 2102 1514 2172 possideret
1536 2103 1613 2157 aliud
1627 2103 1734 2174 aliquid
1747 2104 1777 2158 in

137 2196 243 2261 praesto
251 2197 334 2245 erant
342 2189 477 2244 visionem
493 2207 578 2260 quam
592 2189 701 2244 viderat
711 2197 792 2244 noete
802 2189 837 2243 de
846 2206 889 2244 eo.
907 2190 941 2244 Et
982 2188 1181 2243 auroPetebat
1195 2195 1289 2243 autem
1300 2189 1335 2243 ab
1345 2206 1378 2244 eo
1391 2207 1455 2245 eum
1466 2191 1561 2245 multis
1577 2191 1779 2262 genuflexioni-

138 2279 260 2349 protulit
265 2278 426 2350 patriarcha
436 2283 549 2332 centum
559 2278 772 2332 numismatade
786 2294 882 2344 manu,
894 2278 941 2332 da·
980 2275 1032 2330 bus
1048 2282 1080 2330 ut
1097 2282 1191 2331 oraret
1202 2284 1341 2349 quatenus
1355 2279 1491 2333 Dominus
1509 2281 1584 2335 Deus
1604 2280 1695 2334 silium
1708 2282 1778 2352 ejus

138 2371 222 2422 turus
231 2367 271 2421 ei:
285 2367 336 2422 Dei
345 2371 440 2421 autem
451 2366 557 2422 amicus
574 2367 622 2421 ille
637 2384 700 2421 vere
711 2367 873 2429 monachus,
883 2382 940 2421 non
981 2366 1779 2440 salvaret.Habcbatenimunumsolummodosrliumquaai

139 2472 240 2527 passus
264 2455 372 2526 aliquid
395 2455 521 2526 accipere
545 2472 578 2510 ex
592 2454 642 2522 eis,
666 2455 783 2525 dignum
803 2455 940 2509 memoria
981 2470 1121 2509 annorum
1135 2454 1305 2524 quindecim,
1321 2462 1353 2510 ut
1368 2457 1515 2511 reduceret
1528 2457 1620 2512 navim
1637 2459 1699 2528 ejus
1713 2474 1779 2513 cum

139 2543 259 2599 verbum
286 2544 323 2598 ad
342 2544 531 2614 patriarcham
546 2545 656 2598 locutus
678 2548 729 2610 est,
752 2544 866 2600 dicens:
882 2544 940 2614 Ego
982 2541 1055 2596 bono
1064 2541 1099 2595 ab
1112 2543 1214 2610 Atrica,
1231 2543 1380 2598 illucenim
1395 2543 1512 2599 abierat.
1528 2545 1675 2616 decipiens
1690 2544 1779 2616 igitur

142 2631 268 2687 bocnon
281 2632 402 2703 postulo,
419 2632 547 2699 domine3
571 2633 725 2686 monachus
737 2631 813 2686 e'nim
823 2632 846 2687 si
857 2632 941 2686 fidem
982 2617 1110 2685 summus
1123 2632 1252 2686 sacerdos
1273 2633 1460 2703 quantitatem
1477 2634 1540 2689 auri
1555 2635 1590 2689 de
1605 2651 1692 2689 manu
1706 2636 1777 2706 ejus,
1822 2668 1827 2679 ι

146 2719 346 2787 habet,horum
357 2720 540 2791 nonindiget.
550 2720 580 2775 Si
595 2725 690 2775 autem
704 2721 806 2775 horum
816 2724 889 2791 eget,
907 2722 941 2773 ll·
987 2724 1078 2785 193
1084 2719 1203 2774 miratus
1211 2726 1254 2775 est
1263 2737 1327 2775 eum
1335 2727 1394 2776 tam
1405 2740 1466 2777 esse
1476 2723 1781 2794 magnanimumadoi·

143 2808 205 2863 dem
227 2825 287 2863 non
312 2808 407 2863 habet.
432 2809 512 2873 Quod
535 2808 657 2863 maxime
669 2810 791 2880 amplius
806 2809 943 2864 satisfecit
982 2805 1126 2861 ferendam
1139 2814 1228 2863 totam
1242 2810 1428 2880 quantitatem
1437 2811 1499 2867 auri
1511 2828 1597 2882 quam
1607 2812 1778 2884 possidebat.
1871 2848 1875 2855 ·

143 2896 273 2952 omuibus
286 2898 335 2968 qui
350 2898 500 2952 audierant
513 2897 588 2968 quod
602 2914 698 2952 servus
709 2898 760 2953 Dei
774 2898 828 2952 iste
843 2915 942 2953 mona·
951 2903 973 2963 G
983 2894 1080 2949 Oravit
1091 2895 1205 2966 quidem
1215 2896 1242 2950 ci
1256 2895 1308 2967 168)
1322 2898 1387 2952 etin
1401 2899 1471 2953 facie
1481 2901 1612 2965 multum,
1624 2900 1703 2954 etsie
1713 2917 1779 2954 eum

141 2985 209 3041 chus
224 2990 309 3040 esset.
330 2985 490 3040 Genullexit
502 2985 589 3057 igitur
603 2986 779 3058 patriarchae,
794 2991 823 3040 et
832 2987 899 3041 exiit
911 2987 941 3041 in
982 2984 1098 3039 dimisit.
1114 2985 1220 3038 Tamen
1245 2991 1360 3056 propter
1372 2987 1433 3056 ejus
1444 2988 1562 3042 multam
1575 2988 1670 3054 iidem,
1686 2987 1781 3060 posuit

141 3091 217 3147 pace.
236 3075 346 3129 Extunc
367 3074 455 3145 igitur
473 3075 537 3146 plus
551 3075 708 3129 honorabat
722 3081 750 3129 et
764 3075 884 3146 hospitio
899 3092 942 3129 re·
983 3071 1081 3127 subtus
1096 3078 1222 3126 sanctam
1234 3064 1361 3129 mensam
1376 3075 1527 3145 ligaturam
1540 3076 1706 3147 quantitatis
1717 3076 1781 3131 auri
1884 3110 1888 3117 -

139 3162 264 3235 cipiebat
277 3162 440 3229 monachos,
464 3168 494 3216 et
506 3162 595 3218 bonos
613 3163 766 3218 aestimatos
778 3169 807 3217 et
834 3165 938 3219 malos:
982 3161 1143 3234 patriarcha
1151 3162 1180 3216 in
1194 3163 1317 3217 oratorio
1328 3161 1449 3217 cubiculi
1463 3165 1516 3231 sui,
1528 3169 1557 3218 et
1569 3164 1700 3236 synaxim
1713 3165 1781 3220 iecit

140 3256 168 3307 et
180 3250 341 3307 aedificabat
355 3268 419 3306 mox
433 3252 638 3307 xenodochium
653 3268 788 3319 seorsum,
803 3258 831 3307 et
845 3254 941 3325 appel·
983 3250 1079 3305 statim
1090 3250 1242 3321 perlectam
1255 3268 1409 3322 supeream
1417 3269 1468 3323 pro
1478 3252 1525 3307 illo
1536 3253 1584 3324 qui
1592 3252 1665 3307 hanc
1673 3251 1780 3308 obtule-

138 3339 208 3395 latit
217 3339 271 3394 hoc
283 3339 500 3410 Receptaculum
515 3341 641 3394 omnium
654 3340 866 3395 monachorum.
981 3345 1035 3405 rat,
1047 3339 1115 3394 satis
1126 3340 1291 3411 abundeque
1301 3341 1390 3394 Deum
1399 3358 1501 3411 rogans
1511 3346 1650 3412 quatenus
1656 3342 1780 3396 etlilium

172 3429 245 3484 Gar.
264 3428 362 3483 xxiv.
383 3459 416 3469 -
431 3429 602 3485 Mortalitatc
627 3430 778 3501 aliquando
800 3430 942 3485 civitatem
982 3429 1043 3499 ejus
1053 3429 1182 3494 salvaret,
1195 3434 1224 3482 et
1234 3444 1333 3482 navem
1341 3430 1503 3484 cumsalute
1512 3431 1669 3497 reduceret,
1681 3446 1780 3485 secun-

138 3516 405 3589 comprchendente,
429 3517 490 3572 ibat
512 3523 541 3572 et
563 3518 623 3590 ipse
637 3524 760 3585 sanetus,
782 3525 815 3574 ut
836 3519 942 3574 videret
982 3516 1049 3571 dum
1065 3517 1140 3587 quod
1164 3516 1255 3571 suerat
1270 3518 1428 3588 postulatus
1451 3517 1486 3572 ab
1499 3518 1555 3573 illo.
1572 3520 1699 3574 Necdum
1712 3535 1779 3589 ergo

137 3606 273 3661 funerum
282 3604 425 3677 obsequia.
437 3606 525 3660 Valde
540 3606 615 3661 enim
626 3606 735 3661 dicebat
744 3609 797 3662 hoc
807 3624 867 3662 esse
875 3624 941 3678 pro·
982 3605 1100 3676 triginta
1113 3605 1263 3660 transactis
1276 3605 1383 3673 diebus,
1395 3606 1542 3662 defunctus
1553 3607 1677 3664 estlilius
1691 3607 1780 3662 homi-
1847 3662 1850 3667 .

139 3695 257 3761 ficuum,
269 3699 300 3750 et
311 3696 505 3767 sepulcrorum
519 3697 781 3753 considerationem.
798 3698 941 3752 Multoties
982 3694 1026 3749 nis
1047 3694 1122 3749 illius
1137 3694 1184 3765 qui
1199 3694 1340 3750 obtulerat
1361 3702 1470 3766 septem
1484 3696 1570 3751 libras
1590 3703 1620 3752 et
1633 3696 1779 3752 dimidiam

138 3800 208 3840 vem
221 3783 363 3839 assidebat
377 3784 464 3839 ethis
479 3785 537 3855 qui,
561 3785 701 3850 morituri,
719 3785 895 3840 vexationem
911 3787 940 3840 in
981 3782 1162 3854 patriarcham
1174 3788 1203 3837 et
1217 3784 1247 3837 in
1259 3784 1345 3838 tertia
1359 3784 1405 3838 die
1419 3785 1519 3840 mortis
1527 3786 1618 3857 pueri,
1629 3785 1736 3858 recepit
1750 3791 1781 3841 et

138 3872 220 3928 exitu
233 3873 334 3927 animae
350 3872 531 3945 patiebantur
543 3891 549 3941 ;
562 3877 591 3927 et
598 3873 657 3944 ipse
669 3890 767 3928 eorum
775 3875 869 3929 oculos
879 3890 942 3944 pro-
982 3871 1075 3925 navim
1081 3888 1161 3926 suam
1167 3871 1339 3939 abdirica,in
1349 3890 1406 3944 qua
1415 3878 1511 3928 eratet
1520 3874 1608 3929 frater
1615 3891 1777 3945 germanus,

137 3961 211 4035 priis
224 3960 355 4017 manibus
368 3960 526 4029 claudebat,
540 3961 707 4017 naernoriam
724 3960 826 4016 habere
841 3979 873 4016 ex
888 3962 941 4017 hoc
982 3959 1109 4029 ejusdem
1117 3960 1168 4014 viri
1175 3961 1306 4016 creditor.
1317 3961 1351 4015 Et
1357 3961 1473 4016 veniens
1482 3963 1567 4032 juxta
1581 3962 1714 4030 Pharum,
1731 3980 1778 4017 re·

137 4051 344 4122 sempiternam
355 4051 459 4116 volens,
472 4056 602 4105 etcuram
614 4050 720 4122 proprii
730 4050 830 4105 exitus.
843 4050 940 4106 Praeci-
981 4047 1457 4119 tulitquomodonavisnaufragium
1463 4050 1620 4120 pertulit,et
1625 4050 1780 4121 perdiderit

136 4138 239 4213 piebat
251 4144 347 4195 autem
369 4146 398 4194 et
408 4139 584 4194 collectiones
597 4155 648 4211 pro
661 4139 800 4194 defunctis
819 4139 940 4211 impigre
982 4141 1072 4190 totum
1083 4153 1139 4206 quo
1149 4143 1210 4191 erat
1219 4138 1343 4207 plena,et
1351 4137 1488 4206 quodnon
1499 4139 1712 4192 essentsalvatae
1721 4137 1776 4191 nisi

138 4227 200 4297 (66)
219 4232 249 4283 et
261 4229 322 4283 siue
346 4228 432 4283 dubio
456 4230 601 4300 perlicere.
617 4228 727 4283 Etenim
742 4228 851 4283 dicebat
875 4224 1124 4314 quiaDanimae,et
1135 4226 1298 4295 unascapha
1305 4226 1476 4280 vacua.Cum
1486 4231 1587 4297 ergoet
1596 4226 1671 4281 hune
1680 4242 1777 4281 casum

136 4322 209 4373 ante
221 4333 341 4389 paucum
355 4323 468 4389 tempus
482 4318 608 4389 captivus
620 4316 719 4372 ductus
733 4321 777 4372 est
790 4317 826 4371 ad
841 4317 941 4371 Persas
982 4314 1124 4368 didicisset
1132 4314 1256 4368 evenisse
1269 4313 1322 4368 sibi
1330 4313 1460 4369 dominus
1469 4313 1548 4369 navis
1558 4320 1587 4369 et
1598 4319 1679 4387 pater
1685 4316 1776 4386 pueri,

137 4406 270 4480 quidam,
286 4412 315 4461 et
327 4407 498 4463 descendens
512 4407 542 4461 in
553 4405 706 4471 Persidem,
723 4411 850 4460 retrusus
860 4405 941 4460 estin
981 4402 1135 4457 secundum
1149 4402 1263 4456 verbum
1277 4404 1519 4475 Prophetaepaulo
1529 4403 1657 4458 minusin
1667 4402 1778 4461 inferno

137 4512 285 4552 carcerem
299 4496 347 4569 qui
361 4495 555 4569 appellabatur
579 4494 676 4561 Lethe,
692 4494 744 4547 hoc
759 4499 811 4559 est,
828 4493 939 4548 oblivio.
982 4490 1120 4546 habitavit
1134 4491 1229 4546 anima
1254 4492 1410 4563 ejus(Psal.
1429 4491 1522 4562 xciii),
1550 4493 1676 4547 nondum
1701 4493 1777 4548 enim

138 4585 266 4650 Quidam
287 4601 354 4657 ergo
374 4585 513 4656 fugientes
528 4583 615 4648 illinc,
630 4583 830 4653 venientesque
844 4581 873 4636 in
888 4583 941 4653 Cy·
981 4579 1162 4635 tribulatione
1172 4581 1222 4635 silii
1236 4580 1430 4641 suiexstincta,
1447 4581 1659 4652 comprehendit
1673 4599 1738 4637 eum
1748 4589 1778 4638 et

138 4690 239 4748 prum,
254 4678 283 4728 et
293 4673 461 4744 interrogati
475 4672 667 4744 aparentibus
682 4672 765 4735 illius,
782 4671 805 4725 si
819 4669 941 4725 forteri—
982 4668 1079 4738 navis;
1095 4670 1185 4724 relata
1198 4674 1265 4723 sunt
1278 4670 1373 4740 itaque
1387 4668 1482 4723 omnia
1495 4684 1557 4739 quae
1574 4669 1736 4725 acciderant
1750 4671 1777 4725 ei

136 4763 253 4820 dissent
268 4779 343 4830 eum,
358 4763 561 4834 respondentes
589 4760 723 4815 dixerunt
737 4761 786 4828 eis,
805 4760 872 4831 quia
890 4776 941 4815 nos
982 4757 1157 4830 patriarchae,
1173 4764 1280 4828 etpene
1289 4758 1443 4827 plusquam
1456 4756 1536 4827 isqui
1554 4757 1613 4812 haec
1627 4775 1777 4830 perpessus

137 4851 265 4925 propriis
279 4849 411 4905 manibus
425 4850 602 4922 sepelivimus
616 4865 691 4904 eum.
701 4850 867 4904 Nonautem
881 4854 943 4905 erat
982 4847 1075 4903 iuerat
1085 4848 1114 4902 in
1126 4846 1240 4901 tristitia
1248 4845 1419 4906 morabatur,
1431 4845 1551 4900 maxime
1560 4852 1676 4918 propter
1688 4847 1778 4904 silium

138 4940 240 4996 istede
249 4956 305 5011 quo
314 4938 528 5009 interrogabant
537 4937 647 5005 eos,sed
656 4937 728 4992 alius
737 4937 943 4993 indissimiliter
983 4938 1044 5007 ejus
1056 4936 1179 4990 unicum.
1190 4933 1322 4988 Nesciens
1332 4949 1399 5002 ergo
1408 4932 1680 5005 quidsaceret,rogat
1692 4936 1778 4991 mise·

138 5045 209 5085 cum
218 5028 355 5083 similans.
365 5028 574 5083 Dixeruntvero
584 5027 624 5081 eis
640 5033 669 5081 ct
679 5043 813 5092 mensem,
826 5033 854 5081 et
867 5026 940 5081 diem
981 5022 1780 5088 ricerdissimumDeum,utconsolareturvirumimmensa

137 5116 237 5173 obitus
243 5116 342 5188 ipsius.
351 5116 465 5172 lllivero
472 5122 609 5188 tanquam
618 5132 668 5187 pro
682 5120 794 5170 mortuo
806 5114 943 5170 iaciebant
982 5113 1087 5184 pietate
1097 5129 1158 5167 sua.
1171 5113 1330 5166 Convoeare
1345 5110 1420 5165 enim
1433 5117 1543 5179 enimet
1552 5114 1689 5168 consolari
1698 5114 1728 5168 in
1739 5114 1778 5168 ia-

137 5205 170 5261 ei
182 5211 242 5261 tres
254 5205 385 5261 collectas
399 5222 451 5277 per
467 5205 593 5277 singulos
613 5221 712 5260 annos.
740 5204 806 5259 Post
821 5209 942 5275 quatuor
982 5202 1024 5257 cie
1038 5207 1150 5257 sanctus
1165 5198 1365 5255 erubescebat:
1385 5206 1579 5257 verumtamen
1594 5202 1737 5257 mandavit
1751 5202 1777 5256 ei

137 5294 241 5367 itaque
254 5295 428 5350 annosvenit
437 5295 467 5350 in
481 5295 616 5367 Cyprum,
628 5293 696 5364 suga
704 5294 801 5364 lapsus
812 5293 940 5347 aPersis.
983 5289 1451 5361 utnullatcnusdesperaretueque
1461 5289 1606 5345 enimsine
1612 5291 1690 5360 justo
1699 5290 1777 5359 judi·
1852 5298 1856 5303 '

138 5382 284 5440 Dixemnt
300 5400 368 5456 ergo
381 5383 407 5438 ei
423 5384 480 5440 aui:
503 5384 583 5449 Vere,
608 5382 704 5449 frater,
721 5397 772 5436 nos
783 5380 943 5435 audivimus
984 5378 1026 5435 cio
1041 5380 1130 5435 Deum
1142 5379 1234 5434 facere
1248 5378 1416 5450 aliquid,scd
1435 5380 1530 5435 omnia
1540 5379 1569 5433 in
1585 5378 1718 5450 hocquod
1734 5393 1779 5430 ex·

334 5484 469 5548 Parnon.
485 5485 626 5550 Lxxlll.
1584 5479 1621 5543 12
