3818 6120
77 253 131 319 025
726 258 846 321 VERBA
865 256 1060 322 malaeum.
1667 243 1720 305 aas

78 386 195 440 extensa
206 383 279 439 dura
289 382 470 453 abstinentia,
483 401 549 441 nam
563 391 592 442 et
606 401 740 461 sequaces
754 389 816 460 ejus
836 389 911 453 lat
921 402 1030 453 sanare,
1040 383 1119 442 misit
1131 386 1195 456 post
1206 381 1300 455 ipsum
1311 382 1341 436 et
1348 373 1489 434 revocavit
1499 388 1574 431 eum.
1586 370 1640 439 Qui
1653 387 1730 430 curuv

77 470 159 529 ciam
168 472 427 546 hoc3quendoergo
437 473 752 533 discemimusdivinam
762 482 791 534 et
802 495 881 551 rega·
921 476 1052 544 venisset,
1066 490 1130 531 eum
1143 471 1248 545 gaudio
1262 470 1365 527 iterum
1380 464 1504 538 suscepit
1517 466 1624 530 eum‚et
1633 461 1721 521 inter·

76 560 135 618 lem
149 561 348 618 abstinentiam
361 581 379 618 a
389 564 538 636 tyrannica
551 571 637 639 atque
652 565 812 623 diabolica?
825 568 881 624 lla-
921 566 1031 638 rogavit
1041 582 1116 632 eum,
1136 563 1230 619 dicens
1240 577 1247 613 :
1258 561 1298 616 Ex
1320 573 1376 631 qua
1390 554 1533 630 provincia
1546 552 1597 609 esi
1616 551 1653 609 at
1672 549 1720 608 ille

76 651 213 713 bifestum
229 658 272 709 est
286 653 354 725 quia
374 654 508 710 mediocri
521 660 648 729 tempore
662 657 881 714 conversationis
921 657 1008 713 dixit:
1029 653 1178 727 AEgyptins
1193 667 1266 707 sum.
1278 650 1314 705 Et
1326 647 1396 704 dixit
1406 647 1450 702 ei:
1474 644 1563 716 Cujus
1576 637 1721 698 civitatis?

78 747 140 799 tuae
153 758 212 797 una
225 742 324 813 regula
332 742 435 814 jejunii
448 744 486 800 sit
499 743 561 800 tibi.
576 745 640 801 Non
654 745 748 802 subito
760 752 882 819 quatuor
920 745 955 802 Et
967 743 1131 817 respondit:
1146 741 1204 812 ligo
1218 738 1333 795 omniuo
1349 752 1407 791 non
1422 733 1463 792 tui
1478 732 1513 789 de
1526 730 1650 798 civitate,
1665 744 1718 787 nec

79 836 132 888 aut
144 831 267 905 quinque
277 830 337 887 dies
351 833 499 889 continuos
510 834 633 905 jejunas,
647 835 792 892 etiterum
806 835 881 891 mul·
922 832 1044 891 habitavi
1054 830 1205 905 aliquando
1215 829 1246 885 in
1254 826 1376 884 civitate.
1384 822 1494 881 Etdixit
1507 821 1547 878 ei:
1558 822 1720 892 Antequam

77 919 202 976 titudine
220 919 346 979 ciborum
366 922 448 978 solvis
462 922 597 979 virtutem
611 923 624 978 l
638 924 690 980 hoc
702 925 777 981 enim
791 925 881 982 laetiil-
921 923 1075 981 monachus
1090 938 1174 989 esses,
1185 917 1253 991 quid
1266 913 1427 990 operabaris
1436 912 1466 969 in
1480 910 1654 985 possessione
1663 924 1721 984 qua

77 1014 126 1065 eat
144 1007 296 1065 diabolum·
313 1010 430 1084 Semper
443 1010 518 1067 enim
529 1011 812 1085 quodsinemensura
824 1020 879 1082 est,
921 1010 1178 1071 manebasllltille
1189 1006 1351 1081 respondit:
1366 1005 1467 1061 Custos
1481 1018 1559 1058 eram
1574 1014 1719 1072 agrorum.

76 1097 262 1171 corruptibile
276 1104 328 1155 est.
337 1099 401 1155 Noli
415 1117 482 1172 ergo
491 1101 584 1158 subito
594 1108 733 1159 armatus
745 1104 881 1177 expende-
922 1103 959 1160 Et
968 1102 1037 1158 dicit
1044 1101 1085 1158 ei:
1105 1098 1160 1157 Ubi
1172 1094 1349 1154 dormiebas?
1362 1090 1530 1165 Respondit:
1548 1089 1583 1146 ln
1594 1105 1673 1161 agro.
1684 1087 1722 1145 Et

79 1204 123 1256 re,
137 1204 174 1244 ne
187 1187 280 1244 nudus
294 1188 426 1246 inventus
440 1190 553 1246 inbelle
564 1191 772 1267 iacilecapiaris
784 1212 790 1263 ;
802 1210 882 1249 arma
921 1192 1007 1249 dixit:
1031 1187 1161 1248 Habebas
1177 1184 1284 1260 aliquid
1297 1182 1427 1240 stratusl
1440 1181 1476 1238 Et
1485 1177 1644 1253 respondit:
1661 1177 1720 1249 ligo

79 1293 149 1337 vero
162 1282 260 1334 nostm
272 1295 375 1351 corpus
388 1284 516 1337 nostrum
529 1286 581 1348 est,
597 1281 691 1338 anima
705 1299 770 1341 vero
784 1288 881 1340 nostm
920 1279 1119 1353 inagrohabui
1128 1271 1430 1334 haberestramentain
1440 1269 1542 1345 quibus
1551 1265 1718 1325 dormireml

77 1365 162 1422 miles
176 1372 229 1424 est.
242 1368 375 1442 Utrisque
391 1385 457 1442 ergo
468 1369 643 1442 diligentiam
657 1377 769 1445 praesta,
783 1379 817 1430 ut
832 1390 880 1447 pa·
920 1372 957 1429 Et
969 1371 1057 1430 dixit:
1081 1370 1117 1427 Et
1143 1367 1283 1441 quomodo
1297 1360 1478 1422 dormiebas?
1494 1357 1666 1434 Respondit:
1687 1357 1721 1415 ln

79 1461 160 1513 retus
173 1456 212 1513 sis
223 1456 261 1512 ad
275 1458 304 1514 id
319 1459 394 1530 quod
409 1475 522 1517 neeesse
536 1465 588 1517 est.
919 1465 997 1519 terra
1005 1459 1137 1519 nudabit
1145 1458 1231 1515 dixit:
1243 1455 1317 1523 Quid
1331 1450 1520 1510 manducabas
1534 1451 1565 1506 in
1579 1464 1660 1520 agro·
1671 1451 1722 1503 ⁸1¹ss

116 1543 162 1603 73.
187 1547 333 1604 Venerunt
350 1547 502 1621 aliquando
525 1550 581 1605 duo
595 1534 677 1606 senes
698 1551 734 1608 de
752 1552 880 1625 partibus
920 1551 1003 1623 quale
1017 1550 1114 1606 vinum
1121 1547 1255 1605 bibebas?
1272 1547 1379 1603 Iterum
1394 1539 1554 1615 respondit:
1571 1538 1639 1604 Qua
1652 1539 1721 1596 suut

81 1634 190 1693 Pelusii
203 1635 239 1692 ad
254 1636 426 1694 abbatissam
437 1639 546 1695 Seram.
563 1640 598 1696 Et
611 1657 676 1697 eum
689 1642 877 1711 ambularent,
920 1656 991 1697 esea
1005 1644 1056 1696 aut
1065 1638 1157 1713 qualis
1170 1642 1254 1712 potus
1272 1636 1302 1692 in
1316 1631 1405 1706 agro?
1419 1631 1455 1687 Et
1468 1628 1557 1687 dixit=
1573 1625 1719 1693 0⁰0ffl0d⁰

79 1723 213 1781 dicebant
226 1726 262 1780 sd
278 1726 417 1784 invicem:
440 1729 629 1786 llumiliemus
647 1732 771 1787 vetulam
784 1732 878 1789 istem.
889 1719 987 1803 Berge
998 1728 1132 1786 vivebas?
1149 1725 1315 1800 Respondit:
1329 1718 1534 1780 Manducabssm
1547 1732 1651 1791 Panem
1663 1714 1719 1771 ⁸³⁰·

79 1812 116 1871 a:
130 1813 228 1870 dicunt
235 1814 260 1870 ei
272 1833 278 1869 :
294 1816 365 1873 Vide
380 1833 415 1873 ne
425 1819 575 1875 extollatur
587 1820 699 1877 unimus
709 1825 785 1891 tuus,
802 1827 831 1878 et
839 1821 880 1878 di·
920 1836 995 1885 cum,
1011 1824 1040 1875 et
1055 1819 1079 1874 si
1091 1815 1267 1874 inveniebam
1279 1813 1465 1888 quodcunque
1479 1809 1516 1865 de
1527 1803 1715 1872 mbementis,

79 1919 146 1958 eas:
164 1903 237 1971 Quia
252 1921 314 1961 eece
338 1906 456 1963 solitarii
477 1908 529 1964 viri
543 1910 660 1965 veniunt
687 1911 722 1967 ad
741 1928 797 1979 me,
817 1930 879 1985 quae
919 1914 949 1964 et
962 1907 1093 1965 bibebam
1113 1905 1265 1980 aquamlit
1282 1903 1353 1960 dixit
1365 1916 1452 1958 senex
1468 1910 1475 1946 τ
1491 1894 1612 1954 Grandis
1625 1892 1719 1951 labor·

79 1987 183 2044 mulier
192 2005 266 2044 sum.
283 1989 318 2044 Et
327 1989 397 2046 dixit
409 1990 449 2046 eis
462 1991 605 2049 abbatissa
618 1995 701 2050 Sara:
724 1996 797 2052 Sexu
816 1997 879 2069 qui·
919 1997 955 2053 Et
963 1998 1034 2054 dixit
1042 1998 1125 2054 :Erat
1137 1996 1177 2054 ibi
1187 1995 1232 2052 vel
1245 1993 1378 2050 balneum
1386 1989 1417 2045 in
1427 1986 1612 2062 possessione,
1621 1982 1671 2039 ubi
1679 1982 1720 2039 la·

79 2077 146 2135 dem
158 2076 260 2134 mulier
272 2094 345 2149 sum,
358 2081 407 2136 sed
421 2098 478 2138 non
492 2083 597 2140 animo.
920 2086 1046 2143 vareris?
1060 2075 1097 2144 Et
1106 2085 1154 2142 ille
1167 2083 1254 2144 dixit:
1267 2083 1341 2149 Nou,
1353 2078 1403 2135 sed
1421 2077 1451 2134 in
1466 2071 1716 2138 fluminelavabar,

116 2166 160 2224 ll.
171 2168 278 2225 lterum
292 2168 363 2225 dixit
376 2169 519 2228 abbatissa
544 2173 626 2229 Sara:
644 2173 673 2230 Si
695 2191 847 2248 poposcero
862 2192 880 2231 a
920 2178 1032 2251 quando
1046 2176 1184 2234 volebam.
1201 2176 1273 2232 Cum
1287 2189 1354 2245 ergo
1364 2171 1424 2228 haec
1437 2165 1578 2225 omumsb
1587 2181 1621 2223 0⁰
1634 2178 1721 2222 senex

79 2255 139 2312 Deo
150 2261 184 2313 ut
196 2273 293 2314 omnes
308 2259 437 2316 homines
452 2261 626 2319 edificentur
638 2263 668 2320 in
681 2281 736 2333 me,
753 2264 879 2321 invenior
919 2268 1100 2340 responsione
1116 2268 1177 2339 ejus
1192 2264 1341 2337 exegisset,
1366 2267 1396 2317 et
1413 2258 1590 2332 cognovisset
1601 2255 1719 2313 modum

80 2349 147 2400 ante
167 2346 271 2418 januas
291 2347 467 2421 singulorum
488 2351 680 2423 poenitentiam
696 2370 799 2425 agens,
829 2353 878 2409 sed
919 2345 1716 2431 priorisvitaeejusatquelaboris,volenseumprolicere,

79 2434 171 2508 magis
191 2452 241 2491 oro
259 2442 292 2493 ut
309 2454 358 2492 cor
371 2456 467 2495 meum
480 2457 544 2496 cum
563 2441 694 2499 omnibus
712 2459 815 2515 purum
829 2444 876 2500 sit.
919 2447 1045 2505 narravit
1056 2446 1083 2501 ei
1104 2462 1186 2502 suam
1199 2444 1286 2500 vitam
1304 2440 1587 2516 praenumerata
1598 2433 1720 2492 babebat

115 2522 161 2583 75.
183 2524 260 2581 Dixit
274 2525 359 2583 abbas
388 2529 588 2603 Hyperiehius:
611 2532 662 2589 Illo
683 2538 726 2589 est
745 2550 809 2589 vere
831 2550 878 2590 sa·
917 2553 982 2593 cum
996 2541 1071 2593 esset
1083 2533 1234 2602 secularis,
1250 2533 1362 2588 timens:
1375 2531 1421 2588 lle
1434 2527 1568 2586 misarum
1583 2541 1668 2598 ‘luem
1680 2523 1721 2580 Vi*

80 2612 172 2687 piens,
189 2615 373 2686 quilaotosuo
387 2619 469 2676 docet
480 2621 560 2689 alios,
576 2638 633 2678 non
649 2623 697 2695 qui
711 2622 812 2680 verbis.
903 2626 978 2694 des,
994 2626 1030 2682 de
1038 2642 1143 2697 magna
1155 2624 1205 2680 illa
1217 2622 1329 2679 civitate
1335 2622 1426 2679 Roma
1434 2634 1509 2686 sum,
1517 2614 1625 2674 habens
1634 2613 1720 2687 inpa-

115 2700 161 2759 76.
187 2704 268 2761 Venit
281 2706 433 2778 aliquando
452 2711 605 2766 monachus
624 2711 739 2784 quidem
754 2713 790 2768 ab
808 2711 878 2770 urbe
918 2715 986 2772 latio
1000 2715 1156 2772 maximum
1169 2715 1261 2770 locum
1275 2711 1351 2786 apud
1366 2710 1576 2783 imperatorem.
1599 2704 1718 2765 Etcum

79 2790 233 2865 Roma,qui
246 2794 275 2849 in
289 2795 394 2867 palatio
408 2813 544 2870 magnum
556 2800 648 2857 locum
660 2800 768 2869 habuit,
783 2807 812 2857 et
826 2802 877 2857 ha·
918 2803 1195 2878 audissetAEgyptins
1203 2802 1286 2860 initia
1299 2799 1449 2856 verborum
1455 2799 1527 2869 ejus,
1534 2797 1722 2866 componens·

79 2879 226 2938 bitabatin
236 2883 334 2956 scythi
343 2885 520 2945 invicinitate
534 2890 672 2959 ecelesiae;
691 2889 813 2947 habebat
825 2908 877 2948 au·
920 2899 972 2963 est,
989 2899 1018 2950 et
1030 2893 1148 2950 sollicite
1160 2910 1222 2965 quae
1240 2889 1406 2947 dicebantur
1418 2885 1560 2944 audiebat.
1573 2881 1720 2940 Etillesd·

77 2973 139 3026 tem
151 2987 342 3030 semmurum
357 2993 467 3032 servum
479 2979 528 3051 qui
539 2979 719 3037 ministrabat
727 2981 763 3036 ei.
775 2981 880 3039 Videns
917 2983 985 3055 jecit
1000 3003 1008 3037 z
1024 2983 1137 3056 Reliqui
1154 2999 1221 3054 ergo
1235 2982 1356 3038 Βοῐιιιιιιι
1374 2983 1404 3035 et
1415 2976 1479 3032 veni
1493 2975 1525 3032 in
1538 2972 1719 3030 solitudinem

77 3065 176 3117 autem
189 3061 338 3136 presbyter
352 3067 474 3123 ecelesiae
489 3068 684 3126 infirmitatem
705 3072 776 3143 ejus,
791 3076 820 3127 et
832 3079 910 3144 co·c
920 3073 1014 3129 istam.
1025 3073 1061 3128 Et
1076 3072 1180 3128 iterum
1195 3070 1284 3127 dixit:
1297 3070 1343 3125 lle
1357 3083 1442 3141 quem
1456 3064 1543 3132 vides,
1563 3060 1650 3119 habui
1668 3060 1719 3117 do·

77 3165 219 3221 gnosoens
241 3152 357 3225 quiade
371 3156 479 3212 deliciis
501 3164 576 3214 esset
588 3158 631 3213 vir
642 3158 699 3228 ille,
715 3159 744 3215 id
759 3160 834 3232 quod
850 3160 877 3216 ei
917 3178 1104 3234 mosmagnas
1115 3166 1144 3217 et
1156 3159 1290 3234 pecunias
1300 3157 1413 3224 multas,
1426 3160 1456 3211 et
1466 3158 1716 3216 cartennensem,

76 3234 216 3299 Dominus
229 3242 361 3312 donabat,
382 3246 423 3301 vel
439 3247 513 3318 quod
537 3247 567 3303 in
582 3248 728 3305 ecclesiam
742 3248 875 3318 intrabat,
917 3252 981 3307 veni
991 3252 1022 3307 in
1035 3248 1355 3324 istamparvamcellam.
1369 3247 1476 3304 lterum
1490 3242 1572 3298 dixit:
1583 3240 1717 3312 llequem

76 3329 455 3400 hammittebatei.Quicum
465 3335 878 3411 fecissetisic)vigintiquinque
919 3341 1006 3410 vides,
1021 3341 1109 3397 lectos
1122 3340 1238 3397 vestitos
1247 3355 1281 3394 ex
1292 3353 1363 3395 auro
1376 3333 1473 3402 habui,
1493 3331 1630 3390 habentos
1649 3344 1715 3402 pre·

77 3415 162 3472 annm
175 3416 205 3473 in
221 3419 327 3493 Scythi,
342 3422 433 3480 factus
447 3429 490 3480 est
499 3425 541 3480 vir
551 3427 773 3499 comtempletur,
782 3428 879 3501 praevi·
918 3430 1072 3486 tiosissims
1089 3433 1260 3498 straruenta;
1274 3432 1303 3483 et
1320 3442 1372 3500 pro
1386 3424 1430 3481 his
1455 3421 1534 3480 dedit
1551 3419 1622 3478 milvi
1642 3418 1718 3475 Deus

77 3506 148 3566 dene
157 3511 362 3568 etnominatus.
371 3513 598 3571 Audiensautem
606 3517 880 3590 quidamdemagnis
919 3524 1106 3576 stramentum
1119 3520 1173 3576 hoe
1185 3519 1221 3574 de
1235 3533 1342 3591 papyro
1356 3520 1386 3572 et
1397 3515 1471 3571 hauc
1483 3512 1595 3586 pellem.
1621 3507 1719 3568 Sedet

77 3601 224 3659 monachis
245 3603 385 3675 AEgyptiis
405 3603 567 3677 opinionem
589 3607 661 3678 eius,
681 3607 757 3662 venit
781 3607 876 3664 videre
916 3615 1008 3666 vestes
1017 3627 1087 3666 meae
1100 3606 1289 3666 inestimabili
1301 3604 1392 3680 pretio
1407 3605 1498 3677 digne
1514 3604 1606 3668 erarii,
1622 3602 1651 3655 et
1666 3613 1717 3671 pro

77 3707 274 3765 eum,sperans
284 3694 458 3765 corporalem
471 3696 709 3753 conversationem
723 3697 787 3769 plus
801 3697 877 3770 apud
917 3698 962 3754 his
976 3703 1042 3755 utor
1054 3697 1105 3753 has
1120 3697 1188 3753 viles
1202 3695 1344 3752 rescellas.
1359 3694 1468 3751 lterum
1481 3689 1567 3750 dixit:
1578 3689 1612 3745 ln
1628 3700 1716 3760 pran-

76 3796 143 3836 eum
154 3781 272 3836 arduam
287 3781 421 3838 invenire.
439 3784 493 3849 Qui
507 3800 571 3840 cum
583 3785 727 3854 intrasset,
743 3787 877 3843 salutavit
917 3788 964 3844 dio
975 3804 1038 3843 meo
1048 3786 1171 3858 multum
1180 3785 1242 3844 auri
1250 3782 1478 3857 expendebatur;
1490 3785 1519 3837 et
1527 3794 1579 3852 pro
1586 3777 1635 3835 illo
1647 3773 1720 3833 mibi

77 3886 159 3939 eum;
173 3875 305 3938 etmu
317 3871 449 3928 iacientes
458 3874 615 3930 orationem
626 3875 876 3954 sederuntliidons
918 3877 997 3944 dedit
1006 3876 1116 3933 modica
1130 3876 1208 3933 olera
1230 3875 1289 3932 hac
1308 3879 1339 3930 et
1351 3872 1501 3947 parvulum
1515 3868 1632 3926 calicem
1646 3864 1715 3922 vini.

76 3964 174 4016 autem
189 3961 337 4034 AEgyptius
346 3963 479 4019 vestitum
487 3963 617 4019 mollibus
632 3963 763 4031 rebus,et
772 3964 877 4022 budam
916 3968 1005 4024 Erant
1017 3971 1114 4023 autem
1128 3964 1214 4038 etqui
1225 3963 1384 4021 serviebant
1394 3961 1465 4019 mihi
1478 3957 1593 4034 plurimi
1604 3955 1720 4024 serviet

76 4047 113 4105 de
127 4065 243 4122 papyro,
255 4055 284 4106 et
297 4052 397 4124 pellem
413 4057 532 4108 suetam
544 4053 597 4109 sub
609 4054 679 4126 ipso,
694 4060 723 4110 et
734 4054 876 4111 modicum
917 4073 980 4112 ecce
990 4072 1042 4130 pro
1056 4056 1113 4111 illis
1127 4054 1176 4110 nni
1189 4053 1236 4110 isti
1249 4053 1386 4111 Dominus
1394 4048 1567 4123 compunxit,
1584 4051 1617 4103 ut
1629 4044 1717 4102 servi·

77 4137 198 4211 capitale
212 4139 247 4195 de
260 4140 427 4215 carticaffit)
440 4142 492 4198 sub
504 4149 588 4216 caput
603 4145 674 4215 ejus,
685 4144 734 4200 sed
749 4149 777 4200 et
790 4144 876 4216 pedes
916 4151 961 4203 ret
974 4145 1054 4201 milri,
1068 4145 1123 4200 Pro
1141 4144 1242 4200 balneo
1254 4146 1349 4199 nutem
1363 4139 1500 4213 perfundo
1518 4136 1627 4193 modice
1637 4151 1717 4208 aquae

78 4227 200 4284 mundos
214 4229 366 4286 habentem
387 4248 451 4287 curn
466 4232 602 4304 caligulis,
618 4234 822 4290 scandalizatus
833 4240 877 4291 ost
916 4236 1002 4309 pedes
1016 4250 1105 4302 meos,
1121 4238 1150 4290 et
1157 4232 1285 4304 caligulis
1303 4236 1369 4287 utor
1389 4232 1505 4303 propter
1521 4224 1717 4282 infirmitatem

77 4317 156 4374 intra
169 4334 200 4374 se
210 4319 245 4374 de
255 4337 299 4387 eo,
308 4320 375 4393 quia
384 4320 415 4376 in
425 4321 486 4377 loco
496 4321 544 4377 illo
560 4329 690 4379 uenerat
703 4323 876 4380 consuetudo
917 4342 1020 4381 meam.
1032 4324 1068 4380 Et
1080 4339 1179 4379 rursus
1187 4338 1238 4395 pro
1246 4320 1361 4377 calamis
1370 4323 1399 4376 et
1411 4318 1521 4374 cithara
1532 4315 1576 4372 vel
1586 4313 1641 4370 alio
1651 4329 1715 4370 mu-

78 4407 176 4463 taliter
188 4409 380 4477 conversandi,
396 4410 446 4466 sed
459 4411 548 4482 magis
562 4413 663 4468 duram
679 4406 974 4471 abstinentiamDsico
989 4431 1082 4487 opere,
1104 4429 1159 4484 quo
1175 4409 1337 4467 delectabar
1349 4409 1380 4466 in
1397 4405 1530 4464 conviviis
1548 4403 1628 4471 mas,
1652 4402 1716 4460 dieo

78 4495 183 4552 hebere
198 4501 607 4558 consueverant.Senexautem
617 4501 663 4557 ille
673 4503 816 4559 Romanus
825 4503 877 4559 ha·
917 4504 989 4561 mihi
999 4501 1145 4560 duodecim
1152 4501 1276 4574 psalmos
1285 4499 1316 4556 in
1324 4500 1381 4568 die,
1389 4504 1418 4555 et
1428 4494 1713 4554 duodeciminnocte.

78 4582 149 4640 bens
173 4588 439 4660 contemplationem
462 4590 519 4645 sive
542 4591 729 4664 praevidentiae
742 4592 876 4664 gratiam,
918 4593 1015 4650 Sedet
1028 4609 1079 4666 pro
1094 4590 1378 4665 pomationemque
1394 4592 1460 4645 ante
1470 4584 1617 4652 faciebam,
1631 4581 1716 4639 modo

78 4673 219 4731 intellexit
226 4676 293 4747 quia
306 4678 511 4735 scandalizatus
520 4686 564 4736 est
578 4680 692 4737 intrase
703 4681 777 4738 deco
790 4683 877 4755 AEgy·
918 4700 982 4739 cum
991 4682 1089 4756 requie
1106 4680 1222 4738 exhibeo
1233 4695 1352 4754 pervum
1364 4684 1393 4736 et
1410 4675 1511 4735 inutile
1525 4671 1716 4732 ministerium

78 4764 155 4836 ptius
166 4767 330 4834 monachus,
338 4772 367 4822 et
377 4768 446 4823 dicit
454 4769 583 4825 ministro
589 4787 639 4826 suo
652 4790 658 4825 z
671 4771 726 4827 Fac
741 4771 821 4827 nobis
830 4772 879 4827 ho-
919 4772 983 4829 Deo.
1002 4773 1074 4828 Vide
1092 4789 1160 4844 ergo
1178 4776 1216 4839 te,
1231 4768 1313 4837 abba,
1328 4775 1361 4825 ut
1374 4784 1431 4824 non
1442 4762 1640 4824 scandalizeris
1653 4778 1717 4836 pro·

78 4853 125 4908 die
139 4859 254 4927 propter
265 4854 395 4913 abbatem
407 4857 455 4930 qui
468 4859 552 4930 venit,
570 4858 673 4916 bonam
688 4861 773 4916 diem.
784 4861 820 4917 Et
833 4877 879 4918 co·
917 4869 981 4936 pter
993 4863 1188 4918 infirmitatem
1196 4876 1299 4921 meam.
1312 4859 1346 4915 Et
1365 4859 1425 4914 aec
1435 4856 1553 4913 audens
1562 4852 1715 4927 AEgyptius

78 4943 121 4997 xit
132 4959 219 5016 parva
232 4946 309 5001 olera
318 4963 380 5018 quae
391 4946 521 5013 habebat,
534 4953 717 5021 etsurgentes
725 4951 794 5007 hora
803 4968 878 5007 com·
918 4952 1229 5025 etqueinsemetipsura
1240 4965 1378 5016 reversus,
1394 4946 1481 5004 dixit:
1494 4947 1543 5002 Vae
1552 4945 1633 5013 milri,
1648 4943 1716 5017 quia

78 5032 187 5104 petenti
202 5035 402 5091 comederunt:
419 5036 612 5094 habuitetiam
624 5045 652 5095 et
666 5040 806 5097 modicum
819 5042 877 5099 vini
919 5059 970 5115 ege
993 5043 1028 5098 de
1041 5043 1131 5098 multa
1144 5039 1326 5098 tribulatione
1338 5043 1368 5093 et
1378 5037 1500 5110 plurimo
1511 5035 1608 5093 labore
1621 5033 1717 5092 smodi

79 5127 198 5194 propter
219 5123 414 5182 infirmitatem
434 5144 524 5195 suam,
547 5133 576 5184 et
596 5129 663 5186 illud
685 5129 825 5188 biberunt.
842 5133 878 5188 Et
918 5133 1053 5204 magisad
1066 5131 1274 5206 repausandum
1284 5130 1313 5186 in
1331 5127 1573 5186 conversationem
1584 5124 1715 5186 monachi

77 5226 142 5267 cum
157 5211 262 5270 iactum
278 5221 352 5270 esset
366 5233 490 5289 vespere,
504 5218 635 5275 mserum
648 5219 794 5276 duodecim
803 5222 877 5294 psal·
916 5221 991 5290 veni,
1003 5227 1033 5278 et
1054 5222 1129 5295 quod
1141 5237 1197 5277 uon
1210 5217 1347 5280 habebam
1361 5224 1438 5286 tune,
1457 5219 1542 5274 modo
1557 5216 1665 5286 habeo:
1681 5219 1714 5274 tu

76 5317 148 5367 mos,
165 5307 194 5358 et
207 5302 400 5374 dormierunt,
418 5305 548 5362 similiter
562 5313 657 5364 antem
671 5315 700 5365 et
714 5312 877 5368 noctesur-
918 5317 1013 5369 autam
1028 5311 1119 5368 multa
1133 5327 1167 5366 ex
1179 5309 1364 5367 delectatione
1381 5308 1476 5367 seculi
1492 5308 1637 5367 voluntate
1648 5321 1711 5378 pro·

74 5408 145 5462 gens
164 5396 260 5449 autem
281 5410 364 5449 mane
377 5395 526 5468 AEgyptius
536 5397 606 5453 dixit
616 5398 658 5455 ei:
676 5399 733 5455 Ora
747 5417 799 5474 pro
818 5418 875 5458 me.
918 5402 980 5475 pria
998 5402 1028 5458 in
1037 5400 1248 5459 tribulationem
1257 5400 1369 5467 venisti,
1381 5404 1411 5456 et
1422 5414 1456 5457 ex
1465 5400 1556 5457 multe
1563 5395 1655 5469 gloria
1672 5397 1714 5450 et-

76 5479 246 5553 Etegressus
255 5488 374 5551 estnon
387 5485 541 5543 {edificatus
554 5487 584 5543 in
594 5504 637 5546 eo.
653 5488 761 5546 Etcum
775 5492 878 5563 paulu·
919 5508 973 5564 que
982 5491 1088 5547 divitiis
1097 5489 1199 5546 venisti
1207 5490 1238 5546 in
1249 5489 1440 5550 humilitatem
1459 5493 1488 5544 et
1505 5487 1713 5560 paupertatem·

77 5566 138 5629 lam
162 5570 345 5646 discessisset,
361 5575 457 5637 volens
474 5592 539 5638 eum
560 5577 608 5637 illo
627 5594 713 5639 senex
734 5580 877 5642 munaus
918 5581 958 5642 lix
972 5597 1027 5658 quo
1046 5581 1325 5656 multumproneiem
1338 5579 1475 5651 meast,
1490 5573 1713 5636 ctlxctmestei
