3832 6120
128 310 183 370 ῺῚ
353 315 438 369 vira
457 314 678 370 SANC'PORUM
696 314 858 370 ueterum
878 312 1099 369 rarissimum
1119 313 1164 366 ur
1182 302 1349 365 AS'l'lONlS
1368 306 1545 362 MONAOlll.
1711 302 1766 366 ³98

129 444 210 501 aare,
223 441 253 490 et
264 436 350 507 hujus
363 440 514 494 verissima
529 441 626 494 matris
636 450 690 494 tuae
705 441 792 494 ubera
807 457 875 510 suge
886 459 892 504 ;
904 443 962 499 etl
974 447 1155 505 devonerunt,
1179 444 1225 498 vua
1241 445 1333 497 nulius
1347 448 1408 497 evat
1423 443 1469 514 qui
1484 460 1531 497 eos
1548 443 1591 497 vel
1605 458 1702 498 comm
1717 452 1768 517 pa-

130 526 315 596 noquiesceus
329 529 538 595 monitionibus,
549 547 719 601 respuequae
730 530 758 583 in
772 530 932 584 hoesaeculo
974 536 1059 589 triam
1076 541 1169 606 posset
1178 550 1338 603 agnoscere.

131 615 276 678 videntur,
292 622 324 670 ut
338 618 393 671 illis
406 617 462 670 frui
483 619 627 683 merearis,
645 636 705 689 quae
726 620 754 672 in
769 619 863 673 lutura
879 619 933 671 vita
1012 623 1076 676 Car.
1095 622 1144 676 Vll
1149 662 1154 672 .
1165 655 1191 663 --
1204 621 1294 692 Igitur
1304 638 1366 674 erim
1381 623 1452 675 harre
1462 628 1587 677 sanctam
1597 623 1692 696 lugam
1705 622 1770 679 bea«

131 707 194 759 suis
207 705 272 759 siliis
285 722 315 759 se
330 707 403 760 Deus
415 707 576 776 repromisit
590 708 704 760 donare.
728 709 781 762 Sed
798 714 933 761 circium
975 709 1077 764 tissimi
1094 710 1145 762 viri
1161 717 1378 780 perpetrassent,
1396 716 1539 781 ceperunt
1557 717 1688 783 parentes
1703 729 1769 767 san·

133 795 250 849 Patrem
267 802 394 849 nostrum
404 796 469 849 audi
479 796 619 850 dicentem
633 814 638 849 :
654 797 700 850 Exi
712 798 745 850 de
754 802 831 850 terra
839 801 897 857 tua,
907 802 935 849 et
976 799 1013 852 cti
1027 799 1150 853 llstionis
1162 815 1212 869 per
1226 798 1335 852 diversa
1349 799 1410 852 loca
1424 816 1487 853 eum
1504 800 1655 871 requirere,
1671 808 1700 856 et
1723 819 1769 856 uo·

130 885 352 955 decognatione
373 891 432 950 tua,
449 891 477 939 et
496 886 604 939 veniin
623 887 700 939 illam
720 892 834 945 terram,
851 902 934 956 quam
977 904 1041 942 men
1063 889 1133 957 ejus,
1164 887 1219 940 huc
1242 887 1362 957 illucque
1387 888 1583 954 discurrentes
1601 908 1662 944 cum
1684 890 1771 946 nimio

132 975 366 1029 demonstravero
382 974 433 1028 tibi
447 974 520 1037 [Gerr.
538 976 600 1042 x11i3
618 975 645 1028 in
659 981 763 1028 terram
777 975 883 1028 scilicet
895 976 935 1027 vi·
977 994 1097 1030 murore
1110 976 1274 1032 inclamare.
1287 976 1431 1047 Siquidem
1445 980 1591 1047 paterejus
1606 977 1772 1034 vociferaba-

132 1063 453 1131 ventium,etrcgionem
465 1068 639 1117 sanctorum:
650 1065 680 1116 in
691 1068 795 1117 terram
803 1065 936 1117 liuentem
977 1070 1032 1126 tur,
1049 1065 1143 1119 diceus
1160 1085 1165 1118 z
1183 1065 1235 1119 Fili
1250 1063 1418 1127 dulcissime,
1436 1071 1464 1120 et
1484 1067 1598 1120 unicum
1621 1064 1716 1122 nieum¹
1728 1069 1772 1141 pi-

132 1151 251 1206 lacteat
271 1154 362 1215 melle,
388 1153 484 1217 idest,
509 1153 537 1205 in
562 1153 937 1223 doctriuaapostolorumet
977 1155 1170 1225 gnushstion
1192 1154 1363 1217 charissime,
1380 1154 1446 1225 quid
1470 1155 1521 1208 tibi
1545 1156 1648 1209 factum
1664 1163 1714 1221 est,
1730 1159 1772 1212 vel
1819 1152 1825 1164 ’

134 1242 350 1312 prophetarum.
364 1242 476 1295 Etcum
491 1243 691 1312 universaquae
705 1241 755 1295 tibi
766 1248 936 1312 praeceperat
977 1244 1067 1315 qualis
1077 1244 1141 1297 tera
1150 1250 1178 1297 te
1193 1242 1285 1296 subito
1295 1244 1444 1304 devoravit,
1454 1250 1485 1298 ut
1493 1261 1543 1298 nec
1557 1261 1658 1314 parrum
1669 1243 1774 1316 aliquid

134 1330 302 1402 expleveris,
317 1336 386 1384 tunc
398 1331 491 1384 tradet
510 1332 699 1400 possessiones
718 1331 850 1401 paradisi,
867 1346 935 1401 pan-
978 1332 1160 1403 reliquiarum
1175 1338 1290 1386 tuarum
1307 1333 1445 1402 potuerim
1461 1333 1608 1404 reperire?
1622 1332 1645 1388 0
1659 1333 1774 1389 baculus

134 1419 186 1474 det
196 1418 248 1472 tibi
261 1426 439 1472 sacramenta
448 1419 582 1486 celestia,
591 1419 793 1487 dcvnabitregui
804 1418 937 1472 emiorum
979 1421 1129 1475 senectutis
1144 1439 1222 1486 urere,
1240 1429 1268 1475 et
1281 1421 1417 1475 viseerum
1429 1439 1555 1476 meorum
1567 1424 1673 1488 lumen,
1688 1423 1734 1478 ubi
1747 1429 1775 1478 te

136 1508 673 1580 glomumdemonstrabitapostolorum
690 1509 855 1562 immensam
869 1508 937 1561 laeti·
977 1512 1036 1582 Jam
1051 1511 1169 1564 ulterius
1184 1511 1326 1580 requiram
1338 1510 1437 1574 neseio,
1451 1518 1479 1565 et
1493 1511 1521 1565 in
1536 1527 1619 1582 quam
1632 1513 1775 1583 regionem

136 1598 380 1668 tiam,mnrtyrum
395 1598 504 1659 choros,
517 1598 679 1666 angelorum
691 1604 775 1668 atque
788 1598 939 1666 areliange·
979 1605 1134 1671 propterte
1149 1616 1225 1652 meos
1243 1598 1351 1653 mittam
1371 1600 1489 1653 larnulos
1512 1599 1618 1670 ignoro.
1635 1601 1677 1655 'l'u
1701 1599 1774 1655 euim

138 1686 232 1740 lomm
246 1686 773 1756 frequentiamsapiusdoclar·abit.Scd
787 1686 939 1756 superhaec
979 1706 1041 1742 eras
1062 1687 1137 1741 urbis
1154 1688 1238 1758 hujus
1258 1688 1459 1758 pretiosissima
1480 1688 1642 1758 margarita,
1659 1695 1689 1742 tu
1702 1689 1776 1743 inter

139 1776 245 1840 omnia,
254 1784 287 1828 ut
298 1776 387 1829 filium
402 1783 431 1828 et
444 1776 559 1829 fratrem
573 1782 600 1829 te
612 1776 664 1829 sibi
681 1775 859 1845 pergratiam
873 1775 938 1827 ado·
948 1756 1042 1832 Btuos
1054 1777 1125 1831 cives
1138 1783 1170 1830 ut
1183 1776 1311 1829 columba
1325 1776 1511 1847 pulcherrima
1527 1777 1674 1831 incedebas
1685 1795 1691 1846 ;
1704 1782 1735 1832 tu
1744 1783 1777 1833 ut

140 1863 241 1935 piabit.
258 1865 325 1918 Haec
338 1865 456 1918 audiens
465 1864 575 1935 juvenis
583 1864 939 1934 sapientissimus,procidit
980 1865 1075 1920 radius
1086 1867 1152 1918 solis
1167 1865 1241 1918 inter
1255 1882 1352 1918 omnes
1365 1865 1507 1935 fulgebam
1524 1872 1555 1919 tu
1569 1872 1602 1920 ut
1611 1866 1776 1937 splendidis-

141 1954 174 2008 ud
190 1954 265 2008 senis
278 1961 601 2023 genua,et1·ogaroeuvn
616 1954 708 2023 erepit,
720 1953 837 2007 utillise
847 1953 939 2023 potius
981 1953 1052 2008 sima
1062 1955 1129 2008 luna
1141 1952 1215 2008 inter
1223 1956 1357 2026 populare
1367 1955 1468 2023 vulgus
1479 1954 1652 2022 coruscabas,
1665 1960 1696 2010 tu
1704 1956 1777 2009 inter

139 2042 311 2109 olierret,eui
331 2042 391 2113 ipse
406 2042 440 2096 ab
455 2043 569 2097 ineunte
585 2048 666 2096 {etate
682 2042 896 2112 deserviret,qui
913 2046 941 2094 et
981 2043 1121 2114 sapientes
1134 2043 1288 2113 sapientior
1303 2043 1450 2098 existebas
1468 2045 1502 2097 Et
1516 2043 1582 2114 quid
1598 2043 1707 2098 mulla?
1724 2045 1777 2098 Por
1807 2045 1814 2053 “

138 2137 226 2185 tantae
240 2132 374 2202 potentiue
389 2137 417 2185 ct
429 2132 630 2202 magnitudinis
645 2133 720 2186 solus
734 2131 894 2185 haberetur.
907 2132 940 2184 Et
979 2139 1030 2186 tua
1045 2132 1179 2186 mellillua
1194 2132 1277 2186 verba
1292 2133 1434 2186 universos
1449 2133 1484 2186 ad
1499 2135 1540 2186 tui
1555 2132 1659 2187 amoris
1670 2132 1778 2187 deside·

141 2221 337 2292 quiapropter
351 2238 501 2276 servosseu
514 2221 780 2291 ministros,quiaad
793 2223 939 2291 ejuserant
980 2221 1053 2275 rium
1070 2221 1247 2292 provocabas.
1265 2222 1329 2275 llaec
1344 2222 1456 2292 quidem
1472 2227 1561 2293 pater.
1575 2222 1627 2275 Sed
1645 2227 1673 2276 ct
1686 2214 1778 2276 mater

142 2308 318 2380 obsequium,
335 2326 371 2362 ue
385 2310 525 2380 quispiam
534 2326 631 2364 eorum
642 2311 700 2363 haec
709 2309 782 2379 patri
792 2308 938 2374 indicaret,
981 2311 1110 2364 scindens
1124 2309 1290 2363 vestimenta
1302 2326 1362 2373 sua,
1372 2327 1404 2363 ac
1418 2309 1520 2364 feriens
1531 2309 1658 2364 manibus
1668 2316 1776 2382 peetus,

143 2398 262 2469 emplius
285 2398 356 2452 nibil
377 2399 476 2453 Astion
499 2400 587 2453 indie
605 2399 653 2452 illa
678 2399 712 2452 ad
731 2399 874 2452 hominem
890 2398 940 2452 Dei
982 2399 1031 2453 teli
1047 2398 1130 2452 modo
1145 2397 1275 2462 dellcbat,
1285 2398 1398 2452 dicens:
1414 2399 1482 2462 Quis
1497 2404 1525 2452 te
1540 2416 1555 2452 a
1570 2415 1613 2452 me
1624 2399 1774 2470 separavit,

143 2486 251 2541 leuatus
265 2494 318 2545 est.
982 2488 1025 2542 vel
1038 2488 1100 2559 quis
1109 2487 1240 2541 seduxit?
1250 2504 1299 2541 sou
1311 2486 1403 2558 qualis
1416 2487 1474 2540 avis
1488 2487 1605 2541 demens
1615 2489 1648 2541 dc
1662 2487 1777 2559 gremiis

177 2578 242 2632 Car.
259 2578 347 2632 Vl.-
362 2579 425 2631 Alia
435 2594 499 2649 vero
514 2579 558 2631 die
573 2593 691 2647 surgens
702 2577 792 2646 primo
807 2577 938 2642 diluculo,
982 2577 1084 2648 rapuit,
1102 2576 1293 2630 oduleissime
1309 2577 1347 2630 sili
1361 2575 1660 2647 llstioa,ignoro.Sed,
1670 2582 1703 2630 ut
1716 2593 1778 2631 sus·

145 2672 174 2720 ut
186 2666 247 2737 apis
260 2666 492 2737 prudentissima,
503 2667 539 2719 ad
552 2667 683 2719 eumdem
698 2666 790 2718 locum
804 2664 879 2719 unde
893 2666 941 2719 he·
981 2666 1067 2736 picor,
1082 2665 1153 2719 forte
1168 2665 1215 2719 illo
1229 2665 1453 2719 Christianorum
1465 2667 1549 2731 Deus,
1558 2681 1646 2719 unum
1656 2664 1734 2718 misit
1744 2665 1778 2720 de

147 2762 237 2811 aerae
250 2755 297 2809 dio
310 2757 439 2809 coelestes
452 2757 535 2809 liores
545 2754 637 2808 luerat
650 2755 792 2824 depastus,
805 2770 938 2825 propera·
981 2755 1049 2819 suis,
1058 2760 1086 2807 et
1099 2755 1234 2824 pervertit
1247 2771 1294 2808 cor
1304 2760 1394 2816 tuum,
1403 2759 1431 2808 et
1441 2752 1610 2808 abalienavit
1621 2760 1648 2808 te
1660 2769 1677 2807 a
1687 2753 1776 2808 nobis.

146 2845 192 2902 vit.
211 2846 246 2900 Et
259 2846 404 2915 ingressus
419 2843 448 2897 in
461 2843 635 2897 mensionem
647 2842 800 2896 sacerdotis
815 2843 937 2908 Domini,
982 2842 1015 2896 Et
1029 2858 1103 2895 nvrnc
1118 2860 1157 2895 ue
1170 2843 1238 2895 milri
1256 2860 1363 2897 miserae
1373 2843 1434 2905 soli,
1448 2859 1480 2897 eo
1491 2844 1565 2914 quod
1575 2843 1684 2897 infinita
1693 2840 1779 2897 tiisti·

148 2934 236 2989 toliter
248 2951 314 2988 eum
330 2933 473 2998 salutarit,
489 2933 602 2987 diceus:
620 2932 713 2996 hve,o
727 2932 852 3002 apostole
863 2931 940 2986 Chri·
980 2930 1030 2995 tia,
1042 2936 1070 2984 ct
1085 2930 1267 2984 intolerabilis
1282 2932 1362 2985 dolor
1382 2949 1424 2986 mc
1440 2931 1635 3003 apprehendit,
1644 2937 1672 2986 et
1682 2936 1777 2986 tanto-

149 3023 225 3087 sti,et
237 3024 301 3078 novi
317 3022 489 3077 Testamenti
504 3023 641 3078 minister.
654 3023 689 3075 Et
696 3027 810 3075 sanctus
819 3021 853 3074 ad
868 3022 939 3074 haec:
981 3036 1192 3074 romannorum
1209 3019 1288 3073 labor
1301 3021 1391 3074 inanis
1406 3022 1536 3075 inventus
1552 3027 1603 3075 est.
1615 3020 1776 3075 Ceciditco-

150 3112 199 3166 hee
213 3120 243 3167 et
256 3120 297 3175 tu,
313 3112 435 3183 juvenis
448 3112 496 3182 qui
506 3111 633 3181 martyrii
649 3112 749 3164 stolam
767 3116 795 3164 et
808 3102 968 3163 coronamG
981 3126 1051 3163 rona
1064 3108 1163 3180 capitis
1174 3109 1468 3180 mei.Aruitsiquivlern
1477 3109 1585 3163 fruetus
1596 3109 1699 3162 ventris
1710 3109 1776 3176 mei,

152 3201 359 3272 mriisgemmis
372 3206 529 3254 contextam
543 3200 676 3270 incapite
690 3205 796 3269 gestas.
814 3200 940 3271 Cumque
981 3203 1010 3252 et
1023 3198 1106 3251 sedeo
1122 3203 1153 3251 ut
1167 3197 1263 3251 civitas
1278 3198 1412 3252 desolata.
1430 3199 1521 3251 Mater
1531 3198 1571 3252 sui
1587 3214 1674 3268 usque
1693 3196 1777 3252 hodie

150 3289 220 3358 juxta
235 3307 264 3344 se
279 3306 345 3344 eum
359 3289 457 3343 sedero
472 3285 591 3354 fecisset,
605 3289 699 3342 taliter
714 3288 748 3341 ad
759 3305 822 3342 eum
833 3288 941 3341 locutus
982 3303 1032 3357 per
1045 3292 1083 3352 te,
1100 3287 1139 3339 nli
1153 3287 1201 3345 mi,
1219 3303 1250 3339 oc
1266 3287 1371 3355 regina,
1389 3293 1417 3339 et
1432 3303 1505 3340 nuuc
1519 3291 1547 3340 te
1568 3286 1709 3352 amittens
1725 3303 1777 3342 nec

153 3386 199 3432 est:
210 3379 283 3443 Quid
294 3385 346 3441 est,
359 3377 800 3447 liliiscmeuliominieum,quod
811 3377 942 3430 hesterna
982 3375 1086 3445 reginae
1099 3375 1227 3445 gloriam,
1245 3391 1295 3428 nee
1309 3374 1406 3427 matris
1419 3375 1554 3444 gaudium
1569 3374 1667 3429 habeo.
1680 3375 1735 3429 Sed
1750 3381 1779 3429 et

153 3467 190 3522 die
201 3468 230 3522 in
240 3476 348 3522 terram
363 3467 454 3521 cordis
465 3467 507 3521 tui
523 3483 572 3536 per
586 3466 708 3519 divinam
724 3465 844 3533 gratiam
860 3465 942 3518 semi-
981 3469 1024 3530 tu,
1038 3469 1104 3517 nate
1119 3463 1287 3529 dulcissime,
1302 3463 1385 3517 arbor
1399 3463 1486 3529 luisti,
1504 3469 1532 3517 et
1544 3464 1687 3531 excisaes;
1704 3481 1780 3518 mar·

153 3557 282 3621 numus,
297 3556 424 3611 ascendit
435 3555 468 3610 ad
479 3556 611 3618 fructum,
621 3570 656 3607 an
667 3555 757 3607 adhuc
767 3553 941 3607 infidelitatis
981 3554 1083 3623 garita,
1096 3558 1147 3606 cta
1159 3553 1279 3606 Galilzeis
1290 3552 1330 3623 (bl
1339 3551 1448 3607 iuratus
1457 3570 1500 3619 es;
1516 3570 1630 3623 gemma
1643 3554 1775 3626 pretiosa,

153 3647 211 3700 nuo
228 3645 398 3701 detinetur?
413 3646 448 3699 Et
462 3645 561 3698 Astion
577 3643 617 3697 ait
632 3662 637 3696 :
654 3643 692 3697 Ut
705 3643 783 3696 novit
796 3642 941 3696 beatitudo
982 3642 1054 3697 etin
1071 3641 1187 3696 obscuro
1201 3641 1352 3695 collocatus
1366 3659 1411 3709 es;
1429 3642 1586 3714 utlampas,
1602 3648 1630 3696 et
1644 3642 1780 3698 exstincto

154 3742 202 3803 tua,
216 3754 233 3791 o
248 3736 426 3791 sanctissime
440 3739 532 3805 pater,
545 3733 645 3787 unicus
661 3732 715 3785 mei
737 3731 882 3802 genitoris,
896 3731 942 3785 ni·
984 3748 1030 3798 es;
1048 3730 1178 3785 columna
1192 3746 1263 3793 eras,
1277 3737 1303 3784 ei
1319 3730 1445 3800 dejectus
1460 3748 1503 3794 es;
1519 3730 1621 3799 regalis
1633 3734 1735 3798 stertua,
1752 3738 1781 3785 ot

153 3825 289 3896 triumque
299 3824 401 3878 charus
414 3823 521 3888 existo,
538 3821 646 3874 alsatis
659 3819 791 3887 timco‚si
807 3819 943 3874 Christia-
985 3836 1097 3874 eversus
1107 3836 1145 3873 es.
1162 3819 1197 3872 Et
1211 3819 1277 3890 quid
1293 3819 1404 3872 multa?
1420 3820 1508 3873 llomo
1529 3818 1616 3884 suisti,
1633 3825 1661 3874 et
1673 3820 1703 3875 iu
1718 3837 1780 3874 mo-

154 3928 198 3968 nus
210 3912 425 3977 effeetussuero,
442 3912 487 3964 ille
501 3927 558 3982 pree
574 3910 662 3963 nimia
675 3909 880 3979 desperatione,
895 3913 944 3961 aut
984 3909 1070 3962 menti
1086 3910 1164 3971 hora,
1174 3915 1204 3962 ut
1217 3908 1351 3976 suspicor,
1359 3907 1451 3962 subito
1467 3914 1593 3963 mortuus
1607 3926 1645 3963 es,
1662 3909 1697 3963 Et
1707 3926 1781 3964 nunc

153 4004 244 4074 spiritu
256 4002 397 4056 violenter
409 4005 513 4066 eareat,
528 4006 578 4054 aut
590 3999 618 4053 in
630 3997 798 4068 profundum
809 3997 944 4051 marisse-
984 4002 1148 4069 propterte.
1175 3997 1214 4050 lili
1230 4013 1278 4059 mr,
1299 4013 1395 4051 amens
1420 3998 1517 4055 ellectu
1532 4015 1604 4060 suni,
1619 4002 1652 4052 ut
1670 4015 1721 4051 nec
1737 3999 1780 4052 vel

154 4093 297 4164 metipsum
308 4090 481 4162 praeeipitem
494 4095 522 4143 ct
536 4094 585 4142 aut
599 4105 671 4152 rere,
689 4089 763 4158 quod
779 4086 861 4145 absit,
877 4102 943 4156 pro·
984 4087 1078 4151 vitetur,
1096 4087 1138 4140 vel
1153 4102 1255 4140 nomen
1271 4103 1365 4139 meum
1380 4084 1545 4156 intelligam.
1566 4086 1630 4140 llree
1645 4091 1673 4140 et
1685 4087 1782 4157 hujus-

154 4187 209 4251 pter
221 4198 266 4235 me
281 4196 380 4234 omens
393 4179 530 4233 efficiatur
542 4195 549 4244 ;
561 4185 645 4248 atque
656 4177 731 4231 unde
742 4176 810 4230 mihi
825 4177 945 4229 salutem
987 4176 1061 4228 modi
1084 4173 1169 4227 verba
1192 4180 1272 4244 pater
1294 4176 1355 4243 ejus
1378 4179 1407 4227 et
1428 4181 1519 4228 mater
1542 4175 1674 4238 dicentes,
1705 4174 1781 4228 nullo

155 4284 226 4340 spero
240 4269 382 4328 devenire,
395 4269 435 4323 illi
459 4271 579 4321 mortem
593 4272 757 4337 perpetuam
773 4271 800 4318 ct
811 4265 946 4334 gehenne
986 4264 1067 4317 modo
1083 4281 1112 4317 se
1126 4268 1256 4333 poterant
1268 4278 1284 4314 a
1298 4278 1418 4316 moerore
1437 4262 1560 4316 maximo
1576 4261 1708 4318 relevare.

155 4375 301 4431 praeparem
316 4360 404 4429 ignes.
419 4358 493 4428 Ergo
507 4356 531 4410 si
546 4356 671 4426 dignaris
690 4353 836 4409 consilium
851 4368 945 4406 meum
1022 4354 1086 4406 Car.
1104 4351 1379 4423 Vlll.-Igiturcuvn
1395 4350 1423 4405 in
1436 4357 1590 4405 memoratu
1604 4350 1782 4415 urbe,saneti

157 4450 280 4520 tempere,
309 4447 393 4501 tacito
416 4446 529 4500 interim
545 4462 606 4516 qnae
627 4444 698 4498 dieo.
716 4443 786 4497 lube
800 4459 845 4495 me
860 4441 944 4495 hodio
955 4415 1035 4495 DDei
1048 4440 1176 4494 homines
1191 4439 1351 4494 mansiones
1364 4440 1416 4494 sibi
1432 4446 1512 4511 aptas
1523 4439 1703 4506 invenissent,
1711 4441 1740 4494 in
1748 4458 1782 4495 ea

158 4537 470 4596 tencatechumenum,
493 4540 522 4588 et
542 4534 657 4604 impone
674 4532 744 4585 mihi
760 4529 900 4601 jejunium
914 4529 944 4582 in
985 4529 1141 4600 gratiarum
1165 4529 1288 4584 actiones
1309 4528 1361 4584 soli
1380 4528 1440 4584 Deo
1467 4526 1642 4584 exhibebant.
1662 4529 1697 4584 Et
1716 4530 1781 4602 quia

160 4633 268 4698 quantos
278 4625 401 4680 volueris
414 4625 520 4690 dies,et
527 4631 591 4695 post
604 4623 664 4676 dies
676 4620 806 4675 definitos
821 4618 889 4672 mihi
899 4635 944 4671 sa·
987 4618 1189 4689 scriptumest:
1202 4618 1368 4690 Naupotest
1378 4616 1782 4690 civitasabscondisupermon-

161 4722 326 4771 mereatum
339 4713 517 4786 baptismatis
528 4712 631 4766 tribue.
641 4711 768 4780 Cumque
782 4708 945 4778 omniaquae
987 4713 1044 4762 tem
1061 4707 1150 4779 posita
1162 4709 1267 4774 tilottl.
1281 4711 1416 4778 v),noque
1430 4706 1522 4760 divina
1533 4705 1782 4788 gratialatercsub

162 4804 316 4860 Christianae
331 4803 476 4876 pertinent
489 4800 619 4870 religioni
634 4799 864 4869 explevero,tune
879 4812 944 4867 pre·
985 4797 1088 4863 modio,
1105 4797 1189 4867 erepit
1204 4796 1308 4850 iterum
1328 4795 1448 4849 eoelestis
1472 4794 1561 4851 virtus
1582 4813 1633 4868 per
1654 4802 1782 4851 sanctum

162 4908 199 4948 ror
211 4900 241 4949 ut
248 4895 358 4965 pariter
371 4891 407 4945 ab
421 4892 473 4944 hac
490 4889 561 4944 urbe
573 4887 656 4942 umbo
671 4886 859 4957 egrediamur,
877 4885 944 4938 etin
986 4884 1142 4957 Epictetum
1154 4885 1322 4956 plurasigna
1333 4890 1362 4938 et
1375 4882 1502 4955 prodigia
1511 4883 1540 4938 in
1547 4884 1660 4955 regione
1668 4885 1785 4958 Scytha·

162 4983 289 5053 regionem
303 4981 497 5051 longinquam,
509 4982 604 5044 214
617 4976 665 5030 ubi
679 4992 730 5030 nos
748 4975 869 5046 Spiritus
883 4990 945 5027 sau·
986 4991 1058 5040 rum,
1078 4991 1161 5045 quam
1172 4991 1204 5027 ea
1220 4990 1280 5044 ique
1291 4973 1320 5026 in
1336 4971 1458 5027 Orientis
1469 4972 1594 5043 partibus
1606 4973 1782 5047 feceratope-

164 5076 213 5125 dus
225 5069 396 5144 perduxerit,
410 5083 602 5140 properemus,
618 5082 653 5119 ne
664 5064 871 5118 immaculatam
882 5079 945 5116 con·
987 5064 1052 5116 rari.
1067 5064 1140 5116 Nam
1155 5079 1209 5116 una
1224 5062 1334 5115 dierum
1349 5061 1478 5131 quaedam
1493 5062 1595 5116 mulier
1609 5064 1722 5118 adeum
1735 5081 1783 5118 ve-

166 5160 293 5217 usuum
316 5175 411 5216 meam
435 5174 485 5229 per
504 5172 568 5211 suas
580 5157 720 5225 lacrymas
734 5153 841 5224 polluat
855 5157 943 5222 pater.
986 5151 1077 5213 niens,
1090 5151 1191 5205 obtulit
1205 5151 1229 5203 ei
1244 5149 1333 5203 silium
1347 5167 1439 5215 suum,
1456 5151 1661 5206 annorumfere
1672 5168 1714 5215 xv,
1724 5169 1784 5206 mu·

167 5246 275 5322 Quoque
290 5251 321 5304 in
334 5246 554 5320 prudentissimo
564 5247 677 5315 juvene,
694 5259 755 5313 quse
769 5241 947 5311 disposuerat
987 5246 1083 5295 tumet
1092 5239 1217 5301 surdum,
1229 5243 1257 5291 et
1267 5238 1377 5291 aridum
1388 5238 1566 5308 existentem3
1579 5241 1783 5312 projiciensque

168 5333 222 5406 ipse,
234 5342 430 5395 consummata
444 5335 572 5398 fluissent,
596 5339 660 5404 post
674 5331 732 5385 dies
754 5347 866 5401 paucos,
883 5346 946 5383 ora·
989 5328 1103 5382 eumad
1120 5327 1203 5398 pedes
1218 5326 1306 5380 sancti
1323 5327 1449 5397 Epicteti,
1471 5326 1567 5381 taliter
1580 5329 1615 5382 ad
1641 5327 1719 5383 illum
1740 5328 1782 5381 lo·

168 5424 228 5481 tione
241 5429 275 5482 ad
289 5427 434 5483 Christum
458 5425 612 5496 premissa,
627 5420 709 5475 ambo
724 5420 759 5474 ab
779 5419 848 5473 urire
871 5434 948 5488 egre·
989 5415 1238 5487 quebutur,dicens
1254 5433 1259 5467 :
1277 5415 1356 5469 Unde
1370 5416 1516 5470 adveneris
1531 5417 1678 5480 uescio,rel
1686 5416 1719 5469 de
1729 5431 1784 5486 qua

170 5512 651 5577 liuntur:etdeseeudeutesnaviro,
665 5507 948 5581 inSeytharumfines
989 5505 1103 5575 regione
1126 5504 1228 5558 existas
1255 5503 1364 5573 ignoro.
1392 5504 1451 5559 Hoc
1474 5510 1568 5558 autem
1589 5501 1783 5559 tantummodo

170 5599 269 5674 heresi
282 5611 360 5677 suut,
376 5610 462 5679 atque
473 5603 505 5658 in
519 5599 749 5657 Almiridensium
759 5598 899 5653 ciutatem
911 5596 947 5666 (5)
989 5594 1081 5660 credo,
1090 5592 1155 5664 quia
1169 5594 1192 5647 si
1207 5590 1258 5660 vis,
1275 5599 1356 5665 potes
1368 5591 1568 5665 languentibus
1583 5588 1712 5646 sanitatis
1727 5590 1784 5645 iiie-
