3818 6120
126 278 184 335 553
335 280 424 336 VITA
443 277 664 335 SANOTORUM
683 278 854 333 pantanu
874 279 1043 335 uentura:
1062 281 1105 335 ET
1124 279 1307 336 JOSAPHAT
1326 280 1437 337 INDIAE
1456 281 1572 339 REGlS.
1714 287 1768 345 55⁴

127 406 194 471 daei,
204 407 356 475 tumgraeci
365 405 434 476 lapsi
447 411 521 459 sunt.
540 405 605 458 deos
616 404 776 473 hujusmodi
790 404 926 457 inducen-
938 409 957 464 Α
969 412 1053 477 atque
1068 407 1195 476 ingratos
1210 423 1271 460 seso
1284 407 1450 476 praebentes,
1460 410 1588 479 gentium
1600 411 1667 466 deos
1677 429 1766 484 saepe-

127 499 184 552 tes,
200 501 285 564 utque
303 494 427 564 ipsorum
442 499 551 547 suturas
566 493 727 558 efficientes
751 493 891 563 surdaque
903 497 931 545 et
972 510 1090 548 nuntero
1115 496 1279 559 adorarunt,
1305 498 1510 569 prophetasque
1523 500 1558 553 ud
1577 517 1607 554 se
1621 501 1722 557 missos
1736 518 1769 557 ac

127 600 231 637 scissus
253 583 377 654 expertia
391 582 540 637 simulacra
550 587 644 648 308
655 564 706 653 pro
721 582 774 635 diis
784 582 928 636 habentes.
968 584 1060 653 justos
1072 585 1144 639 viros
1154 586 1570 653 morteaffecerunthcrleinde,
1583 596 1766 661 posteaquam
1828 644 1832 651 ,

128 673 175 728 Ac
186 673 375 744 dornirorquo
389 678 479 743 pacto,
497 689 560 725 cum
572 672 638 725 deos
649 689 714 725 suus
728 672 762 724 ab
777 673 931 728 artificibus
972 673 1012 726 ita
1027 674 1077 726 Dei
1092 674 1219 727 voluntas
1234 675 1307 737 tulit,
1325 675 1457 729 uirilius
1479 694 1547 731 suns
1562 678 1709 734 interram
1724 697 1768 735 ve·

129 760 932 831 seunietdolorinchauserint-quetomporislonginqni·
972 761 1055 821 niret,
1081 779 1144 816 eum
1161 763 1330 818 contumelia
1348 764 1488 830 allectum,
1500 765 1599 820 Pontio
1609 767 1700 822 Pilato
1715 769 1768 823 Ro·

130 859 192 905 tate
214 857 416 905 inveterascere
426 857 455 905 et
465 850 619 914 immutari,
640 855 725 920 atquc
736 850 800 919 igne
816 851 932 904 conflari
973 867 1121 905 annnorum
1136 852 1394 911 ducitradiderunt.
1411 855 1555 925 crucisque
1565 855 1770 926 suppliciocon·

129 945 289 1001 cernerent,
311 940 375 993 hinc
388 957 435 994 eos
452 939 569 993 minime
584 939 651 992 deos
662 955 723 991 esse
739 955 793 992 non
804 939 931 992 aninrad·
973 939 1465 1012 demnaruntnullnvidelicetipsius
1476 942 1675 999 beneficiorum
1683 950 1767 1017 atque

131 1030 280 1085 verterint.
292 1030 363 1083 Nam
379 1028 471 1099 quiin
489 1046 546 1082 sure
565 1028 664 1083 salutis
688 1027 799 1097 negotio
826 1028 932 1081 nullum
973 1028 1222 1083 innumerabilium
1238 1030 1448 1096 miraculorum,
1464 1048 1525 1100 quae
1543 1031 1617 1087 inter
1630 1033 1705 1104 ipsos
1719 1035 1769 1090 de·

130 1119 190 1172 vim
206 1118 319 1179 habent,
336 1134 458 1189 quonam
468 1117 582 1170 tandem
596 1117 678 1170 modo
693 1115 932 1172 hominumsaluti
974 1117 1109 1186 signarat,
1126 1117 1224 1171 habita
1238 1117 1355 1183 ratione,
1381 1134 1487 1190 suoque
1500 1120 1603 1174 scelere
1614 1123 1767 1191 perierunt.
1825 1111 1829 1121 ’

130 1208 353 1263 consulentlht
375 1223 440 1261 vero
460 1212 549 1277 poetae
573 1206 707 1275 ipsorum,
724 1210 752 1258 ct
775 1205 932 1276 philosophi
973 1206 1045 1261 Nam
1061 1222 1134 1260 nunc
1162 1223 1273 1276 quoque
1300 1208 1391 1261 solum
1416 1208 1529 1278 quidem
1549 1210 1769 1280 omnipotentem

130 1301 193 1351 tam
209 1296 405 1352 Chaldaeorum
421 1312 506 1366 quam
520 1295 796 1366 AEgyptiorum,curn
809 1295 932 1349 rensibus
974 1294 1062 1349 Deum
1079 1295 1183 1361 colunt,
1199 1296 1315 1350 sednon
1334 1296 1489 1351 secundum
1508 1297 1665 1365 scientiam,
1683 1300 1770 1372 siqui·

131 1386 193 1440 suis
203 1404 236 1440 ac
247 1387 404 1439 litterarum
421 1383 611 1439 monumentis
633 1384 700 1437 deos
714 1400 779 1438 suos
796 1400 932 1438 exornare
973 1383 1038 1437 dem
1053 1383 1195 1438 christum
1211 1385 1300 1438 fllium
1314 1385 1364 1439 Dei
1381 1391 1486 1456 negant
1501 1389 1587 1452 thorn.
1603 1392 1643 1455 x),
1657 1390 1769 1459 gentili·

130 1475 314 1538 studuerunt,
331 1489 427 1527 eorum
444 1471 627 1543 ignominium
648 1472 740 1541 magis
754 1472 930 1537 detexerunt,
972 1471 1081 1543 busque
1095 1473 1200 1528 similes
1222 1479 1297 1540 sunt,
1323 1474 1434 1529 etiarnsi
1449 1475 1485 1529 ad
1504 1475 1662 1545 veritatem,
1683 1496 1701 1533 a
1715 1497 1771 1551 qua

130 1563 297 1634 nudamque
313 1562 438 1616 omnium
450 1560 537 1615 oculis
551 1567 766 1631 proposuerunt.
779 1562 851 1615 Nam
867 1577 931 1614 curn
972 1562 1069 1632 procul
1082 1579 1112 1617 se
1126 1569 1314 1628 removerunt,
1336 1563 1451 1634 propius
1478 1564 1623 1637 aliquanto
1638 1569 1770 1624 accedere

130 1652 258 1707 hominis
277 1669 387 1723 corpus,
403 1651 529 1722 quamvis
548 1650 653 1720 ahoqui
682 1649 777 1704 multis
805 1649 932 1720 partibus
972 1650 1499 1709 videantur.AcdeJudaeishactenus.

130 1746 254 1806 constet,
271 1741 379 1795 nullum
388 1745 484 1795 tamen
497 1739 687 1794 membrorum
698 1755 812 1793 suorum
826 1738 930 1809 abjicit,
943 1722 966 1781 Β
1009 1741 1046 1793 nt
1060 1740 1211 1794 Christiani
1227 1757 1244 1793 a
1266 1741 1385 1795 Domino
1399 1748 1496 1797 nostro
1515 1745 1582 1799 Jesu
1602 1746 1713 1801 Christo
1723 1747 1771 1802 do-

131 1847 233 1884 rerunr
249 1830 438 1884 firmissimam
455 1846 519 1884 cum
534 1829 602 1900 ipsis
617 1827 747 1882 omnibus
760 1827 933 1898 conjunctio·
975 1827 1070 1881 ctrinae
1080 1844 1138 1881 suae
1151 1827 1288 1897 originem
1303 1828 1419 1884 ducunt.
1433 1830 1485 1884 Hic
1498 1838 1594 1886 autem
1604 1833 1655 1888 Dei
1669 1835 1771 1890 altissi-

131 1936 202 1973 nem
221 1919 336 1984 habens,
363 1935 457 1974 secum
472 1918 564 1988 ipsum
579 1916 740 1981 concordat,
757 1917 804 1987 qui
819 1917 933 1971 tandem
975 1916 1014 1971 mi
1024 1915 1111 1970 Filius
1122 1917 1152 1970 in
1173 1915 1281 1987 Spiritu
1300 1923 1398 1972 sancto
1425 1920 1558 1975 creditur.
1587 1922 1641 1986 Qui
1657 1924 1771 1994 quidem

132 2009 166 2063 in
180 2009 232 2063 Dei
253 2016 355 2063 natura
377 2014 456 2063 tanta
468 2024 562 2079 pugna
576 2012 605 2061 et
618 2006 757 2060 discordia
767 2005 934 2060 futuraestl
976 2004 1773 2083 humanaesalutiscausadecoelodescendit,atqueexsan·

131 2099 209 2154 Nam
224 2098 247 2152 si
262 2098 442 2152 unadeorum
457 2103 559 2151 natura
574 2101 656 2161 essct,
673 2095 742 2150 deus
765 2095 849 2149 deum
864 2095 936 2148 inse·
976 2094 1138 2164 ctaVirgino
1155 2095 1328 2164 genitusest,
1343 2096 1773 2172 acsinesemineetcorreptione

132 2187 218 2245 cmii.
242 2193 291 2240 uut
315 2186 492 2250 obtruncare,
524 2189 573 2238 aut
597 2184 671 2237 rnalo
690 2182 783 2254 aliquo
799 2183 935 2237 mulctare
976 2184 1772 2258 carnemsuscepit,hominibusqueapparuit,utcosafal-

134 2276 254 2331 minime
269 2273 396 2329 debebat
413 2273 528 2338 Quodsi
549 2272 614 2326 dila
628 2272 680 2326 diis
691 2272 791 2336 iurati,
808 2279 837 2326 et
851 2272 936 2326 inter·
976 2273 1775 2349 somultorumdeorumcultu1·evocaret.htqucadmiran-

133 2365 233 2438 empti,
247 2372 276 2419 et
287 2365 408 2435 spoliati,
422 2381 454 2417 ac
465 2363 581 2418 fulmine
591 2363 716 2434 percussi
727 2368 802 2423 sant,
815 2363 935 2433 nonjam
976 2361 1013 2416 da
1023 2361 1225 2417 incarnationis
1236 2380 1293 2417 suae
1303 2363 1514 2434 dispensatione
1532 2367 1775 2437 perfunctusmcr·

134 2472 194 2510 una
209 2472 305 2510 eorum
321 2460 423 2508 natura
436 2460 488 2518 cst,
516 2454 564 2507 sed
579 2452 718 2508 distinctae
728 2454 885 2507 voluntates
895 2457 936 2507 at·
977 2455 1034 2505 tem
1049 2456 1158 2522 sponte,
1174 2451 1373 2522 atqueingenti
1388 2453 1511 2524 quodam
1519 2456 1644 2525 consilio,
1657 2473 1776 2528 percru-

135 2562 192 2616 que
206 2561 304 2599 omnes
318 2544 440 2598 exitiosa
453 2560 486 2596 ac
500 2541 648 2613 pestilerae.
976 2557 1037 2594 cern
1048 2540 1215 2610 degustavit.
1231 2540 1335 2595 Triduo
1345 2546 1440 2597 autern
1449 2549 1510 2613 post
1526 2546 1775 2619 resurrexit,atqne

172 2635 213 2688 Ex
227 2651 282 2704 quo
296 2633 518 2687 concludendum
533 2636 575 2685 est
585 2631 727 2685 neminem
738 2646 836 2685 eorum
851 2631 934 2684 ileum
976 2628 1005 2683 111
1015 2630 1098 2683 coelos
1109 2629 1245 2683 ascendit.
1255 2630 1342 2700 Cujus
1355 2631 1635 2703 praesentiaegloriam
1645 2636 1775 2707 asscrip-

134 2740 208 2778 csse.
221 2723 401 2793 Perspicuum
408 2729 451 2775 est
462 2722 557 2792 igilur,
574 2737 654 2786 orex,
669 2737 781 2774 onlnem
795 2736 892 2773 eorum
901 2720 935 2772 de
976 2717 1195 2788 turaqureapud
1208 2717 1427 2788 eosErangelica
1441 2727 1567 2788 vocatur,
1576 2723 1600 2778 si
1610 2740 1672 2778 eain
1682 2725 1777 2796 legere

133 2814 254 2868 deorum
263 2818 364 2866 natura
373 2811 592 2883 disputationem
612 2811 715 2864 erroris
736 2810 848 2881 plenam
864 2825 934 2862 esse.
977 2805 1007 2860 in
1030 2806 1156 2860 animum
1172 2806 1322 2872 induxeris,
1340 2808 1498 2878 perspicere
1514 2810 1591 2879 licet,
1612 2830 1629 2867 o
1648 2829 1708 2868 rex.
1725 2815 1778 2869 Hic

135 2902 266 2966 Quonam
281 2908 376 2956 autern
391 2907 472 2972 pacto
482 2900 501 2954 ii
513 2901 560 2971 qui
575 2900 650 2970 apud
668 2900 778 2952 Graecos
793 2897 936 2968 sapientire
978 2895 1125 2949 duodecim
1142 2894 1293 2965 discipulos
1306 2895 1412 2962 habuit,
1435 2898 1556 2969 quipost
1570 2900 1658 2972 ipsius
1676 2903 1705 2957 in
1720 2919 1777 2958 coe·

133 2997 222 3062 atque
232 2989 368 3044 doctrinae
383 2990 457 3043 fama
472 2991 638 3043 floruerunt.
650 2988 719 3044 illud
730 2987 846 3041 minime
857 2987 936 3040 intel·
978 2984 1037 3038 lurn
1052 3000 1198 3038 ascensum
1213 2984 1242 3037 in
1266 2982 1342 3038 orbis
1360 2991 1443 3040 terrae
1467 2988 1624 3058 provincias
1638 2991 1776 3060 exierunt,

134 3081 276 3146 leserunt,
293 3096 341 3134 eos
356 3080 403 3150 qui
415 3080 491 3150 legas
504 3078 632 3132 tulerunt
641 3077 758 3131 suismet
771 3076 880 3145 legibus
892 3077 967 3146 J'u-t]
978 3073 1123 3143 ipsiusque
1149 3077 1298 3143 augustam
1309 3074 1524 3144 amplitudinem
1539 3080 1754 3150 promulgarunt
1768 3100 1774 3135 ε

134 3169 241 3224 dicarit
251 3170 323 3223 Nam
338 3169 361 3223 si
375 3169 450 3240 leges
462 3169 546 3238 justo
560 3173 636 3232 sunt,
660 3166 757 3236 injusti
772 3165 886 3219 omnino
896 3165 938 3236 ip·
982 3161 1218 3233 quemadmodum
1231 3161 1317 3215 etiarn
1327 3178 1400 3217 unus
1410 3179 1443 3217 ex
1451 3164 1519 3236 ipsis
1526 3168 1655 3238 regiones
1665 3172 1776 3224 nostras

134 3275 232 3314 aarum
248 3257 288 3311 dii
301 3262 376 3323 sunt,
394 3258 442 3328 qui
456 3256 654 3326 conti-elegum
664 3255 825 3326 prescripta
840 3259 938 3308 mutuo
980 3251 1148 3323 peragravit,
1164 3256 1197 3305 ut
1210 3250 1336 3305 veritatis
1350 3251 1483 3323 dogmata
1496 3255 1662 3325 predicaret
1676 3258 1780 3329 (Sapra

135 3364 197 3402 sese
212 3345 414 3412 interfecerint,
431 3352 518 3416 atque
534 3346 562 3399 in
583 3344 724 3408 veneficia,
742 3349 770 3397 et
788 3343 936 3409 adulteria,
980 3357 1002 3395 c.
1018 3340 1136 3406 l‘gunde
1154 3339 1309 3394 etiamnum
1332 3340 1352 3394 ii
1376 3341 1423 3413 qui
1452 3344 1658 3414 predicationis
1681 3363 1780 3403 eorum

136 3442 165 3492 et
178 3436 268 3501 furta,
293 3441 322 3490 et
343 3440 528 3507 praeposteras
548 3434 680 3488 libidines
701 3432 871 3503 proruerint.
889 3432 939 3487 Sin
978 3428 1094 3498 justina
1108 3426 1305 3481 administram
1315 3445 1430 3501 operam
1443 3438 1557 3499 navant,
1569 3433 1722 3489 Christiani
1732 3451 1781 3508 ap-

136 3531 234 3582 autem
246 3531 320 3579 recte
330 3524 465 3589 fecerunt,
481 3524 557 3594 leges
564 3529 639 3577 certe
649 3522 752 3594 iniquae
764 3527 940 3592 sunt,utpote
982 3517 1131 3587 pellantur.
1143 3518 1235 3587 Atque
1248 3517 1277 3571 hi
1288 3523 1355 3573 sunt
1369 3519 1416 3590 qui
1425 3521 1572 3577 veritatem
1582 3540 1668 3595 supra
1681 3541 1779 3581 omnes

137 3614 348 3669 adsersusdeos
358 3610 941 3681 constitutae.Nuncautemlegespreclarae
983 3610 1065 3660 terrae
1080 3607 1208 3660 nationes
1222 3605 1398 3663 invenerunt.
1415 3609 1560 3681 Siquidem
1584 3615 1669 3668 ileum
1684 3631 1781 3670 rerum

138 3720 170 3758 ac
186 3705 274 3773 juste
288 3709 363 3769 sunt,
379 3709 488 3773 atquae
510 3708 538 3756 et
553 3701 671 3755 virtutes
697 3699 822 3765 laudent,
835 3704 865 3754 et
876 3698 944 3752 vitia
983 3694 1108 3750 omnium
1116 3694 1290 3751 conditorem
1297 3702 1382 3768 atque
1389 3698 1782 3775 architectuminl'iliounige·

139 3790 311 3864 prohibeant
325 3810 331 3859 ;
354 3792 471 3847 deorum
482 3797 587 3856 autern,
615 3805 685 3861 quos
698 3788 752 3859 ipsi
766 3788 871 3854 colunt,
887 3787 943 3842 ini·
983 3782 1043 3838 nito
1051 3790 1080 3838 ct
1088 3783 1193 3855 Spiritu
1204 3791 1300 3839 sancto
1310 3793 1475 3856 agnoscunt,
1487 3805 1538 3844 nec
1547 3797 1648 3862 prater
1660 3809 1725 3847 eum
1735 3793 1781 3848 ul·

140 3897 198 3953 qna
212 3886 282 3936 sunt
294 3897 380 3952 opera
391 3879 678 3952 :qnareiniquietiam
691 3878 814 3949 ipsorum
825 3877 864 3931 dii
876 3882 942 3931 sunt
983 3873 1042 3927 111111
1056 3872 1143 3926 alium
1154 3874 1244 3928 Deum
1255 3882 1434 3931 venerantur.
1450 3877 1562 3934 Habent
1575 3886 1669 3936 autem
1683 3882 1782 3937 Domi-

142 3986 297 4040 omnesque
311 3969 391 4041 impii
417 3987 449 4025 ac
467 3976 559 4025 morto
575 3966 722 4027 multandi,
738 3967 785 4037 qui
800 3965 941 4036 ejusmodi
984 3961 1581 4029 niJesuChristinoomandatacordibus
1593 3970 1651 4024 suis
1662 3970 1783 4044 insculp-

143 4060 211 4115 deos
229 4061 376 4115 inducunt.
391 4062 464 4114 Nam
485 4059 509 4113 si
522 4076 556 4113 ea
568 4075 630 4129 quae
640 4058 675 4111 de
688 4056 755 4125 ipsis
783 4054 943 4109 litterarum
985 4057 1024 4115 te,
1053 4067 1142 4122 eaque
1169 4051 1339 4121 custodiunt,
1356 4059 1532 4111 mortuorum
1547 4061 1782 4116 resurrectionem

145 4149 338 4203 monumentis
352 4149 462 4220 prodita
476 4153 551 4211 sunt,
577 4148 642 4200 ficta
667 4149 695 4199 et
715 4143 841 4197 fabulosa
866 4146 941 4207 sunt,
985 4155 1020 4193 ac
1037 4138 1125 4194 futuri
1148 4139 1241 4194 saeculi
1254 4140 1340 4194 vitam
1353 4150 1553 4213 exspectantes.
1568 4147 1780 4217 Nonadulterii,

145 4237 216 4293 nihil
230 4238 307 4292 aliud
321 4243 389 4292 sunt
403 4254 488 4308 qnam
497 4236 568 4290 meri
582 4250 724 4289 sermones
734 4251 740 4298 ;
752 4230 775 4286 si
786 4239 880 4286 nutem
895 4246 944 4285 na·
985 4243 1041 4281 non
1060 4226 1252 4282 fornicationis
1267 4229 1384 4284 crimine
1397 4247 1458 4285 sese
1471 4233 1641 4302 devinciunt,
1658 4253 1714 4292 non
1728 4237 1783 4292 fal·

145 4325 259 4385 toralia.
276 4342 332 4381 non
344 4328 404 4397 jam
425 4324 465 4380 dii
480 4329 546 4380 sunt
559 4324 607 4395 qui
622 4324 679 4377 haec
703 4321 870 4375 feceruntnc
883 4335 945 4389 per·
986 4333 1049 4371 surn
1069 4316 1263 4370 testimonium
1281 4317 1387 4385 dicunt,
1399 4319 1491 4375 aliena
1504 4339 1561 4377 non
1570 4325 1782 4398 concupiscunt,

145 4416 218 4487 pessi
224 4421 302 4482 sunt3
310 4416 383 4487 quod
390 4407 945 4486 siallegoricosensueadicuntur,fabulae
954 4432 977 4490 D
986 4405 1060 4477 patri
1078 4410 1106 4459 ct
1120 4405 1205 4458 matri
1219 4404 1355 4461 honorem
1367 4407 1505 4477 tribuunt,
1522 4412 1664 4483 proximos
1672 4421 1779 4482 amant,

147 4504 333 4571 suntacnihil
347 4510 492 4576 praterea.
509 4505 739 4559 Demonstraturn
755 4503 797 4552 est
810 4498 915 4568 itaque,
928 4513 944 4551 o
983 4495 1092 4564 justum
1099 4493 1237 4563 judicium
1252 4493 1363 4552 ferunt:
1382 4514 1443 4569 que
1455 4499 1581 4572 sibiipsis
1595 4503 1656 4558 lieri
1670 4505 1780 4573 nolunt,

148 4592 533 4664 re1,hosomnescnltus,qui
544 4591 638 4646 multis
650 4589 703 4662 diis
717 4587 889 4652 tribuuntur,
903 4602 945 4640 er·
986 4582 1048 4637 aliis
1061 4599 1119 4637 non
1129 4581 1251 4650 faciunt3
1268 4601 1344 4640 cosa
1358 4586 1460 4657 quibus
1470 4589 1611 4646 laeduntur
1623 4591 1781 4664 obsecrant,

149 4681 220 4736 roris
239 4689 325 4754 atquc
340 4682 416 4738 exitii
430 4699 515 4754 opera
527 4697 590 4736 esse
613 4676 802 4750 (nequeenim
817 4676 883 4730 deos
898 4692 946 4747 ap·
986 4689 1018 4726 ac
1033 4671 1086 4726 sibi
1101 4687 1199 4726 eorum
1207 4672 1361 4729 amicitiam
1370 4676 1666 4737 conciliantlnimicos
1677 4682 1783 4740 banell-

148 4770 202 4842 pell
224 4772 448 4844 ,reconvenitqui
463 4771 700 4826 videntnracnon
713 4766 809 4820 rident
824 4783 830 4831 3
847 4781 945 4819 verurn
986 4760 1036 4816 ciis
1051 4761 1162 4816 afficere
1187 4762 1311 4830 student,
1332 4763 1409 4820 lenes
1431 4771 1458 4819 et
1479 4766 1574 4824 faciles
1598 4788 1628 4826 se
1647 4773 1783 4844 prebent,

148 4875 212 4914 eum
229 4860 357 4931 quicum
382 4861 441 4933 ipse
463 4861 541 4915 cerni
563 4862 694 4929 nequeat,
718 4854 814 4911 omnia
835 4853 943 4921 cernit),
985 4849 1021 4904 ab
1036 4849 1112 4905 omni
1132 4850 1227 4922 iniquo
1244 4851 1784 4933 concubituatqueabomniimpuritate

146 4946 295 5021 Deumque
307 4950 355 5021 qui
366 4949 462 5004 omnia
475 4948 608 5009 condidit,
624 4945 773 5001 colendum
789 4960 858 4998 esse.
987 4939 1138 5006 abstinent,
1152 4940 1264 4994 viduam
1283 4957 1339 4995 non
1354 4947 1546 5013 contemnunt,
1562 4949 1669 5020 pupillo
1683 4968 1785 5009 marc·

183 5036 337 5093 Veniamus
347 5037 443 5109 igitur.
457 5053 539 5102 orer,
551 5036 636 5091 etiarn
649 5032 812 5097 adludaeos,
828 5031 946 5103 utquid·
986 5045 1046 5085 rein
1070 5044 1126 5082 non
1150 5027 1284 5094 inferunt,
1302 5029 1349 5100 qui
1364 5029 1450 5087 habet
1467 5049 1524 5089 non
1544 5036 1661 5095 habenti
1679 5042 1787 5113 prolixe

149 5141 215 5182 narn
226 5127 281 5198 ipsi
291 5143 403 5199 quoque
416 5127 515 5185 deDeo
522 5125 646 5181 sentiant
655 5121 883 5178 rideamusNam
892 5120 946 5193 ipsi
987 5117 1193 5173 subministrat.
1223 5117 1406 5189 Peregrinum
1418 5121 1442 5176 si
1455 5122 1585 5194 viderint,
1600 5135 1675 5185 tecto
1686 5130 1788 5188 admit·

147 5213 185 5270 ab
194 5214 347 5272 Abraham.
362 5217 441 5271 lsaac
451 5222 481 5271 et
489 5212 700 5278 Jacoboriundi,
711 5211 862 5282 AEgyptnm
870 5209 946 5264 inco·
987 5212 1062 5274 tunt,
1075 5208 1193 5279 ejusque
1219 5222 1276 5262 non
1300 5224 1379 5263 secus
1394 5225 1426 5265 ac
1445 5212 1543 5269 veriet
1554 5218 1787 5288 germanifratris

147 5303 276 5359 luerunt.
293 5305 373 5360 Illinc
397 5310 491 5360 aulem
509 5306 584 5360 Deus
599 5319 647 5358 eos
658 5301 686 5357 in
701 5316 788 5354 manu
799 5299 906 5370 potenti
921 5302 949 5352 et
989 5297 1305 5354 adventudelectentur.
1317 5300 1380 5355 Non
1394 5303 1469 5358 enim
1484 5307 1786 5375 carnis,sedanimira·

149 5390 266 5448 brachio
290 5395 407 5461 excelso,
421 5411 472 5466 per
483 5395 597 5466 Moysen
618 5391 744 5463 ipsorum
759 5388 948 5459 legislatorem
989 5386 1066 5441 tione
1081 5385 1182 5440 fratres
1192 5403 1222 5441 se
1237 5395 1345 5444 vocant.
1368 5390 1464 5447 Vitam
1488 5413 1569 5452 suam
1584 5399 1689 5456 christi
1703 5418 1788 5457 causa

146 5481 257 5547 eduxit,
274 5499 307 5538 ac
320 5500 370 5556 per
382 5483 473 5538 multa
499 5481 626 5554 prodigia
642 5487 670 5535 et
684 5479 766 5550 signa
778 5477 858 5532 suam
881 5476 950 5548 ipsis
991 5472 1160 5548 profundere
1169 5476 1261 5547 parati
1275 5484 1358 5533 sunt:
1378 5496 1445 5536 nam
1454 5482 1542 5555 ipsius
1551 5494 1691 5560 precepta
1705 5490 1788 5544 firme

147 5571 310 5644 potentiam
332 5571 606 5628 declararitllemm
625 5568 679 5643 ipsi
704 5583 815 5641 quoque
829 5566 950 5638 perfidos
992 5564 1151 5634 observant,
1162 5571 1256 5622 sancte
1269 5566 1399 5626 videlicet
1412 5586 1445 5627 ac
1455 5572 1788 5649 juste,quemadmodum

276 5670 409 5736 Parnon.
432 5669 569 5734 bxlllll.
1629 5671 1669 5736 l8
