3818 6120
173 267 225 326 7tt
731 268 776 323 DE
796 268 889 349 vltis
910 270 1055 329 PATRUM
1074 268 1180 328 LIBER
1199 269 1249 325 ΙΙΙ.
1760 269 1809 328 tlt

173 399 298 469 densque
313 395 409 463 irater,
424 392 493 471 dicit
506 392 551 451 ei:
577 392 634 464 ligo
649 399 679 448 et
695 394 748 457 boc
764 397 825 467 jam
840 396 966 471 cognovi.
976 398 1111 467 Aequam
1123 394 1152 449 in
1161 394 1272 467 pelvim,
1284 400 1314 448 et
1327 391 1477 463 festinabat
1485 393 1580 449 lavare
1589 392 1677 466 pedes
1686 394 1808 451 domino

174 486 250 542 Dixit
266 482 396 541 autemei
406 481 470 538 ille:
484 482 519 537 Et
532 484 607 538 unde
621 482 674 538 hoc
687 483 804 557 potuisti
819 502 969 556 cognosce·
1009 500 1073 539 rum
1088 501 1214 550 suornm,
1230 500 1294 539 cnm
1317 481 1394 539 omni
1408 481 1569 538 humilitate
1586 482 1758 555 obsequium
1769 484 1807 540 eis

172 573 222 634 re?
243 575 277 630 nt
291 573 338 628 ille
348 571 408 627 ait:
431 571 504 627 Dum
518 569 547 627 in
562 570 664 629 itinere
684 579 768 629 noctu
783 573 966 645 quiescerem,
1009 573 1140 628 exhibere
1153 574 1278 646 cupiens.
1295 571 1351 649 Ipsi
1366 589 1430 627 vero
1445 570 1579 627 nolebant
1591 572 1808 647 acquiescerent

171 662 265 720 audivi
279 662 420 717 daemones
429 660 505 717 inter
523 676 553 721 se
566 661 712 733 loquentes
726 667 755 717 et
766 663 920 734 gloriantes
933 664 968 720 de
1009 663 1094 735 pedes
1107 679 1204 718 eorum
1217 661 1353 728 ablueret,
1368 661 1416 716 sed
1432 660 1578 718 dicebant:
1595 661 1670 727 Noli,
1685 660 1808 717 beatimi-

168 753 252 825 lapsn
261 748 634 818 tno‚etnimiscontristatus
644 767 717 807 sum.
731 752 810 807 Tunc
824 753 968 824 respondit
1008 768 1054 807 me
1066 752 1160 811 Pater.
1176 768 1293 824 gravare
1307 751 1417 806 animas
1432 757 1552 806 nostras.
1569 753 1608 805 nt
1628 750 1678 806 ille
1693 767 1807 824 respon·

168 842 195 898 ei
210 842 258 897 ille
271 841 436 908 monachus,
452 840 559 897 dicens:
576 840 645 896 Ecce
660 857 711 912 ego
721 841 858 913 egredior,
876 849 904 898 et
922 861 967 899 va·
1007 840 1075 896 dens
1084 841 1195 897 dicebat
1204 841 1240 897 ei:
1253 841 1311 913 Ego
1321 857 1418 897 servus
1430 846 1600 908 restersnm,
1610 857 1679 895 nam
1689 857 1738 895 vos
1748 856 1805 897 esse

167 931 203 986 do
229 931 259 986 in
286 931 432 986 saeculnm.
445 930 511 987 llaec
534 930 582 984 ille
605 929 732 997 audiens,
762 931 967 1004 deprecabatur
1007 929 1137 985 dominos
1153 947 1231 985 meos
1243 929 1420 1001 omnipotens
1434 929 1509 985 Deus
1523 928 1688 995 constituit;
1706 935 1801 1003 etgra-

167 1037 242 1088 eum,
260 1019 373 1075 dicens:
395 1019 460 1075 Noli
470 1019 523 1074 hoc
535 1035 628 1090 agere,
644 1019 740 1086 frater,
754 1022 803 1076 sed
813 1021 904 1093 magis
917 1039 965 1095 pa·
1006 1017 1059 1074 tias
1072 1035 1125 1093 ago
1139 1019 1263 1074 dominio
1279 1024 1380 1085 vestro,
1397 1019 1461 1090 quia
1476 1019 1583 1092 dignati
1598 1019 1668 1074 estis
1683 1034 1728 1073 me
1740 1035 1800 1091 per-

166 1108 271 1164 tienter
285 1108 427 1164 sustinens
437 1122 571 1179 permane
585 1106 614 1161 in
629 1108 681 1162 hoc
696 1108 767 1163 loco.
779 1109 851 1165 Nam
866 1109 964 1167 mulie·
1004 1108 1162 1164 mitterent
1175 1108 1294 1164 serviam
1309 1109 1366 1163 Deo
1380 1108 1441 1162 vivo
1456 1114 1484 1163 et
1497 1125 1572 1174 vero,
1581 1108 1702 1163 creatori
1713 1125 1747 1165 ac
1757 1108 1802 1164 do-

165 1214 227 1254 rem
240 1198 619 1270 expellamus,etrevertatur
628 1197 663 1253 ad
673 1199 862 1254 locumsuum.
872 1200 963 1257 Mani·
1004 1196 1136 1252 minatori
1146 1196 1340 1264 coelietterrae,
1353 1197 1443 1251 etimo
1453 1196 1540 1251 detuli
1550 1195 1629 1251 vobis
1637 1196 1800 1270 pensionem

165 1285 235 1341 leste
247 1286 322 1341 enim
333 1286 540 1359 istaexquisitio
549 1303 595 1341 ars
607 1287 723 1359 maligni
732 1287 835 1343 diaboli
844 1294 895 1344 est.
906 1290 963 1347 Ma·
1003 1286 1145 1342 servitutis
1152 1303 1230 1342 meae.
1238 1286 1352 1341 Domini
1360 1290 1456 1341 autem
1463 1287 1524 1357 ejus
1533 1285 1802 1351 contendebantmo·

163 1374 309 1447 gisantem
319 1380 430 1447 opertet
438 1376 627 1431 utmaneasin
637 1376 689 1431 hoc
700 1377 760 1432 loco
772 1377 802 1432 in
811 1378 962 1436 aillictione
1002 1370 1091 1425 lentes
1101 1371 1227 1446 accipere
1239 1387 1324 1442 quam
1335 1370 1661 1442 detuleratpensionem.
1678 1371 1800 1445 Respon-

164 1464 256 1519 cordia
271 1469 300 1519 et
312 1464 448 1537 corporis,
471 1470 577 1519 etcum
592 1464 685 1520 intimi
699 1466 791 1521 cordis
807 1466 915 1537 gemitu
928 1484 961 1522 ac
1003 1458 1071 1515 dens
1085 1465 1180 1515 autem
1197 1461 1351 1516 monachus
1361 1459 1431 1515 dixit
1444 1459 1498 1514 eis:
1516 1460 1545 1515 Si
1561 1460 1712 1516 uoluentis
1734 1462 1800 1517 unci·

162 1552 294 1626 lacrymis
304 1569 393 1625 usque
407 1553 442 1608 ad
453 1554 558 1609 exitum
568 1555 631 1611 vite
645 1554 796 1626 deprecare
808 1556 921 1612 Domini
929 1574 961 1613 ac
1001 1566 1068 1620 pere
1076 1550 1239 1622 pensionem
1247 1566 1349 1617 meam,
1363 1550 1403 1604 ita
1412 1549 1558 1609 decrerint
1568 1567 1626 1604 non
1638 1551 1798 1607 revertaris

162 1641 314 1698 Salvatoris
329 1643 419 1698 nostri
434 1642 579 1715 pietatem,
590 1649 623 1698 ut
633 1644 722 1715 possis
733 1644 858 1700 invenire
873 1646 959 1702 mise·
1001 1638 1284 1704 0¹¹0m¹1¹lb⁸0dhi⁰i¹l
1299 1639 1429 1711 Plfflssenii
1442 1656 1493 1711 per
1494 1656 1604 1707 ΝΜΟ,
1612 1644 1642 1694 et
1649 1638 1742 1695 Selli⁰
1757 1657 1798 1696 lt>-

160 1731 310 1787 ricordiam
325 1733 354 1788 in
369 1732 414 1789 die
429 1732 476 1786 illo
491 1732 609 1787 terribili
622 1734 716 1803 magni
729 1734 828 1805 judicii
843 1735 903 1790 Dei.
968 1726 1223 1814 pilis-Haecttulem
1237 1728 1385 1784 audientes
1400 1728 1505 1783 domini
1515 1729 1585 1800 ejus.
1598 1728 1798 1802 acquiel'emlll

195 1820 240 1877 ts.
251 1821 318 1876 Erat
327 1820 441 1892 quidam
450 1821 537 1877 frater
548 1821 577 1877 in
584 1838 689 1887 eremo,
703 1821 849 1878 habitabat
863 1829 958 1880 autem
999 1817 1141 1888 suscipere
1152 1817 1365 1889 pensionem,ne
1375 1817 1599 1882 contristaretur,
1610 1818 1661 1873 sed
1671 1819 1798 1892 magisut

159 1909 191 1965 in
204 1909 265 1965 laco
280 1910 328 1981 qui
348 1907 494 1965 dicebatur
506 1910 602 1976 Gellia,
620 1916 649 1965 et
674 1910 879 1983 impugnabant
892 1930 956 1968 eum
998 1911 1187 1962 revereretur
1197 1906 1232 1962 ad
1247 1906 1308 1962 ioca
1321 1906 1409 1961 eremi
1423 1907 1458 1961 ad
1472 1906 1602 1961 cellulam
1618 1923 1712 1962 suam.
1728 1908 1795 1964 lllnd

159 1997 301 2054 demones
314 1997 344 2055 in
357 1999 487 2071 passione
502 1998 851 2071 fornicationis.Cogitavit
861 2007 955 2057 autem
997 2000 1092 2050 autem
1107 1996 1181 2067 quod
1196 1995 1226 2050 in
1244 1995 1407 2068 pensionem
1435 2012 1515 2051 suam
1530 1996 1617 2050 etiam
1633 1997 1792 2054 nolentibus

159 2087 234 2160 apud
244 2086 436 2159 semetipsum,
447 2088 560 2159 dicens:
578 2088 650 2153 Quia
657 2088 776 2144 forsitan
784 2095 896 2161 oportet
909 2108 955 2147 me
996 2083 1084 2138 dabat
1097 2084 1294 2152 dominissuis,
1306 2086 1402 2140 statim
1416 2091 1448 2140 ut
1461 2084 1647 2157 accipiebant,
1664 2086 1792 2159 pauperi·

158 2175 248 2247 magis
263 2175 292 2230 in
307 2192 392 2247 opere
406 2193 542 2233 manuum
555 2176 692 2245 laborare,
711 2184 743 2233 ut
757 2179 955 2251 exstinguatur
996 2173 1049 2228 bus
1061 2174 1225 2245 erogabant.
1236 2175 1446 2245 Interrogantes
1455 2175 1693 2230 autemeumdem
1707 2176 1792 2233 senia·

156 2264 276 2319 carnalis
289 2281 389 2331 sensus
401 2281 491 2321 meus.
515 2265 583 2322 Erat
594 2271 690 2336 autem
705 2267 779 2322 idem
791 2266 879 2323 frater
892 2274 954 2325 arta
995 2280 1055 2318 rem
1068 2263 1179 2331 tratres,
1195 2263 1326 2319 dixerunt
1339 2264 1365 2318 ei
1381 2281 1387 2317 ι
1404 2262 1591 2319 Obsccmmus
1603 2269 1642 2333 te,
1655 2265 1749 2329 Pater,
1764 2271 1791 2321 ut

155 2351 269 2424 tigulus.
282 2352 440 2426 ilrsurgcns
453 2358 549 2410 autem
564 2353 630 2412 fecit
640 2355 668 2410 in
683 2356 753 2423 luto,
769 2362 799 2411 et
806 2357 954 2428 plasmavit
994 2352 1071 2409 dicas
1078 2353 1216 2429 nobiscur
1226 2369 1290 2409 cum
1301 2358 1380 2408 tanta
1389 2352 1545 2407 intentione
1554 2370 1607 2425 pro
1618 2354 1735 2421 servitio
1747 2360 1788 2410 tuo

155 2440 235 2512 quasi
249 2441 371 2513 llgnram
386 2443 522 2510 mulieris,
531 2448 561 2498 et
569 2443 640 2498 dixit
654 2444 869 2515 cogitationibus
876 2447 951 2503 suis:
994 2441 1157 2514 pensionem
1177 2442 1262 2498 etiam
1276 2441 1437 2497 nolentibus
1456 2447 1485 2497 et
1498 2442 1582 2497 nimis
1598 2442 1788 2499 resistentib·

154 2529 224 2586 Ecce
238 2547 309 2585 uxor
322 2535 381 2594 tua,
404 2530 592 2587 necessarium
603 2538 646 2588 est
659 2550 726 2605 ergo
741 2539 774 2588 nt
787 2551 872 2607 super
885 2552 952 2592 con·
993 2531 1045 2587 tibi
1060 2531 1182 2587 dominis
1196 2531 1341 2602 ingessisti
1356 2530 1370 2584 ‘l
1382 2531 1425 2586 Ad
1440 2531 1498 2586 haec
1512 2532 1691 2604 respondens
1704 2532 1788 2588 senior

154 2618 334 2675 suetudinem
345 2619 466 2676 addasin
476 2637 704 2692 operemanuum
715 2627 876 2691 tuarum3et
890 2631 953 2696 post
994 2621 1083 2677 dixit:
1110 2622 1179 2693 Ego,
1194 2621 1305 2686 fratres,
1318 2620 1382 2676 ideo
1395 2620 1496 2675 festino
1511 2638 1561 2692 pro
1577 2621 1705 2688 servitio,
1722 2622 1786 2695 quod

153 2707 313 2779 aliquantos
341 2709 401 2764 dies
424 2709 527 2787 iterum
551 2710 682 2767 similiter
703 2711 768 2767 tecit
786 2730 820 2767 ex
834 2713 903 2779 luto,
921 2719 950 2770 et
992 2716 1129 2782 tanquam
1144 2709 1265 2765 dominis
1278 2709 1348 2764 meis
1361 2709 1448 2764 debeo
1457 2709 1623 2781 pensionem
1638 2727 1691 2782 per
1702 2711 1785 2783 singu

153 2795 303 2868 plasmavit
316 2798 397 2869 quasi
413 2798 500 2854 tiliam
513 2799 577 2865 sibi,
604 2804 633 2854 et
647 2800 717 2855 dixit
733 2802 950 2873 cogitationibus
992 2801 1033 2855 los
1042 2816 1131 2866 anpos
1141 2798 1351 2871 adimplereeis,
1363 2804 1395 2854 ut
1408 2797 1544 2872 quidquid
1555 2799 1618 2871 jam
1633 2817 1699 2855 cum
1714 2800 1784 2873 adju·

151 2884 234 2941 suis:
264 2887 334 2943 Ecce
346 2888 493 2959 generavit
505 2895 634 2944 uxortua
649 2891 745 2956 filiam,
762 2892 950 2949 necessarium
991 2889 1064 2944 torio
1078 2888 1191 2944 Domini
1206 2888 1235 2944 in
1244 2887 1362 2960 jejuniis
1377 2893 1406 2943 et
1419 2887 1604 2953 orationibus,
1621 2906 1673 2944 seu
1688 2889 1718 2944 in
1732 2906 1783 2945 san

151 2979 245 3041 ΔΜ
259 2980 303 3032 est
315 2977 516 3050 ergoutmagis
529 2978 676 3050 magisque
691 2980 812 3052 atriplius
822 2997 950 3037 exerceas
991 2978 1043 3033 ctis
1057 2978 1168 3050 vigiliis,
1184 2978 1228 3032 vel
1242 2978 1272 3033 in
1287 2977 1364 3033 omni
1385 2994 1469 3049 opere
1495 2976 1646 3048 spirituali.
1678 2978 1781 3034 Christo

149 3077 236 3136 opera
248 3081 394 3133 mannum,
412 3072 444 3120 ut
458 3066 547 3138 possis
568 3083 682 3139 pascere
705 3074 734 3123 et
742 3068 853 3136 vestire,
865 3076 894 3125 et
907 3076 944 3137 te,
990 3067 1109 3122 Domino
1122 3067 1155 3122 ad
1156 3068 1283 3139 juvante,
1299 3065 1470 3132 laboravero,
1487 3066 1540 3120 hoc
1554 3066 1626 3121 mihi
1640 3066 1672 3121 in
1686 3073 1782 3123 eterna

149 3157 178 3209 et
191 3169 316 3221 uxorem,
329 3158 360 3209 et
372 3155 460 3211 aliam
476 3160 574 3225 tuam3
591 3162 620 3211 et
634 3157 675 3211 ita
686 3174 743 3231 pra
751 3158 838 3214 nimio
851 3158 946 3215 labore
986 3156 1053 3223 vita,
1077 3163 1105 3211 et
1120 3155 1290 3211 adsalutem
1305 3155 1406 3211 anima
1421 3171 1488 3210 men
1503 3156 1644 3227 proficiat,
1661 3172 1698 3211 nc
1717 3156 1779 3212 sorte

147 3243 300 3298 maceravit
312 3260 413 3316 corpus
428 3260 521 3312 sunm,
530 3249 563 3300 ut
572 3261 629 3300 non
639 3247 802 3317 prevaleret
812 3248 872 3319 jam
882 3265 946 3320 sup·
986 3246 1010 3300 si
1024 3247 1187 3317 pensionem
1202 3262 1253 3318 pro
1267 3245 1380 3301 servitio
1388 3260 1450 3299 meo
1459 3244 1574 3299 minime
1585 3245 1720 3311 intulero,
1727 3246 1778 3317 jan

146 3337 261 3403 portare
273 3337 384 3388 tantum
400 3331 534 3390 laborem.
555 3334 633 3390 Tunc
648 3333 718 3389 dixit
729 3336 945 3407 cogitationibus
986 3338 1063 3389 totus
1077 3334 1213 3407 spiritalis
1236 3332 1317 3389 labor
1338 3351 1419 3389 meus
1439 3334 1474 3389 ad
1494 3333 1608 3388 illorum
1625 3335 1777 3391 mercedem

145 3420 220 3476 suis:
238 3421 311 3487 Quin
323 3421 349 3476 si
362 3437 418 3477 non
433 3423 565 3494 prevales
581 3423 700 3478 nimium
725 3424 809 3479 istum
824 3425 945 3481 sustine·
985 3415 1122 3487 Pfflficlssb
1138 3415 1186 3487 (tui
1200 3431 1246 3470 ¹¹¹0
1269 3414 1459 3486 permiserunt
1472 3413 1584 3469 Chlissw
1599 3414 1723 3470 D⁰¹¹¹i¹¹0
1736 3414 1777 3470 ἅθ’

144 3525 176 3565 re
189 3508 325 3573 laborem,
349 3527 440 3584 neque
455 3511 603 3567 mulierem
619 3512 756 3584 requiras.
772 3513 877 3586 Videas
891 3532 942 3571 au·
984 3504 1097 3571 sellim,
1116 3510 1146 3559 ei
1159 3503 1323 3576 Spiritaliffl
1334 3503 1502 3558 ⁰0¹¹V⁰P⁸⁰fb

143 3603 202 3655 tem
214 3600 289 3655 Deus
301 3598 410 3655 fervens
423 3600 596 3673 propositum
607 3607 710 3656 mentis
717 3603 779 3672 ejus
791 3619 842 3674 pro
854 3609 941 3659 certa·
1016 3593 1062 3648 18·
1079 3594 1167 3648 Erant
1181 3593 1236 3648 (¹110
1250 3593 1360 3659 smiles,
1376 3592 1529 3648 secundum
1543 3586 1661 3649 cmm
1671 3593 1776 3666 quiden

144 3687 382 3757 maecenatis,
397 3687 513 3744 aberunt
526 3686 562 3743 ab
576 3706 608 3744 eo
623 3689 780 3745 molestam
795 3690 943 3764 impugna·
981 3682 1120 3756 germani,
1130 3687 1447 3754 verumtamenuterque
1461 3682 1491 3736 in
1503 3681 1625 3754 spiritaii
1640 3682 1774 3756 propono

144 3775 230 3831 tionis
243 3776 411 3832 daemonnm.
429 3777 464 3833 Et
489 3777 657 3849 glorificavit
677 3779 767 3833 Deum
782 3796 866 3853 super
880 3798 941 3839 ma.
983 3771 1113 3828 monachi
1133 3772 1292 3839 existentes,
1320 3769 1561 3843 insidiabaturque
1580 3771 1621 3827 eis
1639 3772 1773 3845 malignus

143 3863 291 3935 gnitudine
300 3864 399 3936 matie
408 3866 478 3937 ejus.
499 3918 502 3924 ι
982 3861 1120 3928 diabolus,
1137 3868 1170 3917 ut
1180 3861 1431 3933 quomodocunque
1444 3877 1493 3916 eos
1507 3867 1656 3932 separaret
1665 3860 1701 3917 ab
1711 3859 1772 3917 invi·

181 3951 224 4010 16.
241 3952 361 4018 Quidam
373 3954 461 4010 trater
474 3954 667 4027 interrogabat
680 3955 795 4014 beatum
810 3957 940 4015 abbatem
981 3968 1041 4007 cem
1050 3952 1241 4020 (Pelas-‚libell
1245 3968 1301 4015 dv,
1309 3947 1589 4020 convulnerandam
1597 3951 1688 4023 igitur
1695 3949 1772 4007 dicad

142 4036 417 4108 Poemenem,dicens
429 4059 435 4095 ι
449 4039 523 4105 Quid
535 4040 646 4107 faciam,
663 4042 756 4110 Pater,
772 4044 839 4115 quia
849 4043 940 4116 impu·
980 4057 1135 4112 vesperam,
1147 4038 1538 4096 secundumconsuetudinem
1547 4038 1597 4093 ille
1606 4040 1716 4111 junior,
1724 4040 1771 4095 ira·

140 4132 211 4199 gant
229 4145 274 4184 me
288 4129 381 4200 passio
406 4129 609 4198 lomicationis,
626 4136 655 4186 et
673 4131 767 4203 rapior
791 4133 820 4187 in
835 4133 940 4204 passio·
979 4135 1024 4185 ter
1037 4130 1191 4186 accendens
1204 4129 1347 4184 lucernam
1363 4129 1457 4200 posuit
1472 4128 1769 4200 supercandelabmn.

141 4231 206 4271 nem
217 4215 344 4273 furoris?
357 4218 393 4274 Et
405 4219 578 4290 respondens
589 4219 659 4274 dixit
670 4220 696 4275 ei
711 4226 825 4277 sanctus
832 4221 936 4279 senior:
979 4217 1769 4284 Facienteautemmalitiadaemonum,ruitcandelabmm‚

140 4305 206 4362 ideo
225 4306 420 4379 utiqueuavid
430 4307 567 4380 propheta
585 4309 713 4365 dicebat:
739 4310 811 4376 Quia
826 4311 937 4366 leonem
978 4314 1008 4363 et
1022 4308 1160 4364 exstincta
1173 4313 1216 4362 est
1229 4307 1354 4363 lucerna.
1371 4307 1426 4362 Per
1437 4305 1510 4361 hanc
1520 4307 1702 4363 occasionem
1711 4306 1771 4363 insi·

140 4395 254 4469 quidem
268 4395 468 4468 percutiebam,
482 4413 549 4452 nam
563 4403 592 4452 et
601 4415 697 4455 ursum
709 4398 841 4472 irequens
854 4399 937 4455 suile·
947 4393 1109 4453 Ddiabatur
1122 4397 1163 4452 eis
1177 4397 1317 4469 malignus
1331 4395 1468 4463 diabolus,
1485 4400 1517 4451 ut
1526 4394 1557 4451 in
1570 4396 1654 4452 litem
1670 4414 1719 4453 eos
1731 4396 1769 4453 in·

139 4484 237 4541 cabam
252 4485 276 4554 (1
298 4486 360 4554 lice.
377 4484 453 4558 χιιι).
475 4484 537 4541 Hoc
561 4492 655 4542 autem
684 4488 725 4543 ita
754 4488 934 4560 intelligitur,
977 4487 1109 4543 cenderet
1124 4506 1131 4555 3
1148 4501 1322 4559 surgensque
1336 4485 1431 4541 senior
1445 4484 1530 4557 coepit
1543 4491 1696 4557 percutere
1713 4500 1768 4542 cun

138 4574 205 4646 qnia
218 4574 342 4629 furorem
357 4572 392 4628 ab
406 4574 501 4629 animo
515 4591 579 4631 meo
597 4575 802 4644 abscindebam,
818 4577 936 4633 tornica-
975 4577 1070 4631 furore
1081 4577 1197 4631 tratrem
1206 4591 1299 4631 suum.
1313 4574 1364 4631 llle
1375 4591 1439 4630 vero
1453 4575 1649 4647 prostratuain
1660 4580 1767 4641 terram

137 4664 245 4719 tionem
259 4669 355 4719 antem
370 4663 399 4718 in
410 4663 552 4720 laboribus
567 4664 737 4736 affligebam.
975 4658 1350 4737 deprecabaturgermanum
1359 4662 1767 4736 suum,dicens:biagmanimn¹

175 4750 216 4808 17.
233 4751 369 4808 Dicebant
382 4753 472 4808 sancti
494 4753 620 4809 seniores
644 4754 741 4809 Patres
761 4755 796 4809 de
809 4757 932 4828 quodam
975 4760 1044 4822 esto,
1056 4754 1179 4820 domine,
1192 4758 1221 4808 et
1232 4769 1283 4826 ego
1293 4769 1391 4809 rursus
1400 4752 1522 4809 accendo
1540 4752 1767 4825 lucernangs

137 4841 339 4912 monachojam
352 4842 602 4914 senioreinScythi
616 4859 711 4898 ereum
727 4850 930 4913 commanente,
974 4844 1041 4917 quia
1049 4860 1105 4898 non
1111 4842 1255 4915 respondit
1261 4841 1286 4898 ei
1297 4840 1490 4897 turbulentum
1501 4842 1767 4910 sermonem,statim

137 4928 277 5001 quomodo
293 4947 389 4986 servus
411 4931 598 5004 quorumdam
614 4938 683 4999 erat,
701 4938 729 4987 et
743 4950 793 5004 per
806 4933 932 5005 singulos
973 4935 1113 5005 malignus
1121 4929 1594 5004 spiritusconfusnsrecessitabeis.
1608 4931 1647 4987 Et
1654 4947 1766 5007 pergens

135 5033 224 5072 annos
242 5018 428 5075 descendebat
443 5021 477 5075 de
504 5037 599 5076 cremo
614 5021 643 5076 in
658 5021 867 5088 allexandriam
883 5024 932 5079 ubi
972 5024 1071 5078 endem
1086 5027 1167 5077 nocte
1180 5021 1320 5076 nuntiavit
1334 5020 1453 5093 principi
1463 5019 1638 5089 damonum,
1655 5020 1762 5077 dicens:

134 5105 349 5161 commanebant
363 5107 469 5163 domini
479 5111 551 5181 ejus,
567 5110 694 5165 deferens
705 5111 745 5166 eis
756 5112 929 5183 pensionem,
972 5111 1110 5176 Quoniam
1125 5116 1241 5183 propter
1255 5109 1444 5165 humilitatem
1468 5108 1542 5164 illins
1562 5109 1708 5177 monachi,
1722 5108 1764 5182 qui

133 5195 208 5251 sicut
220 5194 311 5250 solent
321 5196 392 5250 servi
398 5197 464 5253 dare
470 5198 590 5256 dominis
605 5201 866 5271 suiatPclop.,ltbeli.
882 5203 927 5270 15,
970 5206 1127 5273 prostratus
1140 5200 1170 5255 in
1184 5205 1261 5255 terra
1275 5198 1385 5255 veniam
1399 5195 1560 5271 postulabat
1573 5198 1690 5254 atratre
1704 5214 1763 5264 suo,

132 5301 212 5341 num.
229 5281 274 5351 31,
288 5288 401 5340 aonrinc
415 5286 557 5359 Olympia).
572 5289 626 5345 Sed
644 5291 751 5346 domiui
765 5292 827 5362 ejas
836 5293 928 5364 magis
969 5307 1026 5346 non
1040 5289 1172 5362 praevalui
1187 5289 1217 5344 in
1232 5288 1282 5344 eis.
1300 5287 1457 5360 l'idensque
1471 5288 1547 5343 Dens
1576 5287 1764 5358 humilitatem

131 5372 317 5430 reverentiam
324 5389 376 5446 pro
385 5374 486 5432 timore
500 5377 692 5435 Deilrabentes
701 5380 774 5436 circa
784 5396 859 5446 eum,
879 5381 929 5437 lvo-
969 5381 1040 5451 ejus,
1056 5378 1154 5455 alludit
1167 5394 1252 5451 super
1262 5395 1327 5434 eum
1334 5378 1456 5451 gratiam
1466 5393 1565 5444 suam3
1576 5382 1606 5433 et
1616 5378 1764 5451 egoscutio

129 5463 271 5520 norabant
283 5468 461 5520 occurrentes
470 5466 926 5543 etsalutanteseum,petentesque
968 5486 1013 5524 mc
1033 5469 1110 5525 valde
1124 5468 1250 5541 torqueri
1259 5473 1344 5540 atque
1350 5466 1478 5534 cruciari,
1488 5465 1624 5540 qnoniam
1635 5481 1764 5541 nonpra·

128 5559 160 5609 ut
173 5552 277 5625 procis
292 5551 592 5614 Dominumexoraret.
610 5556 659 5612 Ille
672 5562 770 5613 autem
795 5557 925 5614 mittebat
967 5559 1042 5614 valui
1056 5575 1244 5632 cosseparare
1258 5557 1294 5614 ab
1318 5556 1446 5615 invicem.
1463 5557 1529 5613 Hac
1548 5562 1648 5615 autem
1671 5557 1762 5616 omnia
