3818 6120
130 252 182 307 ela
636 250 682 305 aa
700 250 795 306 viris
815 252 963 308 raruUM
982 255 1090 312 LIBER
1109 255 1255 310 PRIMUS.
1715 251 1769 308 ‘tle

131 391 242 429 mecum
265 375 352 429 detuli
380 389 443 427 cunr
472 372 580 443 exiguis
608 372 806 442 leguminibus,
831 380 864 428 ut
883 374 927 427 rix
935 379 959 435 Α
967 376 1098 432 deberem
1125 378 1226 442 rivere,
1243 374 1345 429 divinis
1359 374 1489 445 alloquiis
1503 390 1559 429 uon
1578 373 1706 429 cessabat
1717 375 1770 431 ad-

130 481 219 535 usque
235 464 264 518 in
276 468 404 534 quartam
415 463 489 516 diem
500 462 657 528 sufficeret,
670 461 765 532 sicque
774 463 927 517 secundum
970 483 1093 520 monere.

129 553 180 608 Dei
194 552 432 623 dispensationem
442 557 471 604 et
484 552 545 621 ejus
559 551 694 621 pietatem
706 551 925 621 profectussum,
1005 556 1073 609 Gar.
1087 554 1303 618 lib-Quodam
1317 557 1412 606 autem
1419 556 1556 624 tempore,
1566 552 1648 623 juxta
1656 569 1772 608 consue-

128 647 162 697 ut
175 641 244 695 mihi
259 640 421 694 ostenderet
435 656 504 693 meae
525 638 707 693 habitationis
722 640 824 693 locum.
842 641 927 710 Egre-
970 644 1096 698 tudinem
1114 644 1149 697 ad
1177 659 1223 696 me
1251 642 1375 709 veniens,
1391 642 1466 695 inter
1480 640 1565 695 rerba
1592 642 1772 697 salutationis

129 731 224 784 diente
238 735 333 783 autem
342 745 387 783 me
402 729 437 782 de
445 728 616 782 monasterio
630 728 661 781 in
671 734 814 793 montana,
831 729 929 784 veniin
969 738 1127 804 prostratus
1140 733 1170 787 in
1180 736 1285 785 terram
1301 730 1423 785 corruit:
1439 730 1615 801 Dominoque
1623 732 1773 786 remittens

129 821 289 886 desertum,
314 819 496 888 cogitansque
524 824 554 872 ut
568 834 712 872 manerem
727 818 775 883 ibi,
793 819 926 873 continuo
967 822 1101 888 animam,
1113 821 1289 875 obdormirit.
1300 819 1381 883 Quod
1388 836 1453 874 cum
1461 818 1594 884 viderem,
1610 819 1696 873 nimis
1707 836 1772 874 sum

128 909 224 961 lumen
247 907 425 980 splendidum
440 911 505 960 ante
519 923 575 973 me,
600 906 679 977 quasi
703 906 817 961 obvians
845 907 924 971 mihi,
967 910 1172 977 contristatus;
1202 916 1232 963 et
1254 909 1401 962 devolutus
1415 908 1504 974 humi,
1517 907 1649 979 lacrymis
1664 907 1772 962 obortis

129 996 194 1051 vidi.
212 996 273 1060 Quo
287 997 355 1062 riso,
378 996 455 1049 valde
469 995 561 1049 timui.
584 995 688 1050 ldcirco
701 1012 813 1066 quoque
829 997 926 1067 putavi
967 998 1109 1053 uberrime
1132 999 1204 1052 deri.
1223 998 1331 1068 Corpus
1349 998 1409 1067 ejus
1432 1013 1497 1050 mox
1522 995 1625 1067 accepi,
1642 1001 1672 1050 et
1689 1006 1772 1051 seces

129 1097 180 1139 me
203 1085 305 1140 debere
333 1085 368 1138 ad
396 1085 599 1139 monasterium
614 1085 734 1155 regredi,
749 1085 824 1139 undo
844 1086 925 1140 exivi.
968 1088 1168 1142 Calidiomeam
1181 1086 1478 1142 terracommendavi.

129 1174 274 1244 Extemplo
287 1174 429 1227 autemde
443 1173 652 1244 radioprmelari
668 1174 783 1227 luminis
792 1174 833 1227 rir
843 1190 926 1245 aspe-
1003 1178 1121 1233 Caeli.
1138 1178 1367 1231 -Dumautem
1387 1191 1439 1245 ego
1467 1174 1642 1246 Paphnutius
1665 1191 1682 1227 a
1710 1175 1771 1227 viro

129 1268 176 1316 ctu
199 1262 405 1335 pulcherrimus
434 1263 550 1316 accessit
564 1263 599 1316 ad
626 1279 680 1329 me,
698 1269 726 1317 et
739 1262 809 1316 dixit
827 1263 924 1317 mihi:
967 1266 1143 1320 sanctissimo
1157 1264 1432 1335 Onuphrio,rationis
1443 1264 1527 1334 hujus
1541 1262 1771 1333 loquelamaudi-

128 1351 193 1405 Noli
208 1368 364 1422 pavescere,
386 1367 437 1420 ego
453 1352 528 1404 enim
543 1368 605 1406 sum
620 1351 670 1404 Dei
682 1352 807 1419 angelus,
829 1351 880 1406 tibi
892 1352 927 1406 ad
969 1371 1039 1420 rem,
1053 1355 1168 1424 inquam
1182 1353 1218 1409 ad
1233 1371 1296 1407 eum
1313 1372 1318 1405 ι
1342 1353 1428 1406 Pater
1442 1358 1548 1416 sancte,
1569 1351 1694 1405 laborem
1705 1368 1769 1405 esse

130 1440 345 1494 custodiendum
362 1439 397 1493 ab
421 1447 482 1492 ortu
500 1445 547 1492 tuo
565 1440 586 1508 (l
597 1439 621 1509 l)
640 1440 816 1511 providentia
834 1440 929 1494 (lirina
969 1460 1025 1497 non
1040 1443 1182 1498 modicum
1193 1444 1254 1513 jam
1268 1442 1368 1508 sentio,
1386 1457 1469 1512 quem
1483 1457 1534 1511 pro
1545 1439 1772 1495 nomineChristi

130 1529 295 1593 destinatus,
313 1534 344 1583 ut
351 1527 468 1599 jubente
479 1529 536 1581 Deo
550 1532 642 1581 tecum
658 1536 843 1593 nranerenr,et
857 1535 885 1582 te
898 1529 929 1582 in
969 1533 1097 1586 tolerasti
1113 1532 1141 1585 in
1156 1532 1209 1585 hac
1220 1531 1383 1585 eremoh'ir
1397 1535 1510 1585 sanctus
1525 1529 1678 1601 respondit:
1688 1529 1770 1596 Mihi,

130 1618 202 1670 hauc
217 1634 343 1670 eremum
358 1617 498 1671 ducerem.
515 1616 658 1672 Perfectus
678 1622 746 1684 esto,
756 1618 870 1672 humilis
887 1619 928 1672 iu·
970 1621 1067 1684 frater,
1083 1619 1164 1674 erede
1175 1620 1375 1674 dilectissime:
1404 1621 1434 1674 in
1457 1619 1568 1673 deserto
1592 1618 1724 1682 sustinui,
1740 1622 1773 1672 ut

130 1705 294 1759 eedecoram
305 1705 434 1771 Domino,
450 1722 514 1759 cum
525 1706 629 1776 gaudio
639 1705 745 1772 labora,
753 1712 886 1760 cortuum
900 1707 929 1760 in
941 1692 1071 1781 Bsaepius
1086 1714 1215 1781 putarem
1230 1726 1274 1763 me
1299 1714 1390 1762 morte
1409 1708 1548 1778 superari.
1563 1707 1671 1778 Abspes
1685 1707 1774 1761 etiam

129 1794 206 1847 omni
222 1795 349 1848 custodia
362 1811 505 1859 conserva,
525 1795 584 1847 vive
599 1794 659 1848 sine
674 1797 798 1865 querela,
810 1796 840 1849 in
855 1796 929 1850 bono
971 1797 1029 1865 (16)
1039 1796 1181 1851 multoties
1195 1797 1269 1862 vitre,
1281 1802 1313 1850 ut
1322 1796 1367 1849 vix
1376 1796 1497 1850 halitum
1506 1795 1536 1849 in
1551 1810 1668 1866 corpore
1680 1792 1771 1847 senti·

130 1899 214 1953 opero
226 1899 382 1954 persevera.
395 1883 453 1952 Ego
468 1898 534 1936 rero
547 1888 575 1937 te
591 1899 646 1936 non
660 1884 864 1954 derelinquam,
882 1884 930 1939 do-
970 1903 1029 1939 rem
1044 1902 1200 1940 remanere.
1215 1886 1270 1940 Per
1282 1885 1354 1939 diem
1370 1890 1440 1939 {estu
1452 1889 1481 1937 et
1490 1884 1555 1954 igne
1566 1883 1633 1937 solis
1645 1882 1775 1936 ardentis

130 1987 182 2024 nec
194 1971 319 2024 animam
335 1976 412 2024 tuam
427 1971 763 2041 inpraesentiamsummm
773 1973 929 2043 majestatis
970 1974 1082 2037 urebar,
1103 1980 1274 2045 pernoctem
1285 1989 1347 2027 rore
1362 1980 1390 2026 et
1399 1973 1502 2044 pruina
1512 1972 1640 2036 intectus,
1656 1971 1731 2024 same
1746 1975 1776 2025 et

131 2060 257 2114 otlerani.
267 2061 451 2113 Haeclocutus
461 2065 504 2113 est
515 2059 585 2112 mihi
600 2061 930 2134 angelusiterinceptum
971 2064 1018 2117 siti
1034 2063 1168 2117 etelectus.
1187 2063 1328 2132 Oquanta
1346 2069 1375 2116 et
1390 2061 1484 2132 qualia
1498 2077 1598 2133 passus
1607 2076 1670 2114 sum
1688 2061 1774 2114 lNon

131 2163 241 2202 mecum
251 2149 408 2202 comitatus.
972 2151 1084 2218 suflicit,
1099 2168 1190 2222 neque
1213 2151 1375 2222 quempiam
1397 2151 1479 2203 decet
1498 2149 1594 2221 plagas
1613 2164 1646 2202 ac
1664 2146 1777 2201 labores

168 2239 232 2291 Car.
248 2238 320 2292 vill.
338 2268 370 2278 -
381 2238 570 2308 pergebamus
582 2240 623 2295 ita
635 2239 719 2293 simul
734 2255 784 2293 sex
798 2239 930 2294 milliaria
972 2256 1114 2305 enarrare,
1139 2257 1208 2311 quos
1234 2240 1318 2294 homo
1339 2239 1494 2294 moriturus
1517 2253 1568 2308 pro
1586 2237 1636 2291 Dei
1655 2236 1776 2290 viventis

131 2326 174 2379 vel
187 2332 304 2396 septem,
318 2332 347 2380 et
361 2328 395 2380 ad
411 2329 563 2397 quamdam
573 2328 701 2383 venimus
715 2329 876 2400 speluncam
884 2328 929 2382 ni·
971 2346 1066 2394 amore
1091 2328 1173 2383 debet
1187 2330 1317 2382 tolerare.
1334 2328 1443 2382 Reddet
1457 2327 1594 2383 Dominus
1615 2325 1787 2380 mercedem·

132 2414 185 2469 mis
198 2416 338 2469 decoram.
354 2417 533 2488 Appropiavi,
550 2418 644 2470 volens
659 2416 805 2482 sciscitari,
822 2417 845 2470 si
856 2417 928 2471 forte
970 2417 1097 2472 laborum
1112 2424 1272 2471 sanctorum
1297 2434 1412 2471 suorum
1429 2414 1503 2485 (Sap.
1515 2417 1551 2484 x).
1565 2416 1651 2485 Cujus
1666 2413 1775 2468 divitia

132 2504 272 2574 quispiam
286 2504 363 2559 intus
372 2512 508 2559 maneret.
526 2506 684 2559 Secundum
699 2506 930 2559 consuetudinem
972 2507 1044 2561 sicut
1056 2513 1270 2577 nonaugentur,
1286 2507 1326 2560 ita
1336 2521 1514 2577 nequaquam
1529 2504 1703 2558 minuentur.
1721 2504 1776 2557 Per

133 2593 335 2647 monachorum
350 2595 473 2648 clamare
487 2594 567 2664 capi,
588 2593 811 2648 benedictionem
825 2594 930 2648 humil·
973 2595 1142 2666 quemeninr
1164 2595 1278 2661 famem,
1300 2595 1386 2659 sitim,
1402 2594 1491 2664 frigus
1511 2599 1539 2647 et
1559 2599 1669 2657 aestum,
1690 2598 1778 2662 atque

133 2682 201 2735 lime
214 2683 283 2753 petii
305 2683 370 2753 (lt).
387 2683 455 2737 Inde
466 2681 554 2737 virum
563 2683 769 2737 sanctissmrum
784 2680 929 2749 exireridi,
973 2679 1778 2753 multigenarumcruciamentamolestiarumsustinui,po-

135 2787 218 2841 quem
238 2776 396 2841 prostratus
411 2773 589 2826 humotenus
604 2771 728 2825 aduniri.
745 2770 933 2824 llleveroma-
973 2779 1035 2825 tens
1046 2777 1090 2826 est
1103 2788 1167 2826 cum
1183 2772 1286 2826 divitiis
1300 2771 1460 2826 caelestibus
1469 2770 1544 2825 inter
1551 2770 1719 2840 angelorum
1731 2784 1777 2823 ca-

135 2875 189 2913 nus
203 2875 268 2913 suas
281 2860 351 2913 mihi
366 2861 498 2933 porrexit,
515 2859 550 2914 de
563 2865 640 2914 terra
654 2876 699 2913 me
710 2859 837 2924 elevavit,
854 2873 936 2912 oscu-
977 2866 1069 2915 terras
1083 2877 1128 2915 me
1143 2861 1280 2915 consolari
1298 2879 1303 2913 :
1318 2861 1454 2914 alimenta
1463 2876 1530 2913 rere
1543 2858 1636 2929 sprevi
1646 2872 1778 2928 corpora-

136 2948 194 3002 lum
204 2948 273 3002 mihi
280 2948 356 3020 pacis
365 2949 464 3004 tribuit
479 2948 544 3020 (13),
558 2955 642 3020 atque
655 2947 727 3003 dixit
742 2967 747 3002 :
765 2949 806 3002 Tu
821 2964 850 3001 es
861 2948 936 3001 enim
977 2949 1025 3016 lia,
1041 2955 1073 3003 ut
1087 2949 1189 3020 dignus
1212 2950 1367 3020 acciperem
1394 2947 1542 3018 spiritalia.
1564 2948 1685 3001 Sanctus
1700 2947 1777 3000 euim

135 3035 221 3090 frater
234 3053 323 3104 meus,
337 3039 486 3093 eremiticae
507 3044 672 3110 cooperator
691 3038 763 3103 vitze,
779 3037 857 3101 ofili,
892 3007 967 3089 in·C
978 3039 1095 3108 angelus
1119 3038 1244 3108 quotidie
1259 3054 1359 3108 panem
1386 3036 1455 3090 mihi
1470 3034 1613 3101 offerebat,
1629 3040 1658 3089 et
1673 3050 1776 3105 aquam

134 3125 263 3195 gredere.
291 3126 365 3181 Deus
392 3127 443 3181 tibi
466 3128 609 3193 concedat,
635 3132 667 3180 ut
688 3128 773 3180 timor
785 3128 846 3197 ejus
865 3126 894 3179 in
908 3130 937 3179 te
978 3143 1172 3199 promensura
1186 3126 1514 3195 ministrabat‚uteorpus
1528 3140 1624 3178 meum
1638 3123 1778 3178 conforta-

134 3220 382 3288 permaneat,opus
391 3223 472 3270 tuum
483 3217 510 3270 in
518 3217 592 3271 illius
598 3221 747 3287 conspectu
753 3215 933 3286 complaceat.
976 3222 1064 3283 retur,
1076 3232 1112 3268 ne
1124 3216 1264 3279 deficeret,
1277 3221 1305 3269 et
1320 3215 1428 3285 jugiter
1439 3214 1469 3267 in
1483 3214 1566 3267 laude
1580 3213 1631 3267 Dei
1646 3228 1778 3283 perseve-

136 3302 238 3356 Statim
253 3319 316 3357 cum
332 3320 365 3359 eo
375 3321 489 3375 specum
502 3305 624 3371 introivi,
634 3305 750 3375 diesque
761 3304 855 3373 plures
861 3304 935 3373 apud
976 3311 1061 3359 raret.
1079 3303 1199 3359 Arbores
1214 3304 1373 3377 palmarum
1386 3303 1491 3357 ibidem
1505 3302 1665 3357 constitute
1685 3306 1776 3366 erant,

136 3390 216 3445 illum
227 3394 352 3463 pausavi,
364 3410 450 3466 opera
464 3395 525 3464 ejus
535 3394 650 3464 cupiens
664 3394 780 3457 discere,
797 3398 825 3446 et
837 3392 935 3445 solita·
977 3410 1038 3463 que
1053 3393 1202 3447 duodecies
1212 3393 1242 3446 in
1256 3408 1330 3446 auno
1340 3393 1516 3463 dactylorum
1526 3390 1780 3459 tructusgermina·

136 3480 207 3535 riam
215 3481 417 3537 habitationem
428 3483 565 3537 curiosius
575 3482 815 3552 investigareppse
824 3496 935 3552 quoque
976 3483 1044 3537 bant
1060 3482 1122 3552 lli).
1139 3482 1215 3546 Quos
1229 3498 1280 3553 per
1289 3482 1414 3551 singulos
1420 3481 1480 3534 dies
1494 3480 1637 3550 colligens,
1647 3494 1779 3550 propano

137 3574 170 3623 ut
183 3586 278 3624 meum
292 3571 463 3626 desiderium
480 3572 602 3640 agnovit,
615 3568 934 3625 consiliumhonorabile
975 3571 1102 3635 edebam,
1117 3571 1217 3625 mixtos
1242 3569 1393 3624 herbarum
1420 3569 1502 3634 loliis,
1519 3570 1560 3623 'et
1574 3572 1656 3621 erant
1679 3569 1709 3621 in
1730 3582 1779 3621 ore

138 3657 208 3711 mihi
220 3658 339 3729 praebuit
350 3676 400 3724 ;ac
413 3660 535 3730 qualiter
546 3659 662 3713 insidias
683 3658 786 3712 diaboli
801 3674 934 3728 superare
977 3676 1039 3714 meo
1053 3665 1189 3730 tanquam
1204 3659 1282 3714 favus
1296 3659 1397 3713 mellis.
1413 3659 1486 3712 Nam
1496 3659 1527 3712 in
1546 3657 1697 3727 Evangelio
1708 3656 1779 3727 legi·

137 3745 372 3809 deberem,verbis
378 3747 550 3801 charitativis
557 3747 937 3817 gratanterpatetecit.Tran-
977 3754 1032 3802 tur:
1043 3749 1207 3804 Noninsolo
1221 3765 1292 3820 pane
1309 3748 1375 3801 vivit
1386 3749 1482 3816 homo,
1497 3746 1589 3800 sedin
1604 3746 1686 3800 omni
1696 3743 1780 3799 verbo

138 3834 221 3887 sactis
235 3834 330 3904 itaque
346 3834 513 3904 quibusdam
528 3835 635 3901 diebus,
660 3834 762 3889 talibus
789 3834 937 3888 admonuit
977 3838 1049 3907 quod
1061 3837 1187 3908 procedit
1205 3837 1240 3891 de
1263 3852 1311 3890 ore
1326 3836 1376 3889 Dei
1403 3836 1570 3903 (Mettium).
1597 3835 1699 3889 Frater
1729 3834 1780 3888 Pa·

139 3937 184 3975 me
199 3921 299 3986 serbis,
315 3923 409 3977 dicens
426 3943 431 3977 :
449 3923 510 3988 Fili,
524 3941 617 3994 surge,
635 3940 744 3977 mecum
755 3940 840 3993 perge
853 3923 938 3991 ,inta-
978 3926 1240 3997 phnuti,siimplere
1254 3925 1350 3980 studes
1361 3925 1533 3979 voluntatem
1545 3923 1606 3987 Dei,
1623 3921 1778 3976 omniatibi

139 4011 215 4064 riora
229 4011 333 4066 deserti
343 4012 427 4066 debes
441 4013 557 4079 intrare,
569 4018 598 4066 et
611 4013 641 4066 in
655 4012 711 4066 alia
723 4012 937 4084 speluncasolus
977 4015 1136 4069 necessaria
1163 4022 1358 4085 praeparantur
1382 4013 1417 4067 ab
1432 4029 1475 4066 eo.
1500 4012 1580 4067 Unde
1594 4012 1657 4082 ipsa
1667 4011 1780 4065 Veritas

139 4099 289 4154 habitare:
310 4100 348 4154 ibi
363 4101 386 4155 si
396 4101 513 4155 viriliter
527 4102 652 4166 dimicas,
669 4101 764 4155 omnia
783 4101 936 4155 daemonio-
977 4104 1120 4169 admonet,
1142 4103 1260 4157 dicens:
1284 4105 1325 4157 Ne
1346 4103 1455 4156 solliciti
1475 4101 1537 4155 sitis
1556 4100 1658 4154 animm
1680 4103 1781 4154 restrae

138 4205 203 4243 rum
217 4194 392 4244 tentamenta
406 4207 531 4261 superas.
549 4190 653 4245 Idcirco
666 4208 730 4244 vero
747 4191 821 4244 Deus
836 4191 865 4243 in
884 4190 937 4243 hoe
978 4192 1045 4262 quid
1073 4192 1257 4258 manducetis,
1271 4196 1321 4245 aut
1335 4191 1401 4262 quid
1423 4189 1535 4257 bibatis,
1552 4205 1643 4260 neque
1668 4187 1781 4258 corpori
1825 4214 1835 4233 ι

136 4279 248 4333 deserto
263 4281 322 4333 vult
337 4284 365 4334 te
390 4279 521 4352 probare,
537 4280 560 4335 si
576 4280 715 4334 mandatis
739 4280 800 4350 ejus
815 4279 938 4333 fideliter
977 4286 1069 4334 vestro
1080 4280 1147 4351 quid
1161 4279 1327 4344 induamini,
1341 4279 1393 4333 scit
1416 4279 1492 4333 enim
1511 4279 1595 4333 Pater
1605 4282 1698 4330 vester
1713 4277 1783 4347 quia

136 4369 204 4423 velis
217 4368 341 4423 obedire.
358 4369 463 4423 Fidelia
485 4370 581 4423 omnia
593 4370 726 4423 mandata
748 4369 819 4439 ejus,
836 4360 1020 4423 confir-Dhis
1035 4368 1166 4423 omnibus
1176 4368 1445 4438 indigetisQuaerite
1461 4367 1583 4439 primum
1596 4381 1718 4435 reguum
1729 4365 1781 4420 Dei

138 4464 216 4512 mata
229 4458 259 4512 in
270 4459 404 4513 saeculum
419 4459 523 4524 saeculi,
543 4458 616 4512 facta
627 4458 656 4511 ia
671 4457 788 4512 veritate
800 4463 829 4511 et
847 4457 935 4527 requi-
977 4463 1005 4512 et
1024 4458 1166 4528 justitiam
1181 4460 1252 4529 ejuS,
1267 4463 1296 4512 et
1320 4458 1377 4511 hec
1392 4456 1487 4512 omnia
1516 4455 1686 4526 adjicientur
1701 4453 1781 4509 vobis

135 4553 194 4602 tate
214 4551 297 4618 (Paul.
313 4552 369 4618 cx).
381 4548 431 4601 Vir
445 4553 540 4601 autem
555 4552 667 4600 sanctus
679 4547 736 4601 hac
750 4547 854 4611 dicens,
876 4562 936 4600 sur·
978 4546 1083 4615 (aliattli.
1095 4546 1142 4615 vr).

137 4637 218 4703 rexit,
232 4643 262 4690 et
276 4654 385 4691 mecum
405 4637 435 4690 in
450 4636 585 4691 interiora
604 4635 708 4689 deserti
734 4634 787 4689 iter
815 4639 936 4704 quatuor
1013 4636 1078 4688 Car.
1094 4636 1142 4689 XI.
1155 4661 1174 4672 -
1197 4635 1325 4704 Cumque
1349 4634 1402 4686 hoc
1415 4649 1433 4686 a
1447 4632 1528 4687 beato
1552 4632 1610 4685 viro
1629 4631 1780 4702 Onuphrio

138 4724 247 4778 dierum
258 4727 390 4796 perrexit.
414 4726 519 4790 Quinta
532 4741 597 4779 vero
612 4724 657 4777 die
671 4724 833 4777 devenimus
848 4724 877 4776 in
893 4723 935 4777 lo·
976 4724 1112 4778 intentius
1124 4723 1321 4788 auscultarem,
1338 4723 1445 4776 mirans
1456 4722 1488 4775 in
1501 4719 1679 4774 sermonibus
1689 4725 1721 4774 et
1732 4735 1781 4774 ac-

137 4828 201 4866 cum
216 4813 263 4883 qui
280 4813 332 4881 llll
348 4814 521 4869 Calidiomea
534 4814 645 4879 dicitur,
656 4812 695 4866 ibi
710 4813 809 4882 palmae
823 4812 935 4882 propin·
976 4813 1051 4867 tibus
1069 4829 1102 4866 ac
1112 4811 1254 4866 laboribus
1271 4811 1355 4876 illius,
1372 4810 1449 4863 dixi:
1479 4811 1564 4864 Pater
1581 4809 1715 4878 benigne,
1732 4808 1779 4864 die

139 4917 200 4971 quar
214 4903 384 4956 erantTunc
397 4904 439 4956 vir
452 4904 503 4958 Dei
516 4903 624 4973 iuquit:
652 4902 730 4966 Ecce,
750 4901 798 4965 sili,
819 4901 882 4953 vide
896 4901 935 4954 lo-
976 4901 1121 4957 Dominico
1141 4902 1183 4953 vel
1207 4899 1328 4954 Sabbato
1357 4898 1583 4954 communionem
1603 4896 1782 4968 percipiebas

137 5006 202 5043 cum
218 5006 301 5060 quem
316 4991 367 5044 tibi
382 4992 517 5046 Dominus
528 4992 692 5064 praepararit
707 4991 743 5044 ad
753 4990 933 5044 manendum.
978 4992 1030 5060 ils)
1051 4991 1086 5043 ab
1101 4989 1218 5060 aliquo?
1242 4989 1278 5041 At
1294 4989 1341 5042 ille
1355 4987 1540 5058 respondens,
1552 4987 1593 5040 ait
1608 5006 1614 5040 ε
1637 4986 1725 5041 Omni
1734 4985 1782 5040 die

136 5078 202 5132 Fuit
216 5083 310 5132 autem
320 5079 368 5133 ille
383 5096 492 5134 mecum
503 5082 593 5152 spatio
606 5081 722 5151 triginta
735 5080 853 5144 dierum,
872 5079 936 5135 edu·
976 5079 1121 5135 Dominico
1135 5079 1177 5131 vel
1193 5076 1314 5132 Sabbata
1329 5077 1462 5146 angelum
1477 5075 1782 5146 Dominiparatumin·

137 5183 202 5221 cens
217 5184 262 5221 me
274 5184 384 5222 servare
395 5173 480 5222 cauta
493 5170 704 5240 diligentiaslh)
720 5168 935 5222 doctrinamDei
974 5168 1065 5234 venio,
1089 5171 1297 5221 sacrosanctum
1326 5182 1426 5236 corpus
1437 5170 1464 5218 et
1475 5164 1643 5233 sauguinem
1664 5163 1783 5217 Domini

137 5256 454 5321 mandatorquuibus
464 5257 504 5311 ita
514 5258 935 5328 peractis,0rationosuasancta
975 5256 1063 5310 nostri
1077 5257 1142 5310 lesu
1167 5254 1270 5309 Christi
1296 5270 1391 5308 secum
1414 5253 1607 5307 deferentem:
1639 5251 1674 5305 de
1699 5252 1784 5322 cujus

135 5345 254 5399 Domino
266 5351 357 5411 10ae
372 5362 417 5399 me
428 5347 642 5414 commendarim
658 5354 838 5418 etseparatus
853 5362 932 5413 ame,
975 5361 1061 5398 rnanu
1076 5345 1144 5398 mihi
1160 5343 1361 5415 pretiosissima
1376 5343 1518 5397 donantur
1526 5340 1783 5411 muneravitaeque

135 5434 170 5487 ad
184 5435 298 5506 propria
311 5435 455 5489 remearit,
465 5436 520 5488 Per
529 5434 653 5505 singulos
663 5435 930 5490 verounnossolitus
971 5450 1040 5487 meae
1050 5434 1126 5487 salus
1136 5439 1282 5504 perpetua.
1296 5434 1400 5487 Verum
1413 5433 1499 5486 etiam
1510 5447 1608 5486 omnes
1623 5429 1671 5500 qui
1691 5429 1783 5485 vitam

133 5528 194 5578 orat
208 5540 253 5577 me
267 5523 389 5587 visitare,
406 5541 439 5578 ac
454 5523 529 5594 quali
556 5523 695 5577 industria
708 5529 737 5578 et
751 5524 930 5595 simplicitate
972 5521 1127 5590 spiritalem
1141 5521 1248 5576 ducunt
1257 5522 1286 5574 in
1301 5536 1396 5574 eremo
1404 5521 1534 5575 monachi
1545 5519 1596 5574 tali
1604 5512 1809 5590 participan-⁴
