3818 6120
138 338 190 402 ''l5
607 338 648 398 IN
665 338 772 397 virts
791 338 940 397 Paeana
958 337 1230 397 PROLEGOMENA
1247 336 1346 393 xxvi.
1758 335 1794 391 16

187 469 215 523 4.
232 468 416 524 Cassiodorus
427 466 519 522 instit.
528 464 613 520 divin.
625 465 690 522 leot.
704 483 765 540 cap.
776 464 828 524 32:
848 486 860 518 ι
874 466 953 522 Vitas
962 465 1135 528 Amantione
1144 465 1174 520 in
1188 464 1264 519 hisee
1273 459 1450 532 librishpud
1460 458 1614 526 Bullinum,
1629 458 1678 513 lib.
1690 473 1723 513 nr
1741 459 1792 512 Vi-

154 558 282 625 Patrum,
292 557 479 613 confessiones
491 555 626 622 fidelium,
642 556 785 628 passiones
795 562 953 628 martyrum
993 559 1087 610 tarum
1097 554 1224 621 Patrum,
1240 569 1318 607 num.
1337 549 1406 605 13οι
1423 550 1503 614 Quod
1516 549 1632 604 uerbum
1642 553 1793 620 antequam

153 647 239 718 legite
254 651 430 712 constantem
446 661 515 716 quas
528 644 602 699 inter
616 645 672 698 alia
685 645 714 699 in
724 645 842 716 epistola
851 644 951 699 Hiero·
994 645 1146 716 quiescam,
1163 659 1225 697 sero
1243 659 1275 697 ex
1295 640 1387 695 cordis
1404 639 1460 694 mci
1481 656 1611 694 recenseo
1633 639 1760 693 raritate.
1777 659 1790 690 ν

153 736 232 809 nymi
244 736 280 790 ad
295 733 490 791 chromatium
515 738 544 787 et
564 732 744 788 Heliodorum
768 731 952 805 proculdubio
991 734 1074 806 Apud
1087 733 1242 803 Pelagium,
1259 731 1332 786 libro
1343 728 1499 785 vVitarum
1509 729 1634 795 Petrum,
1648 729 1790 794 libellom,

153 825 292 897 reperitis,
302 824 350 894 qui
360 839 411 896 per
423 822 615 879 totumorbem
628 828 768 878 terrarum
780 822 909 889 floruere,
920 826 953 876 ut
992 839 1022 880 n.
1035 822 1067 877 2:
1085 841 1097 874 ι
1115 821 1164 877 Dic
1174 822 1243 876 mihi
1258 821 1372 892 aliquod
1387 818 1513 875 verbum.
1531 839 1543 871 ν
1565 819 1600 874 Et
1613 835 1642 872 n.
1658 818 1691 872 a:
1709 837 1721 871 τ
1740 819 1793 872 lto-

152 919 249 971 sancta
263 912 384 968 imitatio
398 930 446 968 vos
468 929 630 984 provocans
654 912 691 967 sd
715 911 840 968 coelestia
865 928 952 982 regna
991 911 1097 984 gabant
1111 917 1205 966 autem
1220 927 1285 966 eum
1298 914 1427 977 senes,ut
1441 909 1544 964 faceret
1557 908 1672 962 verbum
1689 907 1723 962 ad
1739 908 1795 962 fra-

151 1001 327 1072 perducat.»
992 1004 1089 1054 tres.»
1106 1000 1139 1054 Et
1152 1015 1229 1053 num.
1242 997 1290 1053 Vt:
1310 996 1426 1064 «Abba,
1443 996 1487 1051 dic
1506 996 1575 1051 mihi
1595 996 1708 1067 aliquod
1730 1013 1795 1050 ver·

187 1090 214 1147 5.
228 1092 347 1146 Sanctus
371 1091 539 1147 Benedictus
560 1091 590 1146 in
610 1093 709 1164 regula
730 1109 791 1161 sua,
814 1108 875 1164 cap.
895 1089 949 1148 dt:
992 1086 1342 1152 bum.»ht1ibellov‚n.
1368 1084 1420 1143 13:
1445 1086 1593 1141 «Ostende
1616 1086 1792 1153 charitatem,

151 1177 280 1235 Monachi
296 1181 371 1236 omni
390 1187 526 1253 tempore,
552 1182 608 1236 sive
630 1181 733 1253 jejunii
761 1183 816 1236 sive
840 1179 950 1253 prandii
992 1176 1074 1244 abba,
1090 1182 1119 1232 et
1132 1177 1177 1231 dic
1190 1177 1259 1231 mihi
1271 1175 1397 1231 verbum.
1416 1195 1428 1227 ν
1444 1175 1480 1231 Et
1492 1190 1571 1233 num.
1589 1173 1639 1232 32:
1668 1174 1795 1230 chudisi

149 1267 245 1337 tuerit,
263 1287 328 1324 mox
342 1274 375 1325 ut
389 1270 561 1326 surrexerint
574 1288 592 1325 a
611 1287 699 1339 eoena,
720 1271 836 1326 sedeant
855 1285 951 1324 omnes
993 1267 1068 1322 enirn
1083 1267 1150 1338 quia
1163 1266 1266 1321 dixerit
1278 1265 1364 1320 abbas
1378 1265 1486 1332 Pastor,
1512 1265 1604 1320 sedet
1623 1265 1673 1319 alii
1695 1265 1795 1320 imtres

149 1355 289 1428 inunum,
298 1361 490 1431 etlegatunus
502 1360 723 1415 Collationesvel
733 1360 812 1416 Vitas
822 1360 949 1426 Patrum,
993 1357 1046 1412 hoc
1059 1355 1186 1412 verbum.
1203 1377 1211 1403 ·
1225 1355 1331 1411 Libello
1343 1369 1381 1422 vr,
1391 1371 1470 1409 num.
1483 1355 1517 1409 5:
1536 1373 1548 1405 α
1561 1355 1663 1409 Dicens
1674 1355 1795 1426 quodam

135 1454 201 1505 ¹:stat
215 1455 290 1504 certe
302 1449 407 1521 aliquid
417 1450 491 1521 quod
502 1450 621 1505 aedificet
630 1450 786 1505 audientes.
992 1445 1086 1513 verbo,
1103 1446 1177 1517 quod
1192 1445 1335 1500 memoria·
1362 1444 1479 1516 dignum
1500 1449 1543 1499 est
1559 1444 1760 1499 commendari.
1780 1463 1792 1497 ν

132 1562 143 1571 ·
187 1536 213 1594 6.
229 1539 382 1610 Gregorius
396 1539 576 1606 Turonensis,
593 1539 667 1593 lib.1
689 1539 723 1593 dc
745 1539 811 1593 Vita
835 1538 968 1592 Petrum·
993 1535 1143 1591 Numlh:
1163 1555 1174 1586 τ
1193 1535 1243 1589 Dic
1264 1535 1335 1589 mihi
1357 1550 1445 1589 unum
1464 1532 1591 1589 verbum.
1618 1553 1629 1587 s
1660 1535 1695 1588 Et
1718 1535 1792 1605 apud

134 1654 137 1659 ·
149 1627 195 1682 sui
207 1628 310 1694 saculi,
326 1628 356 1681 in
370 1626 515 1683 Leobardo
529 1628 648 1694 recluso,
665 1643 726 1698 cap.
741 1627 783 1695 11,
800 1627 844 1682 cui
858 1632 952 1681 tenta-
994 1626 1009 1680 J
1011 1641 1140 1691 oannem,
1150 1623 1221 1678 libro
1231 1638 1259 1678 vr
1271 1624 1400 1679 Vitarum
1412 1623 1539 1688 Patrum,
1556 1622 1789 1690 libellosque:

149 1717 222 1772 tstio
233 1717 363 1772 cellulam
383 1717 560 1788 relinquendi
580 1717 750 1771 incesserat:
779 1735 792 1770 s
810 1718 867 1788 Ego
889 1733 953 1770 vero
997 1713 1649 1785 rDicfratribusverbumaedihcationis,pater.
1662 1733 1675 1767 ν
1686 1710 1791 1767 Etalibi

150 1806 296 1879 suspirans
311 1822 367 1861 non
382 1807 500 1860 minima
527 1807 623 1860 dolore
645 1806 790 1877 increpare
808 1791 983 1859 hominemB
994 1805 1107 1877 passim.

149 1896 370 1968 coepi,ssserens
389 1895 492 1950 diaboli
504 1911 564 1950 esse
577 1895 749 1950 caliditatem
759 1894 901 1967 librosque
914 1894 950 1962 ei,
1029 1896 1103 1951 Sane
1114 1895 1175 1966 jam
1189 1894 1256 1951 olim
1277 1894 1401 1967 profanis
1424 1894 1584 1951 auctoribus
1608 1896 1721 1950 corbum
1740 1911 1791 1967 pro

129 1990 181 2041 ·et
192 1985 271 2040 Vitas
285 1986 413 2051 Patrum,
430 1985 677 2040 acinstitutionem
687 1984 952 2051 monachorum,vel
993 1984 1132 2039 axiomata
1147 1985 1189 2039 vel
1213 1984 1289 2039 brevi
1310 1986 1458 2053 sententia,
1482 1985 1577 2056 qualia
1597 1984 1655 2039 hare
1674 1985 1792 2039 Patrum

131 2074 250 2149 ‘qualus
262 2074 309 2146 qui
323 2075 507 2130 recluduntur
517 2092 577 2130 esse
592 2074 721 2142 debeant,
738 2075 781 2129 vel
799 2091 862 2130 eum
876 2072 952 2144 quali
993 2072 1078 2128 verba
1091 2079 1167 2140 sunt,
1183 2080 1360 2146 usurpatum.
1376 2075 1524 2130 Terentius
1546 2075 1662 2141 Andria,
1684 2080 1738 2129 act.
1763 2073 1791 2140 1,

128 2182 137 2193 ·
151 2165 262 2221 cautela
275 2165 426 2220 monachos
445 2165 536 2221 slvere
547 2170 684 2237 oporteat,
704 2163 856 2220 abscedens
870 2162 905 2218 ab
920 2179 953 2217 eo
994 2178 1069 2218 scen.
1087 2163 1121 2218 5:
1145 2181 1159 2217 α
1174 2163 1305 2217 Miseram
1319 2180 1374 2228 me,
1387 2164 1461 2237 quod
1474 2162 1590 2218 verbum
1600 2163 1702 2218 audio?
1715 2182 1728 2217 α
1740 2162 1794 2218 Ubi

132 2272 135 2277 ·
151 2254 250 2311 direxi.
268 2253 374 2318 Quibus
384 2253 495 2308 relectis
505 2270 562 2308 non
576 2254 668 2308 solum
680 2252 877 2325 cogitationem
892 2269 954 2324 pra·
995 2252 1142 2308 Donatus:
1159 2269 1171 2305 s
1188 2251 1311 2308 Verbum
1325 2269 1375 2324 pro
1391 2249 1489 2325 ἀξίωμα
1503 2269 1581 2308 more
1595 2268 1645 2307 suo
1660 2253 1763 2324 posuit.
1781 2272 1792 2303 ν

151 2361 216 2400 scm
231 2360 248 2398 a
262 2360 293 2399 se
307 2343 447 2411 discussit,
462 2343 656 2398 verumetiam
666 2347 747 2397 tanto
762 2359 876 2397 sensum
891 2358 955 2397 acu·
998 2338 1116 2407 Ibidem,
1134 2345 1188 2396 act.
1205 2341 1250 2408 11,
1263 2343 1378 2397 scen.5:
1396 2343 1525 2398 «Verum
1533 2342 1602 2397 illud
1618 2341 1793 2410 verbumest,

151 2434 228 2490 mine
237 2432 366 2499 erudivit,
384 2438 417 2488 ut
431 2435 600 2487 miraremur
620 2432 779 2488 facundiam
805 2431 955 2487 locutionis
995 2431 1078 2501 vulgo
1090 2430 1226 2501 quoddici
1237 2431 1318 2486 solet.
1338 2430 1416 2486 »Ubi
1428 2432 1573 2487 Donatus:
1593 2450 1605 2483 τ
1619 2432 1650 2486 ld
1665 2437 1718 2499 est,
1733 2449 1796 2503 pro-

152 2525 224 2596 ejus.
246 2542 258 2574 ν
996 2519 1133 2588 verbium,
1151 2520 1189 2591 [v]
1198 2525 1226 2574 et
1237 2520 1393 2586 sententia:
1409 2521 1490 2577 etsie
1504 2521 1796 2593 veteresverbumpro

189 2613 215 2669 7.
230 2610 368 2683 Georgius
383 2610 588 2667 Alexandrinus
606 2609 637 2667 in
650 2610 716 2667 Vita
727 2612 816 2667 sancti
839 2611 956 2666 ioannis
997 2609 1145 2664 sententis.
1163 2627 1176 2662 ν
1191 2610 1278 2674 idem,
1295 2610 1438 2678 Eunucho,
1455 2616 1510 2666 act.
1521 2611 1545 2678 l,
1563 2627 1637 2666 scen.
1654 2609 1689 2666 2:
1709 2611 1799 2665 sUti·

125 2722 137 2745 ·
155 2701 359 2774 chrysostomi,
376 2718 400 2755 c.
417 2700 452 2758 ‘22
469 2720 475 2754 :
498 2700 543 2756 Ἐν
554 2701 581 2754 δὲ
592 2703 794 2774 τατςαοντυχίαις
805 2698 879 2754 αὐτοῦ
895 2701 955 2754 Βίαν
996 2716 1062 2754 τοττι
1078 2700 1150 2755 istuc
1162 2699 1287 2754 verbum.
1307 2720 1318 2751 ν
1335 2700 1479 2755 Donatus:
1495 2718 1507 2752 ο
1526 2701 1560 2755 Et
1579 2701 1651 2755 istuc
1669 2700 1795 2766 verbum,

128 2800 132 2807 “
154 2792 234 2864 ἁγίων
249 2791 372 2863 Πατέρων
391 2790 432 2844 καὶ
452 2785 634 2863 ἅναμωρητῶν,
654 2792 695 2844 καὶ
715 2790 781 2862 [1111]
800 2790 843 2858 τὴν
862 2791 955 2843 τούτων
997 2805 1047 2860 pro
1063 2792 1122 2844 tota
1135 2789 1285 2845 sententia.
1300 2788 1423 2844 Verbum
1438 2806 1488 2861 pro
1512 2788 1596 2844 dict0.
1615 2790 1669 2844 Sed
1684 2790 1797 2862 proprie.

153 2881 281 2935 πολιτε1αν
300 2880 341 2933 καὶ
370 2875 457 2952 ἀρετὴν
484 2876 602 2951 ἐξηγεῖτο,
626 2882 690 2933 ὥστε
715 2877 813 2933 ἐκτῶν
837 2880 955 2933 τοιούτων
998 2873 1105 2950 ἀξίωμα,
1117 2879 1146 2933 id
1158 2884 1201 2933 est
1210 2879 1350 2933 sententia
1359 2878 1403 2933 vel
1413 2878 1579 2947 enuntiatio,
1592 2894 1654 2951 quse
1664 2896 1720 2934 uno
1730 2879 1799 2950 liga-

157 2970 274 3042 ῥημάτων
302 2968 409 3031 πολλοὺς
437 2970 624 3023 aasumensi
653 2970 693 3021 ast
722 2969 815 3036 πλῆθος
844 2969 956 3040 δακρύων
996 2971 1044 3022 tur
1059 2973 1087 3022 et
1100 2967 1267 3040 astringitur
1276 2967 1368 3030 verbo,
1384 2968 1676 3024 verbumaveteribus
1686 2967 1798 3023 diceba-

153 3061 298 3132 καταφέρειν
313 3056 338 3112 ἐν
351 3064 401 3112 τῶν
422 3052 555 3130 ὀφθαλμῶν
573 3055 663 3123 αὐτῶν,
684 3059 790 3126 ποθῆσαι
810 3057 837 3110 δὲ
855 3058 896 3111 καὶ
914 3055 956 3111 τόν
996 3062 1055 3111 tur.
1074 3077 1087 3111 ν
1102 3056 1224 3112 lbidem:
1244 3079 1255 3109 ιι
1271 3057 1367 3113 Victus
1380 3075 1436 3113 uno
1450 3040 1534 3115 serbo
1543 3058 1697 3130 quamcito.
1716 3059 1798 3112 »Do-

155 3152 250 3222 μονήρη
273 3149 324 3219 βίον
345 3148 477 3220 μετελθεῖν,
500 3148 540 3200 καὶ
559 3142 727 3210 ἀποτάξασθαι
748 3153 790 3215 τῆς
807 3149 896 3218 τύρὸης
914 3147 955 3200 καὶ
965 3115 1079 3202 Gnatus
1091 3165 1097 3201 :
1109 3146 1252 3202 «Verbum
1263 3147 1368 3203 dietum
1381 3148 1530 3221 intelliguS,
1543 3149 1616 3221 quod
1625 3148 1709 3203 verbo
1722 3149 1798 3203 com-

153 3239 297 3311 ονγχύαεως
308 3243 353 3291 τοῦ
364 3238 426 3308 βίου.
445 3237 559 3292 oPorro
578 3237 608 3291 in
624 3236 683 3292 suis
696 3235 882 3292 familiaribus
896 3237 954 3291 col·
998 3236 1141 3308 plectitur,
1162 3242 1190 3291 et
1204 3237 1348 3308 completae
1364 3238 1509 3294 sententiae
1525 3237 1795 3310 pronuntiationem,

152 3326 259 3400 loquiis
269 3326 387 3382 subinde
397 3325 956 3382 commeminitVitaessnctorumPatrum
997 3325 1071 3396 quod
1093 3321 1190 3397 ἀξίωμα
1208 3326 1421 3382 nominabatur.
1438 3345 1453 3382 ν
1473 3328 1560 3395 Idem,
1577 3328 1721 3394 Eunucho,
1740 3333 1794 3382 act.

154 3422 184 3473 et
198 3417 442 3484 anachoretarum,
460 3432 614 3488 eorumque
629 3415 848 3472 conversationis
863 3415 957 3470 sevir·
997 3411 1023 3479 1,
1040 3431 1117 3469 scen.
1136 3415 1169 3469 5:
1201 3433 1214 3467 τ
1241 3415 1375 3484 Verbum,
1399 3417 1508 3483 llercle,
1533 3417 1622 3472 hoc.»
1650 3417 1796 3471 Donatus:

134 3506 235 3573 ¹tutis,
251 3506 339 3562 ita-ut
358 3505 497 3578 ejusmodi
511 3504 687 3560 sermonibus
702 3510 958 3576 compungerentur
1000 3503 1161 3573 «Verbum,
1179 3505 1367 3576 proverbium.
1387 3525 1400 3560 r
1421 3508 1508 3574 Idem,
1531 3507 1662 3579 Adelph,
1684 3511 1741 3564 aet.
1770 3504 1797 3571 5,

154 3613 212 3652 non
225 3595 316 3667 pauci,
333 3595 374 3649 ita
387 3600 420 3649 ut
435 3611 467 3649 ex
483 3611 581 3649 eorum
595 3594 683 3649 oculis
700 3593 849 3649 uberrimae
874 3595 957 3649 elice·
998 3609 1082 3648 scena
1095 3593 1130 3648 8:
1149 3611 1163 3665 q
1180 3595 1242 3650 Non
1258 3613 1352 3650 nreum
1366 3596 1435 3651 illud
1450 3595 1563 3651 verbum
1579 3596 1659 3652 facio.
1679 3596 1799 3650 »Dona-

154 3688 256 3740 rentnr
266 3700 299 3738 ac
313 3683 470 3738 defluerent
483 3683 623 3756 lacrymae,
640 3687 669 3737 et
687 3681 795 3753 ingenti
818 3682 956 3738 desiderio
996 3687 1043 3738 tus
1060 3699 1067 3738 τ
1084 3702 1097 3736 ι(
1112 3670 1236 3739 Verbum
1248 3702 1298 3761 pro
1313 3681 1425 3756 ἀξιόματι
1439 3685 1542 3757 posuit,
1558 3685 1632 3756 quod
1645 3702 1701 3739 uno
1715 3685 1798 3738 strin-

155 3772 489 3846 caperentursolitsriam
501 3771 646 3827 exercendi
655 3772 752 3840 vitam,
764 3776 956 3828 etextrernnm
998 3772 1076 3844 gitur
1088 3772 1183 3828 verbo.
1199 3774 1272 3845 Ergo
1291 3774 1407 3829 verbum
1415 3773 1507 3829 brevis
1521 3775 1671 3840 sententia,
1682 3772 1798 3828 verbum

135 3863 218 3918 asle
230 3862 341 3918 dicendi
354 3860 524 3918 turbulentas
533 3860 688 3918 confusioni
700 3862 763 3917 vitae
774 3862 869 3934 hujus.
887 3883 899 3915 ν
997 3860 1066 3917 dixit
1078 3879 1173 3918 veram
1188 3863 1367 3919 sententiam.
1385 3865 1457 3919 Nam
1475 3863 1557 3918 verba
1576 3881 1636 3918 esse
1648 3880 1665 3918 a
1679 3863 1797 3917 veritate

191 3955 218 4008 8.
234 3951 383 4007 Fulbertus
407 3950 587 4007 Carnotensis
612 3950 768 4023 episcopus,
795 3952 877 4023 epist.
900 3949 952 4008 79:
996 3950 1080 4018 dicta,¹
1096 3956 1219 4007 testatur
1232 3952 1360 4009 Varro.»
1813 4008 1816 4013 .

157 4040 955 4114 «Dittotiblcyprianum,Porphyrium,etVitssPatrum
1019 4040 1086 4106 Quae
1100 4043 1147 4098 alii
1157 4044 1482 4112 verba,Oassianusscito
1494 4042 1651 4099 roeatlibro
1662 4057 1679 4097 v
1689 4044 1792 4111 Instit,

155 4148 220 4188 cum
228 4131 374 4197 Psalterio,
390 4136 423 4185 ut
436 4130 540 4202 petisti.
557 4148 571 4184 ν
582 4129 655 4185 Etin
666 4130 722 4185 tlne
733 4129 798 4184 libri
804 4134 869 4202 post
876 4131 956 4203 hym·
997 4146 1057 4203 cap.
1075 4135 1109 4189 21
1121 4152 1128 4187 .·
1140 4152 1150 4184 τ
1162 4134 1234 4188 Cum
1248 4134 1283 4189 de
1294 4133 1381 4206 Syriae
1392 4133 1519 4205 partibus
1527 4134 1797 4189 Seniorumscitadi-

154 4237 225 4278 num
239 4221 275 4276 de
290 4220 442 4276 Nativitate
454 4218 558 4276 Christi
573 4225 602 4275 et
617 4218 790 4292 Epiphania:
809 4236 822 4272 s
838 4220 871 4275 In
884 4219 956 4274 Vitis
997 4237 1075 4276 scere
1086 4223 1240 4294 cupientes,
1253 4223 1366 4296 AEgypti
1380 4223 1550 4295 provinciam
1562 4223 1738 4294 petissemus.
1758 4241 1769 4275 ν

137 4310 273 4368 Petrum
297 4315 423 4366 veterum
454 4309 588 4382 quiddam
609 4308 665 4380 legi
682 4309 878 4380 jucundum.»
903 4308 956 4364 Ubi
1033 4310 1204 4367 Dicebantur
1218 4313 1302 4367 etiam
1317 4315 1465 4368 sententia.
1481 4312 1623 4383 Pelagius,
1640 4312 1733 4366 libello
1757 4328 1794 4378 τι,

155 4401 314 4475 rhythmice
328 4405 455 4457 recenset
468 4398 584 4454 loannis
598 4398 680 4454 Parvi
696 4416 745 4454 seu
760 4399 855 4453 Brevis
870 4398 956 4453 histo·
997 4416 1025 4454 n.
1039 4400 1074 4457 20
1088 4420 1094 4454 τ
1112 4421 1125 4454 a
1140 4402 1252 4473 Loquar
1264 4402 1299 4457 de
1308 4401 1399 4456 verbis
1415 4407 1444 4456 et
1453 4401 1599 4456 sententiis
1610 4400 1767 4456 Saniorum.
1781 4419 1794 4452 τ

149 4489 268 4559 rislam,
283 4492 331 4564 qui
348 4492 437 4547 instar
459 4487 561 4560 Arrgeli
584 4503 669 4558 agere
691 4487 869 4542 desiderabat
885 4477 990 4542 nihili)
1034 4492 1207 4563 Quandoque
1221 4509 1366 4547 serranum.
1379 4492 1520 4563 Pelagius,
1539 4491 1633 4545 libello
1657 4506 1692 4558 ιν,
1714 4508 1742 4544 n.
1762 4490 1794 4546 l:

155 4595 284 4651 operans,
301 4580 374 4651 quod
389 4578 475 4634 habes
486 4577 561 4649 apud
571 4575 688 4642 Rollin,
705 4575 754 4632 lib.
770 4590 810 4644 111,
826 4592 855 4630 u.
873 4575 916 4643 56,
928 4580 957 4631 et
1001 4580 1265 4636 «sedentesinnavi
1272 4580 1460 4652 loquebantur
1469 4597 1628 4636 sermonem
1638 4580 1766 4635 Patrum.
1781 4598 1795 4634 ν
1822 4626 1827 4636 .

141 4668 311 4739 Pelagium,
327 4668 413 4723 libell.
427 4684 454 4736 x,
469 4683 547 4723 num.
564 4661 608 4720 tl.
997 4669 1032 4725 Et
1045 4671 1120 4741 apud
1134 4670 1310 4737 Cassianum,
1331 4671 1423 4726 collat.
1444 4670 1467 4739 1,
1485 4687 1544 4743 cap.
1564 4670 1589 4736 l,
1602 4669 1688 4724 habes
1704 4689 1715 4720 τ
1730 4670 1795 4723 Ser-

138 4774 142 4781 ’
189 4757 259 4813 Dioo
268 4758 403 4814 secundo:
417 4758 538 4823 Quidam
546 4755 629 4813 exhis
640 4754 719 4811 libris
731 4753 859 4829 inseripti
869 4772 957 4828 quan·
997 4774 1111 4814 monem
1124 4759 1325 4816 aedificationis.
1350 4780 1374 4814 ν.

138 4863 141 4868 ·
155 4846 249 4919 doque
261 4845 348 4914 fuere,
369 4848 451 4901 Verba
464 4849 616 4904 serstorum.
1033 4848 1157 4905 Subinde
1170 4866 1309 4921 responsa.
1323 4849 1500 4917 Paschasius,
1516 4866 1578 4922 cap.
1602 4849 1646 4917 1-1,
1671 4848 1701 4902 in
1723 4848 1797 4902 line:

190 4938 235 4994 lta
244 4936 321 4993 Beda
333 4936 532 5008 hisrtyrologio
543 4952 603 5006 suo,
617 4932 650 4994 19
663 4933 730 4993 Julii
743 4954 749 4990 :
769 4952 782 4988 τ
794 4934 875 5007 Apud
886 4935 957 4991 The·
999 4938 1268 5012 sHaecsapientium
1274 4945 1302 4994 et
1308 4939 1496 5011 spiritualium
1503 4955 1638 5011 responsa
1645 4938 1772 4992 Petrum.
1786 4958 1798 4989 ν

151 5022 266 5087 beidam
280 5025 369 5082 sancti
385 5025 477 5080 Patris
491 5026 713 5095 nostrihrsenii,
730 5025 832 5096 dequo
850 5023 957 5078 intor-
998 5024 1034 5082 Et
1048 5027 1210 5098 sigebertus
1235 5029 1269 5082 de
1289 5028 1392 5082 illustr.
1416 5027 1545 5082 Ecclesia
1565 5026 1711 5099 Scriptor,
1738 5042 1798 5097 cap.

152 5112 197 5171 bis
209 5117 358 5173 Saniorum
372 5115 502 5184 refertur,
515 5116 581 5187 quia
595 5122 710 5189 propter
723 5114 957 5171 redundatronem
1001 5115 1070 5174 118:
1086 5138 1096 5166 ι
1110 5117 1347 5189 Interrogationes
1363 5123 1392 5173 et
1403 5117 1609 5189 responsiones.
1622 5135 1634 5168 u

151 5204 341 5280 lacrymarum
351 5205 551 5279 tergendarum
566 5206 711 5262 sudarium
723 5222 835 5279 semper
848 5204 878 5259 in
893 5204 957 5260 sinu
1035 5207 1107 5262 item
1121 5208 1358 5277 apophthcqmatc.
1371 5206 1529 5274 Petronius,
1549 5204 1733 5260 Bononiensis
1743 5203 1800 5275 epi-

151 5297 196 5353 rel
209 5296 239 5352 in
253 5311 341 5352 manu
355 5295 496 5351 habuerit.
524 5313 536 5346 ν
559 5294 664 5350 liudem
687 5294 955 5368 apudUsuardum,
999 5311 1110 5368 scopus,
1120 5293 1799 5368 apudlllplmnsumCiaceonem,tractatulesan-

152 5382 310 5453 moseum,
326 5383 635 5453 AdonemNotherum.
655 5383 811 5457 Desumpta
824 5388 891 5438 sunt
903 5399 955 5438 au·
998 5385 1036 5440 cti
1047 5385 1212 5459 Hieronymi
1221 5385 1407 5451 cardinalitio,
1415 5389 1516 5439 utmox
1526 5383 1660 5438 citabitur
1673 5382 1799 5454 prolego-

151 5477 210 5531 tem
222 5491 255 5530 ex
268 5474 318 5530 lib.
332 5488 365 5530 111
377 5473 492 5543 Dufflni,
509 5490 588 5530 num.
607 5471 666 5542 163,
684 5479 714 5528 et
726 5473 844 5545 Pelagii,
861 5472 955 5529 libello
997 5477 1114 5545 monol,
1131 5475 1180 5550 57.
1197 5477 1233 5532 st
1247 5491 1337 5548 nuper
1352 5474 1382 5529 in
1395 5472 1569 5531 Bibliotheca
1580 5475 1707 5541 Patrum,
1721 5478 1800 5527 tomo

141 5572 191 5632 Ἧι,
209 5580 238 5619 τι.
257 5561 282 5621 1.
996 5563 1045 5634 lx,
1061 5565 1091 5620 in
1105 5566 1228 5621 secunda
1242 5570 1270 5621 et
1283 5564 1369 5621 tertia
1383 5563 1514 5632 editione,
1537 5563 1609 5620 liber
1629 5563 1746 5637 quintus
1772 5564 1801 5613 et

125 5652 143 5693 t
187 5650 335 5725 originem
346 5651 424 5713 tint
435 5653 521 5730 hujus
534 5650 618 5714 credo
632 5667 693 5713 esse
716 5668 750 5712 ex
761 5650 860 5711 erebra
873 5648 953 5711 verbi
995 5651 1091 5707 sextus
1099 5649 1230 5708 vitarum
1239 5648 1358 5709 Petrum
1367 5648 1420 5708 hcc
1428 5648 1543 5708 nomme
1556 5647 1650 5706 editus
1660 5649 1714 5704 est.
1725 5641 1801 5711 Quin
