3818 6120
137 243 185 305 all
696 249 741 306 DE
760 249 855 308 VlTiS
874 250 1022 308 PATRUM
1043 248 1150 307 LIBER
1168 251 1201 303 V.
1728 242 1782 302 912

136 376 232 444 disset,
242 375 367 433 dicebat:
376 375 402 430 N
404 375 437 430 isi
448 376 522 430 Deus
532 373 763 447 inspirassetseni
778 378 817 434 illi
829 380 864 434 de
874 397 929 445 me,
940 379 1155 450 Aegrederetur
1170 378 1199 431 in
1213 382 1293 431 sexta
1307 372 1376 428 feria
1388 375 1467 427 extra
1478 368 1741 442 congregationem,
1752 374 1782 422 et

136 482 194 522 non
208 464 331 522 misisset
344 465 380 519 ad
395 481 450 518 me.
465 464 500 519 Et
521 480 640 537 surgens
657 467 735 522 venit
759 468 795 523 ad
810 486 884 524 euin.
901 471 937 525 Et
976 467 1241 539 videretquemdam
1250 458 1782 520 manecomedentem.Dixitautemei2

136 553 292 610 salutantes
302 569 333 607 se
342 552 460 609 invicem
467 568 530 608 cum
538 554 642 625 gaudio
652 555 794 611 sederunt.
807 556 935 614 Dixitau·
977 559 1037 614 Hac
1049 559 1120 614 hora
1140 557 1293 611 manducas
1307 554 1337 607 in
1359 557 1438 629 sexta
1451 549 1545 606 feria?
1559 549 1611 604 Die
1630 555 1727 604 autem
1741 565 1783 604 se-

135 650 194 700 tem
217 642 244 698 ei
257 640 343 698 abbas
365 643 465 697 Pastor
481 659 487 695 :
503 643 565 698 Duo
585 644 714 700 hominos
738 651 819 702 erant
832 647 861 701 in
874 648 935 702 loco
977 647 1073 720 quenti
1085 647 1158 702 iacta
1173 649 1215 700 est
1226 642 1376 699 celebratio
1387 640 1537 695 missarum
1548 638 1705 694 secundum
1717 654 1782 694 con·

135 737 234 799 uno,et
244 730 326 787 ambo
332 730 475 787 habebant
484 737 610 788 mortuos
618 750 693 789 suos.
706 735 830 806 Reliquit
839 741 935 792 autem
976 735 1164 791 suetudinem.
1177 735 1294 789 Intuens
1307 747 1372 786 xero
1388 731 1476 785 frater
1490 729 1560 800 ejus,
1574 727 1644 782 vidit
1657 726 1780 799 gratiam

135 837 208 878 unus
218 825 460 889 mortuumsuum,
473 826 502 876 et
511 820 580 877 abiit
592 822 702 894 plorare
716 824 793 880 illius
807 825 934 881 alterius.
977 841 1038 895 quae
1047 827 1144 889 52)ss
1157 822 1183 876 ei
1197 821 1264 876 data
1278 821 1370 877 fuerat
1385 818 1544 875 discessisse
1557 816 1593 872 ab
1607 834 1652 882 eo,
1670 822 1699 872 et
1713 833 1776 872 con·

133 909 260 967 Audiens
275 913 371 966 autern
385 910 445 966 haec
465 926 558 977 senex,
575 918 759 984 compunctus
774 918 817 968 est
834 914 936 969 inser·
975 913 1103 968 tristatus
1116 916 1168 966 est.
1185 911 1238 976 Qui
1257 928 1321 966 cum
1337 909 1459 964 venisset
1470 908 1500 962 in
1514 907 1625 973 cellam,
1643 904 1712 961 dicit
1726 906 1751 962 ei
1773 923 1779 960 :

134 1015 218 1056 mone
233 1001 305 1071 ejus.
322 1004 351 1055 ot
363 1000 526 1055 recordatus
536 1001 663 1072 estquod
674 1001 790 1070 lecerat,
804 1009 833 1057 et
846 1003 933 1060 dixit:
976 1001 1049 1066 Quid
1059 1001 1159 1067 fecisti,
1170 1000 1267 1066 frater,
1279 999 1345 1072 quia
1358 1015 1415 1053 non
1425 996 1490 1064 vidi,
1504 994 1782 1068 sicutpridem,-gra·

134 1089 234 1146 Pastor
262 1105 375 1145 sursum
401 1089 430 1144 in
458 1089 537 1156 coelo,
561 1106 613 1162 ego
637 1096 733 1148 autem
751 1092 883 1148 deorsum
905 1093 935 1148 in
975 1090 1045 1145 tiam
1060 1089 1111 1145 Dei
1134 1090 1164 1144 in
1177 1089 1226 1144 te‘l
1240 1089 1291 1144 llle
1305 1094 1401 1143 autem
1416 1086 1589 1159 respondens
1603 1084 1698 1140 dixit:
1720 1085 1779 1154 Ego

134 1185 222 1234 term·
976 1195 1068 1251 neque
1078 1179 1107 1235 in
1118 1184 1192 1245 actu,
1201 1194 1292 1249 neque
1304 1177 1335 1232 in
1344 1174 1560 1246 cogitationibus
1570 1173 1701 1229 conscius
1712 1172 1780 1227 mihi

167 1264 196 1324 8.-
206 1267 307 1322 Frater
316 1266 432 1339 quidam
442 1266 625 1339 interrogarit
635 1267 765 1324 abbatem
776 1270 933 1334 Pastorem,
977 1286 1040 1324 sum
1053 1269 1173 1339 alicujus
1187 1267 1265 1322 mali.
1282 1265 1355 1323 Dicit
1365 1265 1390 1320 ei
1404 1265 1492 1319 frater
1504 1264 1586 1334 ejus:
1602 1263 1663 1318 Nec
1676 1277 1781 1316 sermo·

133 1355 418 1423 dicens1Quidfacio,
431 1357 499 1428 qnia
509 1357 695 1429 pusillanimis
708 1358 744 1413 fro
755 1359 822 1414 dum
833 1359 937 1416 sedeo?
978 1375 1044 1414 nem
1065 1359 1193 1413 odiosum
1215 1357 1338 1428 aliquem
1360 1355 1470 1410 locutus
1491 1352 1543 1408 es?
1563 1353 1599 1408 Et
1618 1351 1780 1407 recordatos

133 1446 211 1503 Dixit
224 1446 250 1501 ei
264 1461 347 1500 senex
364 1462 370 1498 :
386 1445 503 1500 Nullum
519 1463 635 1517 spernas
648 1464 740 1519 neque
753 1448 932 1513 condemnes,
979 1448 1063 1503 dixit:
1076 1447 1177 1502 Etiam.
1194 1447 1335 1501 Hesterna
1345 1443 1390 1499 dio
1406 1442 1461 1498 vidi
1471 1441 1624 1514 quemdam
1636 1440 1782 1496 comeden-

132 1543 161 1593 et
175 1536 246 1593 nulli
260 1533 430 1606 obloquaris,
444 1540 472 1590 et
486 1535 562 1590 Deus
573 1529 719 1607 prestabit
732 1537 784 1593 tibi
796 1539 933 1610 requiem,
976 1541 1034 1593 tem
1048 1553 1141 1603 mane,
1153 1543 1182 1591 et
1196 1535 1252 1590 dixi
1266 1534 1291 1589 ei
1309 1553 1314 1587 :
1333 1533 1391 1588 llac
1408 1533 1479 1587 hora
1492 1531 1648 1586 manducas
1662 1531 1691 1585 in
1705 1536 1782 1585 sexta

130 1632 160 1682 et
177 1625 231 1681 erit
251 1623 338 1683 sessio
361 1629 412 1679 tua
431 1624 492 1680 sine
511 1625 723 1697 perturbatione
740 1629 834 1696 (hals,
856 1632 877 1683 l.
892 1641 933 1711 ιιιἱ
976 1625 1066 1682 feria?
1079 1627 1139 1681 Hoc
1153 1630 1196 1680 est
1206 1629 1352 1697 peceatum
1366 1639 1481 1690 meum,
1499 1619 1547 1676 sed
1560 1619 1661 1675 labora
1671 1636 1780 1675 mecum

130 1732 160 1773 a.
177 1712 247 1782 1003
260 1714 366 1780 Posala,
383 1730 407 1768 c.
424 1711 468 1780 39,
486 1730 514 1769 a.
531 1713 701 1785 2;1lppend.
717 1717 813 1783 Mart,
831 1733 859 1771 a.
877 1699 966 1785 39).B
977 1716 1047 1771 duas
1062 1714 1262 1780 hebdomadas,
1274 1719 1302 1768 et
1318 1728 1448 1782 rogemus
1461 1711 1552 1766 Deum
1562 1714 1595 1765 ut
1610 1709 1680 1763 mihi
1691 1708 1780 1765 indul·

165 1805 193 1861 9.
207 1804 310 1860 Factus
323 1807 366 1857 est
389 1802 541 1874 aliquando
562 1808 715 1859 conventus
737 1805 766 1859 in
782 1805 889 1878 Scythi,
906 1811 936 1861 et
974 1810 1051 1876 goat.
1074 1805 1213 1860 Fecerunt
1225 1803 1282 1871 itaq
1300 1807 1405 1874 etpost
1419 1800 1490 1856 duas
1504 1798 1699 1854 hebdomadas
1714 1798 1782 1854 vidit

130 1890 319 1967 loquebantur
325 1892 424 1947 Patres
432 1891 467 1947 de
479 1892 601 1964 quodam
607 1892 694 1949 fratre
704 1894 932 1966 culpabililflaff,
976 1893 1063 1950 frater
1073 1893 1194 1965 gratiam
1208 1892 1258 1948 Dei
1273 1892 1378 1948 iterum
1391 1890 1551 1945 uenientem
1564 1905 1652 1960 super
1663 1888 1780 1943 fratrem

131 1987 152 2041 l.
165 1997 244 2049 nnn.
261 1979 329 2050 136).
343 1979 437 2035 Abbas
449 1986 545 2036 autern
558 1981 625 2037 Pior
639 1982 767 2037 tacebat:
782 1989 936 2056 posteaau·
976 2000 1068 2051 suum,
1085 1990 1113 2039 et
1125 1982 1262 2039 consolati
1281 1986 1357 2048 sunt,
1375 1981 1444 2047 Deo,
1464 1979 1512 2051 qui
1527 1978 1605 2034 solus
1619 1977 1713 2034 bonus
1728 1983 1778 2039 est,

128 2077 188 2128 tem
196 2086 450 2143 surgensegressus
456 2075 508 2138 est,
521 2075 550 2126 et
558 2071 658 2127 tollens
671 2088 794 2139 saccum,
808 2073 936 2145 implevit
974 2073 1082 2144 gratias
1096 2073 1260 2128 referentes.

129 2176 299 2227 eumarena,
310 2164 339 2214 et
352 2158 483 2231 portabat
492 2160 594 2216 eumin
605 2160 732 2217 humeris
746 2162 815 2231 suis;
830 2167 859 2217 et
870 2162 934 2218 mit·
1198 2195 1372 2253 LIBELLUS
1386 2193 1555 2251 DECIMUS·

127 2256 191 2308 tens
205 2250 234 2305 in
248 2247 383 2321 sportella
396 2248 507 2304 modica
526 2249 560 2304 de
571 2248 670 2306 eadem
685 2267 781 2320 arena,
800 2252 934 2324 portabat

130 2340 216 2396 etiam
228 2337 320 2412 ipsam
331 2337 362 2393 in
373 2342 449 2394 ante.
465 2338 659 2411 Interrogatus
667 2346 788 2397 autema
801 2341 933 2397 Patribus
1266 2322 1303 2378 00
1317 2322 1489 2377 ‘¹1⁸⁰l‘sstl'0’w·

130 2428 260 2504 quidhoc
270 2427 368 2483 esset?
382 2428 432 2483 lile
447 2428 594 2500 respondit
606 2448 612 2483 :
623 2430 725 2486 Saccus
733 2429 788 2485 iste
802 2431 850 2502 qni
862 2430 933 2486 mul·
1012 2428 1036 2485 l.
1048 2429 1124 2484 Dixit
1137 2428 1369 2484 abbasAntonius
1381 2448 1387 2483 :
1400 2430 1473 2495 Quia
1481 2433 1549 2486 sunt
1558 2427 1678 2499 quidam
1688 2429 1781 2482 conte

131 2527 193 2575 tum
214 2516 301 2572 habet
314 2533 416 2584 arena,
436 2534 501 2572 mea
520 2523 636 2591 peccata
649 2524 736 2588 sunt,
752 2525 781 2574 et
798 2519 932 2591 quoniam
974 2523 1068 2574 rentes
1082 2536 1200 2592 corpora
1209 2535 1261 2575 sua
1274 2519 1304 2573 in
1314 2518 1499 2588 abstinentia;
1515 2517 1564 2573 sed
1575 2517 1644 2589 quia
1656 2533 1716 2572 nou
1732 2516 1777 2571 ha-

129 2608 221 2663 multa
233 2610 309 2674 sunt,
325 2605 407 2679 posui
421 2623 455 2661 oa
468 2623 554 2680 supra
565 2606 690 2675 dorsum,
705 2624 745 2683 ne¹
754 2608 864 2663 doleam
879 2625 930 2680 pro
973 2606 1096 2663 buerunt
1106 2607 1311 2674 discretionem,
1322 2606 1405 2678 longe
1422 2607 1486 2663 facti
1499 2612 1567 2663 sunt
1581 2623 1600 2662 a
1614 2607 1686 2662 Deo.

131 2696 200 2769 ipsis
217 2701 246 2751 et
257 2695 380 2769 plorem;
395 2694 450 2751 ista
462 2701 557 2751 autem
576 2713 663 2752 arena
685 2697 796 2754 modica
816 2703 932 2770 peccata
1008 2695 1775 2769 2.Fratresquidamveneruntadabbatemdntonium,

130 2791 198 2841 aunt
209 2783 291 2839 istius
305 2782 411 2851 fratris,
428 2788 457 2838 et
470 2789 537 2840 sunt
552 2789 618 2840 ante
630 2785 729 2842 faciem
744 2803 846 2854 meam,
858 2793 887 2841 et
903 2787 932 2842 in
972 2790 1006 2841 ut
1018 2787 1184 2842 nuntiarent
1191 2787 1216 2841 ei
1225 2786 1464 2858 phantasiasquas
1471 2784 1613 2851 videbant,
1626 2790 1656 2840 et
1667 2800 1781 2856 cognos-

128 2871 198 2947 ipsis
205 2872 473 2944 exerceorjudicans
482 2872 697 2946 fratrem;quod
708 2891 763 2930 non
773 2880 884 2947 oportet
891 2875 933 2929 ita
973 2881 1070 2930 cerent
1084 2874 1119 2930 ab
1133 2892 1167 2930 eo
1185 2881 1281 2931 utrum
1301 2891 1373 2930 aerae
1392 2879 1494 2941 essent,
1510 2891 1547 2929 an
1560 2890 1579 2928 a
1602 2872 1778 2929 damonibus

131 2963 203 3030 fleri,
218 2961 269 3018 sed
283 2978 346 3017 mea
356 2961 568 3034 magispeccata
577 2968 642 3018 ante
653 2980 698 3018 me
709 2970 815 3030 essc‚et
824 2964 932 3036 deipsis
974 2964 1169 3021 illuderentur.
1192 2964 1339 3020 ilabebant
1361 2969 1456 3019 autem
1480 2963 1593 3019 asinum
1616 2979 1724 3031 mcum,
1750 2968 1778 3017 ot

129 3051 263 3124 cogitare,
279 3057 308 3107 et
320 3067 422 3123 rogare
433 3052 524 3107 Deum
538 3055 570 3107 ut
578 3051 704 3124 ignoscat
716 3052 794 3108 mihi.
809 3053 931 3108 Audien-
941 3060 963 3121 ο
973 3059 1103 3109 mortuus
1113 3053 1204 3109 osteis
1213 3052 1305 3108 invia.
1315 3054 1386 3108 Cam
1397 3051 1658 3124 ergorenissentad
1669 3068 1774 3117 senem

129 3147 173 3198 tes
195 3147 291 3199 autem
314 3141 422 3210 Patres,
447 3141 579 3196 dixerunt
604 3161 610 3199 ς
641 3142 713 3197 Vere
736 3142 795 3198 haec
818 3149 863 3198 est
886 3144 933 3199 via
973 3143 1108 3215 praevenit
1125 3159 1182 3211 eos,
1201 3143 1317 3197 dicens:
1344 3141 1489 3207 Quomodo
1511 3146 1642 3197 mortuus
1666 3146 1711 3196 est
1733 3140 1778 3195 illo

131 3229 242 3288 salutis.
973 3232 1069 3287 asinus
1089 3232 1118 3287 in
1131 3232 1177 3286 ria
1190 3231 1204 3286 i
1218 3231 1322 3287 Dicunt
1335 3232 1376 3286 ei:
1392 3231 1472 3286 Unde
1488 3230 1552 3297 scis,
1571 3229 1723 3286 Pater‘lEt
1733 3229 1779 3285 ille

145 3317 211 3378 ·10.
225 3320 303 3377 Dixit
329 3336 415 3375 senex
432 3337 439 3374 t
464 3319 527 3375 Non
544 3319 654 3392 judices
681 3320 890 3388 fornicatorem,
908 3320 932 3377 si
974 3320 1047 3375 dixit
1064 3321 1234 3376 :Daemones
1258 3320 1328 3375 mihi
1341 3320 1536 3375 ostenderunt.
1559 3318 1667 3374 Dicunt
1680 3319 1727 3374 ei:
1744 3319 1777 3373 Et

130 3415 224 3466 ossius
238 3426 269 3466 es
278 3429 287 3482 3
311 3408 446 3481 quoniam
466 3409 599 3465 similiter
621 3410 713 3482 legem
728 3410 929 3484 praevaricaris.
975 3427 1026 3464 nos
1039 3414 1189 3482 propterea
1201 3409 1327 3465 venimus
1342 3409 1566 3479 interrogarem,
1581 3408 1650 3480 quia
1660 3407 1779 3463 vidimus

131 3500 244 3557 Etenim
258 3499 306 3572 qui
315 3498 398 3555 dixit:
411 3499 474 3554 Non
488 3498 644 3565 forniceris,
655 3499 728 3555 dixit
740 3519 746 3554 :
759 3501 800 3556 Ne
812 3501 931 3572 judices.
974 3499 1146 3571 phantasias,
1163 3504 1191 3553 et
1201 3499 1367 3570 plerumque
1382 3498 1455 3553 frunt
1468 3497 1497 3551 in
1513 3496 1641 3564 veritate,
1659 3513 1696 3551 ne
1709 3495 1778 3551 forte

164 3587 211 3645 il.
230 3587 274 3644 ad
294 3587 445 3660 quemdam
460 3587 618 3643 solitarium
632 3588 709 3644 uenit
721 3588 868 3662 presbyter
882 3607 933 3645 cu·
975 3604 1111 3643 erremus.
1125 3589 1160 3643 Et
1173 3587 1309 3643 satisfecit
1322 3587 1363 3642 eis
1378 3603 1464 3642 senex
1477 3590 1591 3658 sumpto
1604 3586 1733 3658 exemplo
1743 3585 1778 3640 de

129 3677 243 3750 jusdam
257 3673 387 3743 basilicae,
403 3680 435 3732 ut
450 3686 627 3731 consecraret
648 3677 675 3732 ei
703 3676 874 3733 oblationem
895 3677 931 3734 ad
972 3677 1061 3745 asino,
1078 3677 1228 3733 ostendens
1243 3677 1340 3749 quiaa
1358 3675 1532 3731 daemonibus
1552 3676 1626 3731 frunt
1641 3676 1707 3730 ista.
1724 3676 1776 3730 Su·

132 3763 406 3822 communicandum.
421 3763 544 3819 Veniens
560 3770 656 3820 autem
670 3765 786 3837 quidam
801 3766 837 3821 ad
851 3766 932 3822 illum
972 3767 1100 3839 pervenit
1109 3765 1511 3838 aulamquidarnxenatiouem
1521 3764 1628 3819 faciens
1639 3764 1776 3820 insiliam

132 3853 299 3920 solitarium,
312 3853 454 3909 accusavit
466 3851 542 3925 apud
560 3853 653 3925 ipsum
667 3853 797 3910 eumdem
812 3854 931 3927 presby·
973 3856 1128 3926 agrestium
1142 3854 1317 3921 animalium,
1327 3854 1473 3910 etriderat
1483 3852 1614 3909 abbatem
1621 3853 1776 3909 Antonium

135 3941 304 4008 remmom
318 3957 384 3997 cum
394 3957 427 3996 ex
436 3940 638 3997 consuetudine
648 3942 751 3998 iterum
766 3943 887 3999 venisset
896 3943 933 4000 ad
972 3945 1143 4015 gaudentem
1157 3961 1221 3999 oum
1233 3943 1377 4010 fratribus,
1388 3949 1417 3999 et
1427 3943 1610 4015 displicuerat
1620 3944 1658 3998 ei.
1674 3943 1774 3998 Valens

137 4047 213 4100 eum,
230 4036 264 4087 ut
278 4034 455 4087 consecraret
468 4027 648 4100 oblationem,
667 4031 870 4089 scandalizatus
884 4032 932 4089 illc
974 4039 1068 4089 autem
1088 4049 1174 4088 senex
1191 4033 1216 4088 ei
1241 4033 1389 4088 ostendere
1404 4033 1471 4104 quia
1494 4037 1607 4104 oportet
1626 4031 1777 4104 aliquando

135 4120 277 4178 solitarius
290 4135 347 4176 non
360 4118 471 4193 aperuit
484 4120 520 4174 ei.
536 4119 688 4192 Presbyter
699 4127 796 4177 autem
807 4122 860 4178 hoc
874 4122 933 4177 riso
974 4122 1195 4177 condescendere
1208 4121 1351 4189 fratribus,
1366 4122 1437 4177 dicit
1451 4122 1477 4176 ci
1491 4122 1586 4176 :Pone
1600 4120 1737 4192 sagittam
1751 4120 1778 4175 in

134 4209 441 4268 mroeaitmteccevox
451 4209 525 4265 facta
535 4215 578 4264 est
591 4209 627 4266 ad
640 4210 808 4278 solitarium,
821 4210 930 4267 dicens:
974 4228 1042 4268 arcu
1056 4217 1115 4279 tuo,
1131 4216 1160 4265 ct
1173 4211 1272 4278 trahe;
1289 4217 1318 4266 et
1332 4211 1398 4267 fecit
1412 4211 1461 4266 sic.
1479 4210 1514 4266 lit
1527 4210 1598 4266 dixit
1612 4211 1640 4265 ei
1656 4230 1662 4266 :
1676 4211 1779 4266 lterum

133 4298 614 4371 Toleruntsibihominesjudicium
626 4300 775 4356 meum.Et
789 4299 934 4356 factusost
973 4302 1070 4370 trahe;
1096 4306 1124 4355 et
1139 4300 1232 4356 traxit.
1251 4301 1286 4356 Et
1298 4317 1397 4356 rursus
1411 4300 1482 4356 dixit
1494 4301 1519 4355 ei
1535 4318 1540 4352 :
1557 4299 1653 4355 ‘l'robe
1671 4299 1778 4367 adhoc,
1807 4310 1811 4321 ·

133 4390 254 4447 velutin
268 4402 382 4444 excessu
405 4389 518 4455 mentis,
534 4394 563 4443 et
585 4387 698 4444 videbat
722 4388 803 4461 quasi
818 4395 936 4463 puteum
946 4381 1005 4447 Det
1018 4391 1113 4449 traxit.
1122 4390 1201 4445 Dixit
1210 4389 1235 4445 ei
1243 4390 1411 4445 venator:Si
1421 4405 1507 4461 supra
1514 4405 1683 4445 mensuram
1692 4395 1781 4446 trare·

135 4494 264 4546 ouream,
282 4483 310 4534 et
323 4477 438 4533 situlam
456 4493 581 4544 auream,
598 4482 627 4532 et
649 4478 746 4534 funem
760 4495 889 4544 aureum,
906 4484 935 4533 et
975 4496 1016 4546 ro,
1028 4477 1174 4550 frangetur
1186 4479 1354 4533 arcus.Dicit
1368 4479 1394 4534 ei
1408 4477 1494 4534 abbas
1508 4478 1666 4533 Antonius:
1680 4478 1724 4533 lla
1737 4480 1779 4531 est

136 4583 239 4642 aquam
253 4565 453 4623 bonamvalde.
465 4564 585 4620 Videbat
594 4570 690 4621 autem
701 4571 729 4622 et
739 4566 935 4639 quemdamlc·
976 4575 1005 4624 et
1018 4569 1048 4623 in
1063 4584 1147 4640 opere
1156 4567 1207 4622 Dei
1218 4587 1224 4622 :
1237 4567 1332 4640 siplus
1344 4583 1504 4622 emensura
1514 4566 1669 4633 tendimus,
1682 4566 1781 4621 fratres

136 4669 252 4732 prosum
265 4656 443 4713 haurientem
457 4660 487 4710 et
501 4653 696 4710 refundentem
713 4658 742 4711 in
754 4673 829 4725 vase,
845 4661 875 4710 et
886 4672 936 4711 cu·
976 4656 1186 4727 citodeliciunt;
1196 4655 1381 4728 expeditergo
1393 4672 1453 4712 una
1463 4660 1558 4711 etuna
1568 4655 1698 4710 relaxare
1708 4654 1783 4726 rigo·

137 4747 234 4820 piabat
243 4745 349 4812 bibero,
363 4750 393 4802 et
403 4761 460 4800 non
471 4749 582 4816 poterat
592 4750 708 4817 propter
721 4745 796 4818 quod
808 4745 935 4818 leprosus
977 4764 1037 4802 rem
1046 4762 1153 4802 eorum.
1164 4744 1229 4801 Hac
1244 4744 1361 4802 audiens
1369 4737 1687 4817 venatorcompunctus
1697 4747 1784 4813 estet

138 4835 325 4908 essetillequi
339 4832 497 4891 hauriebat.
514 4834 547 4889 Et
560 4850 622 4889 eece
632 4834 737 4890 iterum
750 4851 803 4890 vox
814 4834 934 4903 adeum,
976 4836 1099 4891 multum
1112 4835 1261 4907 proficiens
1287 4835 1317 4890 in
1340 4851 1469 4891 sermone
1485 4835 1571 4900 senis,
1587 4834 1739 4903 disoessit;
1755 4837 1783 4888 et

139 4924 236 4981 dicens
252 4941 258 4977 ι
276 4924 334 4979 Dur
341 4939 398 4979 non
407 4922 481 4978 bibis
495 4939 528 4978 ex
543 4938 617 4995 aqua
631 4922 702 4978 hacl
722 4939 807 4995 quam
822 4940 936 4978 causam
976 4925 1077 4980 fratres
1090 4923 1258 4993 confirmati,
1275 4924 1379 4980 reversi
1395 4929 1461 4980 sunt
1475 4924 1506 4980 in
1520 4923 1616 4980 locum
1633 4940 1729 4980 suum.

139 5010 936 5085 habetquiimplet‘limpletenimsolummodoeteliundit
1012 5014 1037 5070 3.
1054 5014 1152 5069 Frater
1167 5014 1237 5069 dixit
1249 5012 1344 5069 abbati
1358 5013 1500 5069 Antonio:
1523 5013 1582 5069 Ora
1607 5030 1660 5086 pro
1676 5029 1732 5069 me.
1748 5011 1781 5068 lit

139 5104 171 5160 in
182 5114 258 5156 raso.
270 5100 303 5156 ln
317 5117 348 5156 se
357 5106 453 5157 autern
467 5117 594 5157 reversus
608 5101 759 5169 solitarius,
769 5106 797 5157 et
811 5101 936 5157 conside·
976 5103 1120 5177 respondit
1133 5103 1158 5158 ci
1173 5119 1271 5159 senex:
1281 5102 1338 5159 Nec
1352 5120 1404 5175 ego
1419 5104 1461 5159 tui
1471 5102 1617 5170 misereor,
1634 5103 1776 5170 necDeos,

140 5189 349 5248 ransvirtutem
360 5189 600 5258 risionis,xocaxit
613 5192 858 5265 presbyterumet
871 5191 937 5247 fecit
978 5193 1033 5248 nisi
1045 5210 1095 5266 pro
1108 5193 1200 5264 teipso
1214 5192 1350 5248 sollicitus
1364 5191 1452 5247 fueris
1465 5197 1494 5248 et
1507 5191 1673 5264 poposceris
1682 5208 1701 5247 a
1714 5191 1779 5247 Deo.

139 5296 207 5340 eum
221 5278 294 5335 sicat
303 5282 332 5333 et
345 5278 424 5349 prius
439 5278 613 5335 sanctificare
624 5279 677 5336 sibi
693 5281 879 5340 oblationem.
1014 5281 1041 5339 4.
1059 5282 1134 5337 Dixit
1147 5282 1251 5338 iterum
1263 5280 1350 5337 abbas
1376 5280 1536 5336 Antonius:
1553 5279 1627 5347 Quia
1642 5298 1701 5338 non
1717 5296 1779 5354 per·

178 5370 222 5431 n.
237 5368 365 5427 Fuerunt
374 5366 429 5423 duo
443 5368 544 5424 fratres
554 5371 734 5442 magnaeaitae
743 5371 773 5426 in
788 5388 938 5444 congrega·
980 5371 1070 5426 mittit
1083 5371 1157 5426 Deus
1172 5370 1247 5426 bella
1257 5370 1372 5426 excitari
1383 5370 1414 5426 iu
1431 5370 1616 5442 generatione
1634 5371 1695 5436 hac,
1710 5382 1778 5441 quo-

139 5461 227 5531 tione,
235 5465 265 5517 et
279 5461 446 5514 meruerunt
454 5457 547 5514 ridere
556 5458 659 5531 singuli
666 5461 789 5532 gratiam
803 5461 854 5517 Dei
863 5461 892 5517 in
900 5461 941 5516 al·
979 5460 1056 5516 niam
1069 5460 1123 5515 scit
1135 5460 1201 5533 qnia
1214 5459 1319 5516 infirmi
1334 5465 1398 5516 sunt
1412 5467 1441 5515 et
1449 5466 1562 5533 portare
1575 5475 1635 5515 non
1651 5464 1780 5533 possunt.

138 5543 937 5634 wabumdactumestautomaliquandoatuuusexeis
1015 5549 1286 5631 5.Dixitaliquaudo
1300 5547 1776 5631 abbasaagnusabbatiaaenio:
