<?xml version="1.0" encoding="UTF-8"?>
<!DOCTYPE html PUBLIC "-//W3C//DTD XHTML 1.0 Transitional//EN"
    "http://www.w3.org/TR/xhtml1/DTD/xhtml1-transitional.dtd">
<html xmlns="http://www.w3.org/1999/xhtml" xml:lang="en" lang="en">
 <head>
  <title>
</title>
<meta http-equiv="Content-Type" content="text/html;charset=utf-8" />
  <meta name='ocr-system' content='tesseract 3.04.00' />
  <meta name='ocr-capabilities' content='ocr_page ocr_carea ocr_par ocr_line ocrx_word'/>
</head>
<body>
  <div class='ocr_page' id='page_1' title='image "./patrologiaecurs38unkngoog_0211.png"; bbox 0 0 3818 6120; ppageno 0'>
   <div class='ocr_carea' id='block_1_1' title="bbox 142 252 1779 349">
    <p class='ocr_par' dir='ltr' id='par_1_1' title="bbox 142 252 1779 349">
     <span class='ocr_line' id='line_1_1' title="bbox 142 252 1779 349; baseline 0.025 -43"><span class='ocrx_word' id='word_1_1' title='bbox 142 252 190 308; x_wconf 77' lang='lat' dir='ltr'>in</span> <span class='ocrx_word' id='word_1_2' title='bbox 652 268 699 327; x_wconf 82' lang='lat' dir='ltr'>nn</span> <span class='ocrx_word' id='word_1_3' title='bbox 717 271 810 331; x_wconf 82' lang='lat' dir='ltr'>virts</span> <span class='ocrx_word' id='word_1_4' title='bbox 830 274 977 335; x_wconf 73' lang='lat' dir='ltr'>nu&#39;nuu</span> <span class='ocrx_word' id='word_1_5' title='bbox 995 280 1102 341; x_wconf 77' lang='lat' dir='ltr'>tmen</span> <span class='ocrx_word' id='word_1_6' title='bbox 1120 279 1265 345; x_wconf 75' lang='lat' dir='ltr'>narnus.</span> <span class='ocrx_word' id='word_1_7' title='bbox 1722 277 1779 349; x_wconf 76' lang='lat' dir='ltr'>itti</span> 
     </span>
    </p>
   </div>
   <div class='ocr_carea' id='block_1_2' title="bbox 124 380 1824 5628">
    <p class='ocr_par' dir='ltr' id='par_1_2' title="bbox 124 380 1824 5628">
     <span class='ocr_line' id='line_1_2' title="bbox 140 380 1774 475; baseline 0.018 -47"><span class='ocrx_word' id='word_1_8' title='bbox 140 391 213 443; x_wconf 86' lang='lat' dir='ltr'>meo,</span> <span class='ocrx_word' id='word_1_9' title='bbox 230 380 277 450; x_wconf 89' lang='lat' dir='ltr'>qui</span> <span class='ocrx_word' id='word_1_10' title='bbox 293 389 332 434; x_wconf 85' lang='lat' dir='ltr'>est</span> <span class='ocrx_word' id='word_1_11' title='bbox 350 384 376 435; x_wconf 95' lang='lat' dir='ltr'>in</span> <span class='ocrx_word' id='word_1_12' title='bbox 392 385 480 451; x_wconf 79' lang='lat' dir='ltr'>cmlis3</span> <span class='ocrx_word' id='word_1_13' title='bbox 499 402 548 440; x_wconf 93' lang='lat' dir='ltr'>nos</span> <span class='ocrx_word' id='word_1_14' title='bbox 561 405 657 445; x_wconf 91' lang='lat' dir='ltr'>sumus</span> <span class='ocrx_word' id='word_1_15' title='bbox 668 396 715 463; x_wconf 90' lang='lat' dir='ltr'>qui</span> <span class='ocrx_word' id='word_1_16' title='bbox 733 397 760 450; x_wconf 93' lang='lat' dir='ltr'>in</span> <span class='ocrx_word' id='word_1_17' title='bbox 771 416 834 453; x_wconf 90' lang='lat' dir='ltr'>eum</span> <span class='ocrx_word' id='word_1_18' title='bbox 845 403 934 456; x_wconf 89' lang='lat' dir='ltr'>eredi-</span> <span class='ocrx_word' id='word_1_19' title='bbox 944 404 1063 475; x_wconf 83' lang='lat' dir='ltr'>Aipsius</span> <span class='ocrx_word' id='word_1_20' title='bbox 1078 407 1132 460; x_wconf 89' lang='lat' dir='ltr'>iste</span> <span class='ocrx_word' id='word_1_21' title='bbox 1145 410 1196 459; x_wconf 92' lang='lat' dir='ltr'>est.</span> <span class='ocrx_word' id='word_1_22' title='bbox 1213 403 1381 473; x_wconf 87' lang='lat' dir='ltr'>Vigilantius</span> <span class='ocrx_word' id='word_1_23' title='bbox 1395 403 1557 475; x_wconf 90' lang='lat' dir='ltr'>respondit:</span> <span class='ocrx_word' id='word_1_24' title='bbox 1572 403 1677 459; x_wconf 86' lang='lat' dir='ltr'>Verum</span> <span class='ocrx_word' id='word_1_25' title='bbox 1688 403 1774 469; x_wconf 81' lang='lat' dir='ltr'>Pater</span> 
     </span>
     <span class='ocr_line' id='line_1_3' title="bbox 141 470 1773 567; baseline 0.017 -49"><span class='ocrx_word' id='word_1_26' title='bbox 141 482 214 531; x_wconf 82' lang='lat' dir='ltr'>inus,</span> <span class='ocrx_word' id='word_1_27' title='bbox 228 476 256 521; x_wconf 92' lang='lat' dir='ltr'>et</span> <span class='ocrx_word' id='word_1_28' title='bbox 273 470 298 522; x_wconf 95' lang='lat' dir='ltr'>in</span> <span class='ocrx_word' id='word_1_29' title='bbox 315 473 426 525; x_wconf 90' lang='lat' dir='ltr'>nomine</span> <span class='ocrx_word' id='word_1_30' title='bbox 441 482 536 530; x_wconf 87' lang='lat' dir='ltr'>sancto</span> <span class='ocrx_word' id='word_1_31' title='bbox 552 479 612 548; x_wconf 83' lang='lat' dir='ltr'>ejus</span> <span class='ocrx_word' id='word_1_32' title='bbox 625 499 779 552; x_wconf 88' lang='lat' dir='ltr'>speramus.</span> <span class='ocrx_word' id='word_1_33' title='bbox 796 496 889 557; x_wconf 55' lang='grc' dir='ltr'>*ηπ</span> <span class='ocrx_word' id='word_1_34' title='bbox 907 492 935 546; x_wconf 91' lang='lat' dir='ltr'>Si</span> <span class='ocrx_word' id='word_1_35' title='bbox 977 496 1038 566; x_wconf 83' lang='lat' dir='ltr'>ejus</span> <span class='ocrx_word' id='word_1_36' title='bbox 1047 495 1094 549; x_wconf 85' lang='lat' dir='ltr'>ille</span> <span class='ocrx_word' id='word_1_37' title='bbox 1108 502 1160 562; x_wconf 89' lang='lat' dir='ltr'>cst,</span> <span class='ocrx_word' id='word_1_38' title='bbox 1177 493 1265 567; x_wconf 88' lang='lat' dir='ltr'>quiet</span> <span class='ocrx_word' id='word_1_39' title='bbox 1283 492 1428 556; x_wconf 83' lang='lat' dir='ltr'>Dominus,</span> <span class='ocrx_word' id='word_1_40' title='bbox 1443 509 1506 548; x_wconf 91' lang='lat' dir='ltr'>cum</span> <span class='ocrx_word' id='word_1_41' title='bbox 1521 509 1576 563; x_wconf 92' lang='lat' dir='ltr'>quo</span> <span class='ocrx_word' id='word_1_42' title='bbox 1587 509 1661 546; x_wconf 88' lang='lat' dir='ltr'>nunc</span> <span class='ocrx_word' id='word_1_43' title='bbox 1675 491 1773 548; x_wconf 86' lang='lat' dir='ltr'>demo·</span> 
     </span>
     <span class='ocr_line' id='line_1_4' title="bbox 141 560 1774 654; baseline 0.017 -46"><span class='ocrx_word' id='word_1_44' title='bbox 141 571 207 625; x_wconf 89' lang='lat' dir='ltr'>crgo</span> <span class='ocrx_word' id='word_1_45' title='bbox 218 560 457 633; x_wconf 80' lang='lat' dir='ltr'>evenerittempus</span> <span class='ocrx_word' id='word_1_46' title='bbox 471 569 714 637; x_wconf 86' lang='lat' dir='ltr'>persecutionis,et</span> <span class='ocrx_word' id='word_1_47' title='bbox 725 575 847 634; x_wconf 74' lang='lat' dir='ltr'>dixerint</span> <span class='ocrx_word' id='word_1_48' title='bbox 856 580 935 636; x_wconf 89' lang='lat' dir='ltr'>nobis</span> <span class='ocrx_word' id='word_1_49' title='bbox 976 588 1064 648; x_wconf 89' lang='lat' dir='ltr'>ratur,</span> <span class='ocrx_word' id='word_1_50' title='bbox 1076 583 1123 654; x_wconf 88' lang='lat' dir='ltr'>qui</span> <span class='ocrx_word' id='word_1_51' title='bbox 1135 588 1163 636; x_wconf 91' lang='lat' dir='ltr'>et</span> <span class='ocrx_word' id='word_1_52' title='bbox 1171 588 1249 637; x_wconf 86' lang='lat' dir='ltr'>tanta</span> <span class='ocrx_word' id='word_1_53' title='bbox 1263 581 1336 636; x_wconf 89' lang='lat' dir='ltr'>bona</span> <span class='ocrx_word' id='word_1_54' title='bbox 1345 581 1371 635; x_wconf 88' lang='lat' dir='ltr'>ei</span> <span class='ocrx_word' id='word_1_55' title='bbox 1382 581 1412 636; x_wconf 91' lang='lat' dir='ltr'>in</span> <span class='ocrx_word' id='word_1_56' title='bbox 1422 581 1518 637; x_wconf 83' lang='lat' dir='ltr'>lutura</span> <span class='ocrx_word' id='word_1_57' title='bbox 1527 580 1700 636; x_wconf 86' lang='lat' dir='ltr'>beatitudine</span> <span class='ocrx_word' id='word_1_58' title='bbox 1711 597 1774 649; x_wconf 86' lang='lat' dir='ltr'>con-</span> 
     </span>
     <span class='ocr_line' id='line_1_5' title="bbox 140 643 1773 736; baseline 0.017 -41"><span class='ocrx_word' id='word_1_59' title='bbox 140 643 278 716; x_wconf 72' lang='lat' dir='ltr'>principes</span> <span class='ocrx_word' id='word_1_60' title='bbox 294 647 377 717; x_wconf 68' lang='lat' dir='ltr'>huJ&#39;us</span> <span class='ocrx_word' id='word_1_61' title='bbox 392 654 485 707; x_wconf 69' lang='lat' dir='ltr'>saeculi</span> <span class='ocrx_word' id='word_1_62' title='bbox 504 673 509 706; x_wconf 90' lang='lat'>:</span> <span class='ocrx_word' id='word_1_63' title='bbox 526 656 670 729; x_wconf 72' lang='lat' dir='ltr'>abnegate</span> <span class='ocrx_word' id='word_1_64' title='bbox 695 663 785 719; x_wconf 90' lang='lat' dir='ltr'>Deum</span> <span class='ocrx_word' id='word_1_65' title='bbox 800 674 933 735; x_wconf 82' lang='lat' dir='ltr'>restrum,</span> <span class='ocrx_word' id='word_1_66' title='bbox 976 671 1090 726; x_wconf 84' lang='lat' dir='ltr'>donavit</span> <span class='ocrx_word' id='word_1_67' title='bbox 1115 672 1149 727; x_wconf 90' lang='lat' dir='ltr'>Et</span> <span class='ocrx_word' id='word_1_68' title='bbox 1162 671 1215 726; x_wconf 87' lang='lat' dir='ltr'>iste</span> <span class='ocrx_word' id='word_1_69' title='bbox 1227 688 1291 725; x_wconf 87' lang='lat' dir='ltr'>vero</span> <span class='ocrx_word' id='word_1_70' title='bbox 1304 671 1431 725; x_wconf 86' lang='lat' dir='ltr'>mortalis</span> <span class='ocrx_word' id='word_1_71' title='bbox 1446 677 1498 736; x_wconf 85' lang='lat' dir='ltr'>est,</span> <span class='ocrx_word' id='word_1_72' title='bbox 1515 676 1542 724; x_wconf 91' lang='lat' dir='ltr'>et</span> <span class='ocrx_word' id='word_1_73' title='bbox 1556 670 1691 724; x_wconf 75' lang='lat' dir='ltr'><strong>mortales</strong></span> <span class='ocrx_word' id='word_1_74' title='bbox 1702 669 1773 724; x_wconf 88' lang='lat' dir='ltr'>filios</span> 
     </span>
     <span class='ocr_line' id='line_1_6' title="bbox 140 732 1775 834; baseline 0.019 -52"><span class='ocrx_word' id='word_1_75' title='bbox 140 734 168 784; x_wconf 90' lang='lat' dir='ltr'>et</span> <span class='ocrx_word' id='word_1_76' title='bbox 175 732 288 787; x_wconf 81' lang='lat' dir='ltr'>adorate</span> <span class='ocrx_word' id='word_1_77' title='bbox 299 736 443 795; x_wconf 88' lang='lat' dir='ltr'>nobiscum</span> <span class='ocrx_word' id='word_1_78' title='bbox 453 741 536 811; x_wconf 91' lang='lat' dir='ltr'>idola,</span> <span class='ocrx_word' id='word_1_79' title='bbox 547 747 595 817; x_wconf 94' lang='lat' dir='ltr'>qui</span> <span class='ocrx_word' id='word_1_80' title='bbox 606 757 672 803; x_wconf 89' lang='lat' dir='ltr'>sunt</span> <span class='ocrx_word' id='word_1_81' title='bbox 682 753 777 823; x_wconf 85' lang='lat' dir='ltr'>magni</span> <span class='ocrx_word' id='word_1_82' title='bbox 785 754 824 811; x_wconf 89' lang='lat' dir='ltr'>dii</span> <span class='ocrx_word' id='word_1_83' title='bbox 834 759 933 826; x_wconf 87' lang='lat' dir='ltr'>nostri,</span> <span class='ocrx_word' id='word_1_84' title='bbox 977 760 1074 828; x_wconf 73' lang='lat' dir='ltr'>habet,</span> <span class='ocrx_word' id='word_1_85' title='bbox 1087 765 1115 815; x_wconf 89' lang='lat' dir='ltr'>et</span> <span class='ocrx_word' id='word_1_86' title='bbox 1128 761 1194 821; x_wconf 89' lang='lat' dir='ltr'>dum</span> <span class='ocrx_word' id='word_1_87' title='bbox 1203 767 1319 834; x_wconf 84' lang='lat' dir='ltr'>putatur</span> <span class='ocrx_word' id='word_1_88' title='bbox 1326 766 1409 825; x_wconf 87' lang='lat' dir='ltr'>stare,</span> <span class='ocrx_word' id='word_1_89' title='bbox 1419 760 1512 817; x_wconf 87' lang='lat' dir='ltr'>subito</span> <span class='ocrx_word' id='word_1_90' title='bbox 1524 759 1614 827; x_wconf 73' lang='lat' dir='ltr'>cadit,</span> <span class='ocrx_word' id='word_1_91' title='bbox 1627 759 1696 814; x_wconf 90' lang='lat' dir='ltr'>dum</span> <span class='ocrx_word' id='word_1_92' title='bbox 1706 758 1775 813; x_wconf 88' lang='lat' dir='ltr'>dicit</span> 
     </span>
     <span class='ocr_line' id='line_1_7' title="bbox 139 819 1772 920; baseline 0.018 -48"><span class='ocrx_word' id='word_1_93' title='bbox 139 819 186 889; x_wconf 88' lang='lat' dir='ltr'>qui</span> <span class='ocrx_word' id='word_1_94' title='bbox 202 826 231 874; x_wconf 89' lang='lat' dir='ltr'>et</span> <span class='ocrx_word' id='word_1_95' title='bbox 243 823 521 899; x_wconf 80' lang='lat' dir='ltr'>universafecerunt3</span> <span class='ocrx_word' id='word_1_96' title='bbox 538 835 561 888; x_wconf 89' lang='lat' dir='ltr'>si</span> <span class='ocrx_word' id='word_1_97' title='bbox 576 837 615 891; x_wconf 91' lang='lat' dir='ltr'>eis</span> <span class='ocrx_word' id='word_1_98' title='bbox 630 855 685 894; x_wconf 94' lang='lat' dir='ltr'>non</span> <span class='ocrx_word' id='word_1_99' title='bbox 698 846 932 914; x_wconf 79' lang='lat' dir='ltr'>consenserimus,</span> <span class='ocrx_word' id='word_1_100' title='bbox 975 849 1120 915; x_wconf 79' lang='lat' dir='ltr'>scrivere,</span> <span class='ocrx_word' id='word_1_101' title='bbox 1145 855 1260 920; x_wconf 88' lang='lat' dir='ltr'>repente</span> <span class='ocrx_word' id='word_1_102' title='bbox 1275 850 1405 915; x_wconf 88' lang='lat' dir='ltr'>moritur,</span> <span class='ocrx_word' id='word_1_103' title='bbox 1422 865 1454 902; x_wconf 91' lang='lat' dir='ltr'>eo</span> <span class='ocrx_word' id='word_1_104' title='bbox 1469 847 1543 919; x_wconf 90' lang='lat' dir='ltr'>quod</span> <span class='ocrx_word' id='word_1_105' title='bbox 1559 864 1609 902; x_wconf 92' lang='lat' dir='ltr'>nec</span> <span class='ocrx_word' id='word_1_106' title='bbox 1624 847 1678 901; x_wconf 89' lang='lat' dir='ltr'>iste</span> <span class='ocrx_word' id='word_1_107' title='bbox 1694 846 1772 901; x_wconf 91' lang='lat' dir='ltr'>illum</span> 
     </span>
     <span class='ocr_line' id='line_1_8' title="bbox 139 905 1772 1009; baseline 0.023 -50"><span class='ocrx_word' id='word_1_108' title='bbox 139 905 180 961; x_wconf 89' lang='lat' dir='ltr'>vel</span> <span class='ocrx_word' id='word_1_109' title='bbox 194 926 255 979; x_wconf 82' lang='lat' dir='ltr'>qnae</span> <span class='ocrx_word' id='word_1_110' title='bbox 264 913 462 982; x_wconf 88' lang='lat' dir='ltr'>jusseriutnon</span> <span class='ocrx_word' id='word_1_111' title='bbox 472 920 680 989; x_wconf 82' lang='lat' dir='ltr'>secerirnus,sed</span> <span class='ocrx_word' id='word_1_112' title='bbox 692 935 863 1000; x_wconf 85' lang='lat' dir='ltr'>pronomine</span> <span class='ocrx_word' id='word_1_113' title='bbox 873 937 934 1004; x_wconf 91' lang='lat' dir='ltr'>ejus</span> <span class='ocrx_word' id='word_1_114' title='bbox 974 937 1087 992; x_wconf 86' lang='lat' dir='ltr'>Patrem</span> <span class='ocrx_word' id='word_1_115' title='bbox 1102 955 1197 992; x_wconf 80' lang='lat' dir='ltr'>verum</span> <span class='ocrx_word' id='word_1_116' title='bbox 1212 938 1347 1008; x_wconf 89' lang='lat' dir='ltr'>agnoscit,</span> <span class='ocrx_word' id='word_1_117' title='bbox 1363 954 1446 1008; x_wconf 88' lang='lat' dir='ltr'>quem</span> <span class='ocrx_word' id='word_1_118' title='bbox 1461 937 1508 993; x_wconf 91' lang='lat' dir='ltr'>ille</span> <span class='ocrx_word' id='word_1_119' title='bbox 1531 935 1653 1007; x_wconf 76' lang='lat' dir='ltr'>agnovit,</span> <span class='ocrx_word' id='word_1_120' title='bbox 1669 935 1772 1009; x_wconf 79' lang='lat' dir='ltr'>deque</span> 
     </span>
     <span class='ocr_line' id='line_1_9' title="bbox 136 999 1771 1097; baseline 0.018 -49"><span class='ocrx_word' id='word_1_121' title='bbox 136 999 321 1067; x_wconf 80' lang='lat' dir='ltr'>tyrannorum</span> <span class='ocrx_word' id='word_1_122' title='bbox 332 1005 422 1061; x_wconf 86' lang='lat' dir='ltr'>minas</span> <span class='ocrx_word' id='word_1_123' title='bbox 432 1015 629 1087; x_wconf 89' lang='lat' dir='ltr'>tormentaque</span> <span class='ocrx_word' id='word_1_124' title='bbox 640 1019 861 1088; x_wconf 74' lang='lat' dir='ltr'>toleraverimus,</span> <span class='ocrx_word' id='word_1_125' title='bbox 870 1043 934 1081; x_wconf 93' lang='lat' dir='ltr'>con·</span> <span class='ocrx_word' id='word_1_126' title='bbox 974 1026 1179 1097; x_wconf 87' lang='lat' dir='ltr'>scriptumest:</span> <span class='ocrx_word' id='word_1_127' title='bbox 1193 1028 1277 1087; x_wconf 81' lang='lat' dir='ltr'>Putet·</span> <span class='ocrx_word' id='word_1_128' title='bbox 1290 1034 1394 1092; x_wconf 90' lang='lat' dir='ltr'>noster,</span> <span class='ocrx_word' id='word_1_129' title='bbox 1409 1025 1495 1096; x_wconf 88' lang='lat' dir='ltr'>quies</span> <span class='ocrx_word' id='word_1_130' title='bbox 1507 1025 1535 1081; x_wconf 90' lang='lat' dir='ltr'>in</span> <span class='ocrx_word' id='word_1_131' title='bbox 1550 1024 1635 1090; x_wconf 87' lang='lat' dir='ltr'>coelis,</span> <span class='ocrx_word' id='word_1_132' title='bbox 1649 1022 1771 1093; x_wconf 74' lang='lat' dir='ltr'>sanctisi-</span> 
     </span>
     <span class='ocr_line' id='line_1_10' title="bbox 137 1084 1272 1176; baseline 0.026 -37"><span class='ocrx_word' id='word_1_133' title='bbox 137 1084 216 1141; x_wconf 92' lang='lat' dir='ltr'>tinno</span> <span class='ocrx_word' id='word_1_134' title='bbox 232 1095 260 1143; x_wconf 91' lang='lat' dir='ltr'>et</span> <span class='ocrx_word' id='word_1_135' title='bbox 275 1091 333 1163; x_wconf 88' lang='lat' dir='ltr'>ipse</span> <span class='ocrx_word' id='word_1_136' title='bbox 348 1094 378 1151; x_wconf 94' lang='lat' dir='ltr'>in</span> <span class='ocrx_word' id='word_1_137' title='bbox 392 1096 441 1151; x_wconf 88' lang='lat' dir='ltr'>illa</span> <span class='ocrx_word' id='word_1_138' title='bbox 453 1117 503 1153; x_wconf 87' lang='lat' dir='ltr'>sua</span> <span class='ocrx_word' id='word_1_139' title='bbox 518 1101 590 1157; x_wconf 81' lang='lat' dir='ltr'>felici</span> <span class='ocrx_word' id='word_1_140' title='bbox 606 1107 729 1176; x_wconf 77' lang='lat' dir='ltr'>regione,</span> <span class='ocrx_word' id='word_1_141' title='bbox 745 1128 839 1167; x_wconf 87' lang='lat' dir='ltr'>eoram</span> <span class='ocrx_word' id='word_1_142' title='bbox 850 1115 934 1169; x_wconf 86' lang='lat' dir='ltr'>Patre</span> <span class='ocrx_word' id='word_1_143' title='bbox 975 1120 1054 1171; x_wconf 87' lang='lat' dir='ltr'>cetur</span> <span class='ocrx_word' id='word_1_144' title='bbox 1066 1132 1166 1171; x_wconf 91' lang='lat' dir='ltr'>nomen</span> <span class='ocrx_word' id='word_1_145' title='bbox 1181 1123 1272 1173; x_wconf 88' lang='lat' dir='ltr'>tunm.</span> 
     </span>
     <span class='ocr_line' id='line_1_11' title="bbox 137 1178 1771 1276; baseline 0.018 -50"><span class='ocrx_word' id='word_1_146' title='bbox 137 1178 166 1228; x_wconf 91' lang='lat' dir='ltr'>et</span> <span class='ocrx_word' id='word_1_147' title='bbox 176 1192 269 1231; x_wconf 87' lang='lat' dir='ltr'>coram</span> <span class='ocrx_word' id='word_1_148' title='bbox 284 1184 387 1237; x_wconf 86' lang='lat' dir='ltr'>sanctis</span> <span class='ocrx_word' id='word_1_149' title='bbox 398 1187 456 1241; x_wconf 90' lang='lat' dir='ltr'>suis</span> <span class='ocrx_word' id='word_1_150' title='bbox 468 1192 575 1260; x_wconf 89' lang='lat' dir='ltr'>angelis</span> <span class='ocrx_word' id='word_1_151' title='bbox 583 1197 760 1255; x_wconf 79' lang='lat' dir='ltr'>confitebitur</span> <span class='ocrx_word' id='word_1_152' title='bbox 772 1218 833 1267; x_wconf 92' lang='lat' dir='ltr'>nos,</span> <span class='ocrx_word' id='word_1_153' title='bbox 844 1203 871 1257; x_wconf 90' lang='lat' dir='ltr'>id</span> <span class='ocrx_word' id='word_1_154' title='bbox 881 1210 932 1271; x_wconf 88' lang='lat' dir='ltr'>est,</span> <span class='ocrx_word' id='word_1_155' title='bbox 1012 1206 1076 1259; x_wconf 76' lang='lat' dir='ltr'>cle.</span> <span class='ocrx_word' id='word_1_156' title='bbox 1092 1205 1174 1261; x_wconf 85' lang='lat' dir='ltr'>XXV.</span> <span class='ocrx_word' id='word_1_157' title='bbox 1192 1235 1219 1244; x_wconf 91' lang='lat'>-</span> <span class='ocrx_word' id='word_1_158' title='bbox 1237 1205 1327 1275; x_wconf 85' lang='lat' dir='ltr'>igitur</span> <span class='ocrx_word' id='word_1_159' title='bbox 1341 1221 1406 1260; x_wconf 90' lang='lat' dir='ltr'>cum</span> <span class='ocrx_word' id='word_1_160' title='bbox 1421 1222 1471 1276; x_wconf 89' lang='lat' dir='ltr'>per</span> <span class='ocrx_word' id='word_1_161' title='bbox 1485 1220 1570 1272; x_wconf 85' lang='lat' dir='ltr'>unam</span> <span class='ocrx_word' id='word_1_162' title='bbox 1585 1202 1771 1274; x_wconf 79' lang='lat' dir='ltr'>septimanam</span> 
     </span>
     <span class='ocr_line' id='line_1_12' title="bbox 138 1264 1772 1365; baseline 0.018 -51"><span class='ocrx_word' id='word_1_163' title='bbox 138 1264 252 1334; x_wconf 87' lang='lat' dir='ltr'>amicos,</span> <span class='ocrx_word' id='word_1_164' title='bbox 270 1274 298 1321; x_wconf 89' lang='lat' dir='ltr'>et</span> <span class='ocrx_word' id='word_1_165' title='bbox 322 1268 441 1329; x_wconf 89' lang='lat' dir='ltr'>niinium</span> <span class='ocrx_word' id='word_1_166' title='bbox 467 1278 565 1335; x_wconf 87' lang='lat' dir='ltr'>charos</span> <span class='ocrx_word' id='word_1_167' title='bbox 581 1283 634 1339; x_wconf 89' lang='lat' dir='ltr'>sibi</span> <span class='ocrx_word' id='word_1_168' title='bbox 653 1288 804 1343; x_wconf 82' lang='lat' dir='ltr'>constituet</span> <span class='ocrx_word' id='word_1_169' title='bbox 817 1309 877 1345; x_wconf 88' lang='lat' dir='ltr'>nos.</span> <span class='ocrx_word' id='word_1_170' title='bbox 895 1294 935 1349; x_wconf 89' lang='lat' dir='ltr'>De</span> <span class='ocrx_word' id='word_1_171' title='bbox 975 1293 1049 1349; x_wconf 85' lang='lat' dir='ltr'>inter</span> <span class='ocrx_word' id='word_1_172' title='bbox 1063 1310 1092 1347; x_wconf 87' lang='lat' dir='ltr'>se</span> <span class='ocrx_word' id='word_1_173' title='bbox 1102 1294 1279 1365; x_wconf 74' lang='lat' dir='ltr'>disputarent</span> <span class='ocrx_word' id='word_1_174' title='bbox 1293 1300 1322 1347; x_wconf 90' lang='lat' dir='ltr'>et</span> <span class='ocrx_word' id='word_1_175' title='bbox 1332 1294 1435 1348; x_wconf 83' lang='lat' dir='ltr'>Christi</span> <span class='ocrx_word' id='word_1_176' title='bbox 1446 1292 1585 1349; x_wconf 87' lang='lat' dir='ltr'>mirabilia</span> <span class='ocrx_word' id='word_1_177' title='bbox 1598 1292 1724 1347; x_wconf 87' lang='lat' dir='ltr'>dicerent</span> <span class='ocrx_word' id='word_1_178' title='bbox 1738 1289 1772 1344; x_wconf 87' lang='lat' dir='ltr'>ad</span> 
     </span>
     <span class='ocr_line' id='line_1_13' title="bbox 139 1367 1773 1446; baseline 0.018 -42"><span class='ocrx_word' id='word_1_179' title='bbox 139 1368 257 1422; x_wconf 91' lang='lat' dir='ltr'>quorum</span> <span class='ocrx_word' id='word_1_180' title='bbox 283 1375 399 1415; x_wconf 83' lang='lat' dir='ltr'>nurnero</span> <span class='ocrx_word' id='word_1_181' title='bbox 415 1367 520 1422; x_wconf 88' lang='lat' dir='ltr'>exstitit</span> <span class='ocrx_word' id='word_1_182' title='bbox 535 1387 608 1425; x_wconf 92' lang='lat' dir='ltr'>nunc</span> <span class='ocrx_word' id='word_1_183' title='bbox 624 1374 670 1427; x_wconf 91' lang='lat' dir='ltr'>illc</span> <span class='ocrx_word' id='word_1_184' title='bbox 685 1383 776 1431; x_wconf 83' lang='lat' dir='ltr'>sestcr</span> <span class='ocrx_word' id='word_1_185' title='bbox 791 1381 890 1436; x_wconf 88' lang='lat' dir='ltr'>unicus</span> <span class='ocrx_word' id='word_1_186' title='bbox 906 1389 935 1439; x_wconf 91' lang='lat' dir='ltr'>et</span> <span class='ocrx_word' id='word_1_187' title='bbox 975 1382 1092 1437; x_wconf 80' lang='lat' dir='ltr'>invicem</span> <span class='ocrx_word' id='word_1_188' title='bbox 1103 1389 1131 1437; x_wconf 91' lang='lat' dir='ltr'>ot</span> <span class='ocrx_word' id='word_1_189' title='bbox 1140 1382 1259 1438; x_wconf 86' lang='lat' dir='ltr'>libenter</span> <span class='ocrx_word' id='word_1_190' title='bbox 1268 1382 1559 1446; x_wconf 80' lang='lat' dir='ltr'>audirent,lionrinica</span> <span class='ocrx_word' id='word_1_191' title='bbox 1570 1381 1615 1437; x_wconf 88' lang='lat' dir='ltr'>die</span> <span class='ocrx_word' id='word_1_192' title='bbox 1625 1379 1773 1435; x_wconf 87' lang='lat' dir='ltr'>advenien-</span> 
     </span>
     <span class='ocr_line' id='line_1_14' title="bbox 137 1439 1772 1542; baseline 0.028 -49"><span class='ocrx_word' id='word_1_193' title='bbox 137 1439 255 1498; x_wconf 89' lang='lat' dir='ltr'>nimium</span> <span class='ocrx_word' id='word_1_194' title='bbox 270 1455 382 1504; x_wconf 86' lang='lat' dir='ltr'>sanctus</span> <span class='ocrx_word' id='word_1_195' title='bbox 396 1454 504 1509; x_wconf 85' lang='lat' dir='ltr'>hstion.</span> <span class='ocrx_word' id='word_1_196' title='bbox 517 1459 588 1514; x_wconf 80' lang='lat' dir='ltr'>Nam</span> <span class='ocrx_word' id='word_1_197' title='bbox 605 1469 670 1516; x_wconf 89' lang='lat' dir='ltr'>ante</span> <span class='ocrx_word' id='word_1_198' title='bbox 685 1465 736 1519; x_wconf 88' lang='lat' dir='ltr'>hos</span> <span class='ocrx_word' id='word_1_199' title='bbox 751 1469 935 1538; x_wconf 87' lang='lat' dir='ltr'>paucissimos</span> <span class='ocrx_word' id='word_1_200' title='bbox 976 1479 1013 1538; x_wconf 90' lang='lat' dir='ltr'>te,</span> <span class='ocrx_word' id='word_1_201' title='bbox 1029 1471 1111 1527; x_wconf 90' lang='lat' dir='ltr'>ambo</span> <span class='ocrx_word' id='word_1_202' title='bbox 1123 1471 1229 1542; x_wconf 81' lang='lat' dir='ltr'>pariter</span> <span class='ocrx_word' id='word_1_203' title='bbox 1240 1471 1458 1526; x_wconf 79' lang='lat' dir='ltr'>eredideruntin</span> <span class='ocrx_word' id='word_1_204' title='bbox 1473 1470 1626 1525; x_wconf 68' lang='lat' dir='ltr'>Christum·</span> <span class='ocrx_word' id='word_1_205' title='bbox 1642 1469 1719 1533; x_wconf 71' lang='lat' dir='ltr'>QUOS</span> <span class='ocrx_word' id='word_1_206' title='bbox 1731 1484 1772 1521; x_wconf 71' lang='lat'>³⁸·</span> 
     </span>
     <span class='ocr_line' id='line_1_15' title="bbox 137 1528 1773 1631; baseline 0.018 -50"><span class='ocrx_word' id='word_1_207' title='bbox 137 1528 207 1596; x_wconf 83' lang='lat' dir='ltr'>dies,</span> <span class='ocrx_word' id='word_1_208' title='bbox 223 1533 278 1587; x_wconf 88' lang='lat' dir='ltr'>dux</span> <span class='ocrx_word' id='word_1_209' title='bbox 299 1540 446 1607; x_wconf 70' lang='lat' dir='ltr'>provinciae</span> <span class='ocrx_word' id='word_1_210' title='bbox 465 1545 546 1600; x_wconf 91' lang='lat' dir='ltr'>istius</span> <span class='ocrx_word' id='word_1_211' title='bbox 562 1549 757 1615; x_wconf 81' lang='lat' dir='ltr'>Latronianus.</span> <span class='ocrx_word' id='word_1_212' title='bbox 774 1558 842 1614; x_wconf 90' lang='lat' dir='ltr'>dum</span> <span class='ocrx_word' id='word_1_213' title='bbox 857 1577 933 1615; x_wconf 90' lang='lat' dir='ltr'>com-</span> <span class='ocrx_word' id='word_1_214' title='bbox 975 1576 1088 1614; x_wconf 90' lang='lat' dir='ltr'>sumens</span> <span class='ocrx_word' id='word_1_215' title='bbox 1096 1560 1276 1631; x_wconf 78' lang='lat' dir='ltr'>VigilantiuS,</span> <span class='ocrx_word' id='word_1_216' title='bbox 1286 1560 1461 1631; x_wconf 82' lang='lat' dir='ltr'>perduxitad</span> <span class='ocrx_word' id='word_1_217' title='bbox 1472 1557 1773 1630; x_wconf 77' lang='lat' dir='ltr'>quemdumpresbyte·</span> 
     </span>
     <span class='ocr_line' id='line_1_16' title="bbox 137 1619 1773 1721; baseline 0.019 -52"><span class='ocrx_word' id='word_1_218' title='bbox 137 1619 253 1686; x_wconf 83' lang='lat' dir='ltr'>pelleret</span> <span class='ocrx_word' id='word_1_219' title='bbox 264 1640 327 1679; x_wconf 91' lang='lat' dir='ltr'>cum</span> <span class='ocrx_word' id='word_1_220' title='bbox 342 1634 374 1680; x_wconf 90' lang='lat' dir='ltr'>ut</span> <span class='ocrx_word' id='word_1_221' title='bbox 388 1629 540 1702; x_wconf 80' lang='lat' dir='ltr'>abnegaret</span> <span class='ocrx_word' id='word_1_222' title='bbox 554 1639 650 1695; x_wconf 88' lang='lat' dir='ltr'>lesum</span> <span class='ocrx_word' id='word_1_223' title='bbox 667 1643 819 1714; x_wconf 74' lang='lat' dir='ltr'>Christum,</span> <span class='ocrx_word' id='word_1_224' title='bbox 838 1666 932 1705; x_wconf 84' lang='lat' dir='ltr'>rerum</span> <span class='ocrx_word' id='word_1_225' title='bbox 976 1665 1040 1703; x_wconf 91' lang='lat' dir='ltr'>rum</span> <span class='ocrx_word' id='word_1_226' title='bbox 1054 1656 1192 1716; x_wconf 90' lang='lat' dir='ltr'>sanctum,</span> <span class='ocrx_word' id='word_1_227' title='bbox 1209 1650 1323 1705; x_wconf 89' lang='lat' dir='ltr'>nomine</span> <span class='ocrx_word' id='word_1_228' title='bbox 1337 1650 1490 1716; x_wconf 88' lang='lat' dir='ltr'>Bonosum,</span> <span class='ocrx_word' id='word_1_229' title='bbox 1506 1648 1553 1720; x_wconf 90' lang='lat' dir='ltr'>qui</span> <span class='ocrx_word' id='word_1_230' title='bbox 1569 1646 1773 1721; x_wconf 84' lang='lat' dir='ltr'>persecutionis</span> 
     </span>
     <span class='ocr_line' id='line_1_17' title="bbox 136 1703 1773 1810; baseline 0.02 -54"><span class='ocrx_word' id='word_1_231' title='bbox 136 1703 214 1761; x_wconf 85' lang='lat' dir='ltr'>illurn</span> <span class='ocrx_word' id='word_1_232' title='bbox 225 1727 307 1779; x_wconf 88' lang='lat' dir='ltr'>quem</span> <span class='ocrx_word' id='word_1_233' title='bbox 324 1733 374 1771; x_wconf 89' lang='lat' dir='ltr'>nos</span> <span class='ocrx_word' id='word_1_234' title='bbox 388 1720 507 1777; x_wconf 88' lang='lat' dir='ltr'>dicimus</span> <span class='ocrx_word' id='word_1_235' title='bbox 522 1725 719 1797; x_wconf 80' lang='lat' dir='ltr'>imperatorem</span> <span class='ocrx_word' id='word_1_236' title='bbox 735 1735 885 1803; x_wconf 81' lang='lat' dir='ltr'>cmlostem,</span> <span class='ocrx_word' id='word_1_237' title='bbox 903 1746 934 1794; x_wconf 93' lang='lat' dir='ltr'>nt</span> <span class='ocrx_word' id='word_1_238' title='bbox 945 1732 1148 1793; x_wconf 84' lang='lat' dir='ltr'>lintrocitatcm</span> <span class='ocrx_word' id='word_1_239' title='bbox 1160 1739 1295 1805; x_wconf 77' lang='lat' dir='ltr'>devitans,</span> <span class='ocrx_word' id='word_1_240' title='bbox 1313 1739 1342 1793; x_wconf 91' lang='lat' dir='ltr'>in</span> <span class='ocrx_word' id='word_1_241' title='bbox 1357 1740 1478 1810; x_wconf 89' lang='lat' dir='ltr'>quodam</span> <span class='ocrx_word' id='word_1_242' title='bbox 1492 1742 1599 1792; x_wconf 88' lang='lat' dir='ltr'>secreto</span> <span class='ocrx_word' id='word_1_243' title='bbox 1613 1737 1673 1791; x_wconf 90' lang='lat' dir='ltr'>loco</span> <span class='ocrx_word' id='word_1_244' title='bbox 1684 1732 1773 1803; x_wconf 88' lang='lat' dir='ltr'>occul-</span> 
     </span>
     <span class='ocr_line' id='line_1_18' title="bbox 136 1800 1772 1898; baseline 0.029 -52"><span class='ocrx_word' id='word_1_245' title='bbox 136 1800 307 1855; x_wconf 88' lang='lat' dir='ltr'>consentiret</span> <span class='ocrx_word' id='word_1_246' title='bbox 321 1806 381 1875; x_wconf 77' lang='lat' dir='ltr'>ejus</span> <span class='ocrx_word' id='word_1_247' title='bbox 397 1810 533 1867; x_wconf 85' lang='lat' dir='ltr'>voluntati</span> <span class='ocrx_word' id='word_1_248' title='bbox 545 1823 574 1869; x_wconf 88' lang='lat' dir='ltr'>et</span> <span class='ocrx_word' id='word_1_249' title='bbox 584 1818 757 1877; x_wconf 74' lang='lat' dir='ltr'>(lanionibus</span> <span class='ocrx_word' id='word_1_250' title='bbox 766 1825 934 1883; x_wconf 77' lang='lat' dir='ltr'>intitulatum</span> <span class='ocrx_word' id='word_1_251' title='bbox 974 1831 1002 1880; x_wconf 88' lang='lat' dir='ltr'>te</span> <span class='ocrx_word' id='word_1_252' title='bbox 1016 1827 1144 1896; x_wconf 84' lang='lat' dir='ltr'>degebat.</span> <span class='ocrx_word' id='word_1_253' title='bbox 1162 1829 1215 1891; x_wconf 81' lang='lat' dir='ltr'>Qut</span> <span class='ocrx_word' id='word_1_254' title='bbox 1229 1845 1312 1884; x_wconf 89' lang='lat' dir='ltr'>orans</span> <span class='ocrx_word' id='word_1_255' title='bbox 1327 1845 1377 1898; x_wconf 90' lang='lat' dir='ltr'>pro</span> <span class='ocrx_word' id='word_1_256' title='bbox 1391 1828 1432 1884; x_wconf 87' lang='lat' dir='ltr'>eis</span> <span class='ocrx_word' id='word_1_257' title='bbox 1450 1827 1631 1890; x_wconf 77' lang='lat' dir='ltr'>sufficienter,</span> <span class='ocrx_word' id='word_1_258' title='bbox 1648 1830 1676 1878; x_wconf 66' lang='lat' dir='ltr'>ei</span> <span class='ocrx_word' id='word_1_259' title='bbox 1697 1829 1772 1876; x_wconf 64' lang='lat' dir='ltr'>cate·</span> 
     </span>
     <span class='ocr_line' id='line_1_19' title="bbox 136 1883 1772 1997; baseline 0.023 -63"><span class='ocrx_word' id='word_1_260' title='bbox 136 1883 287 1955; x_wconf 82' lang='lat' dir='ltr'>exhiberet,</span> <span class='ocrx_word' id='word_1_261' title='bbox 299 1892 346 1947; x_wconf 92' lang='lat' dir='ltr'>ille</span> <span class='ocrx_word' id='word_1_262' title='bbox 360 1897 436 1950; x_wconf 91' lang='lat' dir='ltr'>nullo</span> <span class='ocrx_word' id='word_1_263' title='bbox 450 1902 532 1956; x_wconf 89' lang='lat' dir='ltr'>modo</span> <span class='ocrx_word' id='word_1_264' title='bbox 546 1908 858 1982; x_wconf 84' lang='lat' dir='ltr'>acquiescensjussihns</span> <span class='ocrx_word' id='word_1_265' title='bbox 873 1919 933 1987; x_wconf 78' lang='lat' dir='ltr'>eJ&#39;us</span> <span class='ocrx_word' id='word_1_266' title='bbox 974 1915 1084 1970; x_wconf 87' lang='lat' dir='ltr'>chizans</span> <span class='ocrx_word' id='word_1_267' title='bbox 1099 1933 1147 1970; x_wconf 91' lang='lat' dir='ltr'>eos</span> <span class='ocrx_word' id='word_1_268' title='bbox 1165 1917 1263 1971; x_wconf 87' lang='lat' dir='ltr'>eadem</span> <span class='ocrx_word' id='word_1_269' title='bbox 1279 1917 1348 1971; x_wconf 88' lang='lat' dir='ltr'>hora</span> <span class='ocrx_word' id='word_1_270' title='bbox 1361 1914 1576 1997; x_wconf 85' lang='lat' dir='ltr'>catechumenos</span> <span class='ocrx_word' id='word_1_271' title='bbox 1591 1913 1665 1968; x_wconf 86' lang='lat' dir='ltr'>fecit.</span> <span class='ocrx_word' id='word_1_272' title='bbox 1681 1911 1772 1982; x_wconf 79' lang='lat' dir='ltr'>Igitur</span> 
     </span>
     <span class='ocr_line' id='line_1_20' title="bbox 136 1978 1772 2076; baseline 0.018 -52"><span class='ocrx_word' id='word_1_273' title='bbox 136 1988 245 2042; x_wconf 88' lang='lat' dir='ltr'>parere,</span> <span class='ocrx_word' id='word_1_274' title='bbox 262 1978 341 2035; x_wconf 86' lang='lat' dir='ltr'>fortis</span> <span class='ocrx_word' id='word_1_275' title='bbox 359 1984 387 2038; x_wconf 94' lang='lat' dir='ltr'>in</span> <span class='ocrx_word' id='word_1_276' title='bbox 412 1989 465 2041; x_wconf 88' lang='lat' dir='ltr'>lide</span> <span class='ocrx_word' id='word_1_277' title='bbox 480 2007 540 2055; x_wconf 87' lang='lat' dir='ltr'>sun,</span> <span class='ocrx_word' id='word_1_278' title='bbox 558 2001 585 2047; x_wconf 88' lang='lat' dir='ltr'>ot</span> <span class='ocrx_word' id='word_1_279' title='bbox 599 1996 716 2053; x_wconf 90' lang='lat' dir='ltr'>nimium</span> <span class='ocrx_word' id='word_1_280' title='bbox 736 2005 934 2073; x_wconf 72' lang='lat' dir='ltr'>magnanimus</span> <span class='ocrx_word' id='word_1_281' title='bbox 974 2020 1037 2059; x_wconf 87' lang='lat' dir='ltr'>cum</span> <span class='ocrx_word' id='word_1_282' title='bbox 1051 2005 1116 2058; x_wconf 90' lang='lat' dir='ltr'>inde</span> <span class='ocrx_word' id='word_1_283' title='bbox 1126 2006 1232 2076; x_wconf 85' lang='lat' dir='ltr'>egressi</span> <span class='ocrx_word' id='word_1_284' title='bbox 1242 2005 1369 2071; x_wconf 87' lang='lat' dir='ltr'>luissent,</span> <span class='ocrx_word' id='word_1_285' title='bbox 1385 2010 1530 2075; x_wconf 66' lang='lat' dir='ltr'>coeperunt</span> <span class='ocrx_word' id='word_1_286' title='bbox 1543 2004 1636 2058; x_wconf 88' lang='lat' dir='ltr'>dicere</span> <span class='ocrx_word' id='word_1_287' title='bbox 1648 2002 1684 2057; x_wconf 88' lang='lat' dir='ltr'>ad</span> <span class='ocrx_word' id='word_1_288' title='bbox 1694 1999 1772 2071; x_wconf 77' lang='lat' dir='ltr'>Vigi-</span> 
     </span>
     <span class='ocr_line' id='line_1_21' title="bbox 136 2060 1772 2167; baseline 0.019 -54"><span class='ocrx_word' id='word_1_289' title='bbox 136 2060 268 2120; x_wconf 78' lang='lat' dir='ltr'>adsersus</span> <span class='ocrx_word' id='word_1_290' title='bbox 283 2086 314 2122; x_wconf 86' lang='lat' dir='ltr'>ea</span> <span class='ocrx_word' id='word_1_291' title='bbox 330 2090 390 2143; x_wconf 71' lang='lat' dir='ltr'>quai</span> <span class='ocrx_word' id='word_1_292' title='bbox 406 2075 457 2129; x_wconf 86' lang='lat' dir='ltr'>sibi</span> <span class='ocrx_word' id='word_1_293' title='bbox 483 2080 682 2150; x_wconf 84' lang='lat' dir='ltr'>ingerebantur</span> <span class='ocrx_word' id='word_1_294' title='bbox 696 2090 778 2155; x_wconf 80' lang='lat' dir='ltr'>aiala,</span> <span class='ocrx_word' id='word_1_295' title='bbox 795 2108 858 2147; x_wconf 89' lang='lat' dir='ltr'>cum</span> <span class='ocrx_word' id='word_1_296' title='bbox 879 2096 933 2150; x_wconf 84' lang='lat' dir='ltr'>alio</span> <span class='ocrx_word' id='word_1_297' title='bbox 974 2092 1093 2147; x_wconf 77' lang='lat' dir='ltr'>lantiunt</span> <span class='ocrx_word' id='word_1_298' title='bbox 1110 2111 1115 2146; x_wconf 89' lang='grc'>;</span> <span class='ocrx_word' id='word_1_299' title='bbox 1134 2093 1201 2147; x_wconf 86' lang='lat' dir='ltr'>Eece</span> <span class='ocrx_word' id='word_1_300' title='bbox 1220 2094 1435 2167; x_wconf 77' lang='lat' dir='ltr'>adimplevimus</span> <span class='ocrx_word' id='word_1_301' title='bbox 1453 2109 1486 2146; x_wconf 90' lang='lat' dir='ltr'>ea</span> <span class='ocrx_word' id='word_1_302' title='bbox 1500 2108 1562 2163; x_wconf 76' lang='lat' dir='ltr'>quai</span> <span class='ocrx_word' id='word_1_303' title='bbox 1581 2091 1610 2145; x_wconf 93' lang='lat' dir='ltr'>in</span> <span class='ocrx_word' id='word_1_304' title='bbox 1626 2089 1700 2143; x_wconf 84' lang='lat' dir='ltr'>libro</span> <span class='ocrx_word' id='word_1_305' title='bbox 1725 2088 1772 2155; x_wconf 78' lang='lat' dir='ltr'>ilio</span> 
     </span>
     <span class='ocr_line' id='line_1_22' title="bbox 136 2152 1772 2253; baseline 0.017 -51"><span class='ocrx_word' id='word_1_306' title='bbox 136 2152 257 2221; x_wconf 89' lang='lat' dir='ltr'>quodam</span> <span class='ocrx_word' id='word_1_307' title='bbox 266 2160 414 2216; x_wconf 74' lang='lat' dir='ltr'>venerabili</span> <span class='ocrx_word' id='word_1_308' title='bbox 425 2183 490 2220; x_wconf 89' lang='lat' dir='ltr'>sene</span> <span class='ocrx_word' id='word_1_309' title='bbox 501 2170 799 2248; x_wconf 83' lang='lat' dir='ltr'>Clrristian0,Epictet0</span> <span class='ocrx_word' id='word_1_310' title='bbox 808 2184 931 2252; x_wconf 89' lang='lat' dir='ltr'>nomine,</span> <span class='ocrx_word' id='word_1_311' title='bbox 974 2197 1057 2253; x_wconf 87' lang='lat' dir='ltr'>quem</span> <span class='ocrx_word' id='word_1_312' title='bbox 1072 2181 1151 2235; x_wconf 91' lang='lat' dir='ltr'>uobis</span> <span class='ocrx_word' id='word_1_313' title='bbox 1166 2181 1269 2236; x_wconf 88' lang='lat' dir='ltr'>dedisti</span> <span class='ocrx_word' id='word_1_314' title='bbox 1281 2182 1479 2237; x_wconf 82' lang='lat' dir='ltr'>continentur:</span> <span class='ocrx_word' id='word_1_315' title='bbox 1495 2181 1556 2234; x_wconf 83' lang='lat' dir='ltr'>reni</span> <span class='ocrx_word' id='word_1_316' title='bbox 1570 2180 1663 2243; x_wconf 88' lang='lat' dir='ltr'>modo,</span> <span class='ocrx_word' id='word_1_317' title='bbox 1674 2182 1704 2231; x_wconf 89' lang='lat' dir='ltr'>et</span> <span class='ocrx_word' id='word_1_318' title='bbox 1714 2177 1772 2233; x_wconf 89' lang='lat' dir='ltr'>the·</span> 
     </span>
     <span class='ocr_line' id='line_1_23' title="bbox 134 2240 1773 2342; baseline 0.018 -52"><span class='ocrx_word' id='word_1_319' title='bbox 134 2240 257 2308; x_wconf 89' lang='lat' dir='ltr'>perstitit</span> <span class='ocrx_word' id='word_1_320' title='bbox 267 2262 354 2319; x_wconf 86' lang='lat' dir='ltr'>usque</span> <span class='ocrx_word' id='word_1_321' title='bbox 366 2251 393 2304; x_wconf 94' lang='lat' dir='ltr'>in</span> <span class='ocrx_word' id='word_1_322' title='bbox 404 2253 488 2309; x_wconf 80' lang='lat' dir='ltr'>frtrem</span> <span class='ocrx_word' id='word_1_323' title='bbox 500 2257 652 2315; x_wconf 90' lang='lat' dir='ltr'>immobilis</span> <span class='ocrx_word' id='word_1_324' title='bbox 663 2265 691 2318; x_wconf 97' lang='lat' dir='ltr'>in</span> <span class='ocrx_word' id='word_1_325' title='bbox 705 2283 756 2320; x_wconf 88' lang='lat' dir='ltr'>sna</span> <span class='ocrx_word' id='word_1_326' title='bbox 764 2276 861 2324; x_wconf 86' lang='lat' dir='ltr'>sancta</span> <span class='ocrx_word' id='word_1_327' title='bbox 869 2288 933 2326; x_wconf 91' lang='lat' dir='ltr'>con.</span> <span class='ocrx_word' id='word_1_328' title='bbox 973 2286 1088 2323; x_wconf 86' lang='lat' dir='ltr'>samum</span> <span class='ocrx_word' id='word_1_329' title='bbox 1103 2271 1182 2324; x_wconf 92' lang='lat' dir='ltr'>illum</span> <span class='ocrx_word' id='word_1_330' title='bbox 1195 2270 1310 2326; x_wconf 86' lang='lat' dir='ltr'>ostende</span> <span class='ocrx_word' id='word_1_331' title='bbox 1321 2270 1410 2337; x_wconf 89' lang='lat' dir='ltr'>nobis,</span> <span class='ocrx_word' id='word_1_332' title='bbox 1424 2286 1506 2342; x_wconf 88' lang='lat' dir='ltr'>quem</span> <span class='ocrx_word' id='word_1_333' title='bbox 1515 2270 1613 2324; x_wconf 84' lang='lat' dir='ltr'>Astion</span> <span class='ocrx_word' id='word_1_334' title='bbox 1624 2274 1731 2332; x_wconf 91' lang='lat' dir='ltr'>noster,</span> <span class='ocrx_word' id='word_1_335' title='bbox 1743 2272 1773 2321; x_wconf 91' lang='lat' dir='ltr'>ut</span> 
     </span>
     <span class='ocr_line' id='line_1_24' title="bbox 134 2329 1824 2428; baseline 0.017 -49"><span class='ocrx_word' id='word_1_336' title='bbox 134 2329 263 2385; x_wconf 88' lang='lat' dir='ltr'>lessione.</span> <span class='ocrx_word' id='word_1_337' title='bbox 282 2334 339 2389; x_wconf 90' lang='lat' dir='ltr'>lloe</span> <span class='ocrx_word' id='word_1_338' title='bbox 359 2338 471 2397; x_wconf 88' lang='lat' dir='ltr'>intuens</span> <span class='ocrx_word' id='word_1_339' title='bbox 486 2347 547 2416; x_wconf 90' lang='lat' dir='ltr'>ejus</span> <span class='ocrx_word' id='word_1_340' title='bbox 568 2349 720 2421; x_wconf 87' lang='lat' dir='ltr'>imperator</span> <span class='ocrx_word' id='word_1_341' title='bbox 736 2355 783 2410; x_wconf 83' lang='lat' dir='ltr'>illo</span> <span class='ocrx_word' id='word_1_342' title='bbox 802 2359 930 2423; x_wconf 70' lang='lat' dir='ltr'>caelestis,</span> <span class='ocrx_word' id='word_1_343' title='bbox 974 2357 1032 2428; x_wconf 90' lang='lat' dir='ltr'>ipse</span> <span class='ocrx_word' id='word_1_344' title='bbox 1047 2358 1203 2425; x_wconf 80' lang='lat' dir='ltr'>affirmasti,</span> <span class='ocrx_word' id='word_1_345' title='bbox 1217 2359 1268 2413; x_wconf 88' lang='lat' dir='ltr'>tibi</span> <span class='ocrx_word' id='word_1_346' title='bbox 1289 2358 1503 2414; x_wconf 82' lang='lat' dir='ltr'>commendarit.</span> <span class='ocrx_word' id='word_1_347' title='bbox 1521 2359 1554 2412; x_wconf 87' lang='lat' dir='ltr'>Et</span> <span class='ocrx_word' id='word_1_348' title='bbox 1572 2355 1744 2427; x_wconf 74' lang='lat' dir='ltr'>vigilantius</span> <span class='ocrx_word' id='word_1_349' title='bbox 1765 2373 1771 2406; x_wconf 89' lang='lat'><strong>:</strong></span> <span class='ocrx_word' id='word_1_350' title='bbox 1821 2377 1824 2383; x_wconf 91' lang='lat'>·</span> 
     </span>
     <span class='ocr_line' id='line_1_25' title="bbox 136 2420 1773 2520; baseline 0.02 -52"><span class='ocrx_word' id='word_1_351' title='bbox 136 2420 164 2470; x_wconf 87' lang='lat' dir='ltr'>et</span> <span class='ocrx_word' id='word_1_352' title='bbox 179 2421 256 2474; x_wconf 84' lang='lat' dir='ltr'>raldo</span> <span class='ocrx_word' id='word_1_353' title='bbox 271 2425 413 2483; x_wconf 84' lang='lat' dir='ltr'>admirans</span> <span class='ocrx_word' id='word_1_354' title='bbox 428 2433 464 2487; x_wconf 92' lang='lat' dir='ltr'>de</span> <span class='ocrx_word' id='word_1_355' title='bbox 479 2433 671 2494; x_wconf 77' lang='lat' dir='ltr'>benevolentia</span> <span class='ocrx_word' id='word_1_356' title='bbox 686 2449 714 2497; x_wconf 91' lang='lat' dir='ltr'>et</span> <span class='ocrx_word' id='word_1_357' title='bbox 728 2445 836 2501; x_wconf 88' lang='lat' dir='ltr'>sincera</span> <span class='ocrx_word' id='word_1_358' title='bbox 846 2448 932 2520; x_wconf 85' lang='lat' dir='ltr'>ipsius</span> <span class='ocrx_word' id='word_1_359' title='bbox 974 2445 1130 2516; x_wconf 75' lang='lat' dir='ltr'>Sequimini</span> <span class='ocrx_word' id='word_1_360' title='bbox 1144 2465 1199 2514; x_wconf 85' lang='lat' dir='ltr'>me,</span> <span class='ocrx_word' id='word_1_361' title='bbox 1216 2465 1266 2518; x_wconf 91' lang='lat' dir='ltr'>ego</span> <span class='ocrx_word' id='word_1_362' title='bbox 1282 2465 1347 2503; x_wconf 91' lang='lat' dir='ltr'>eum</span> <span class='ocrx_word' id='word_1_363' title='bbox 1361 2447 1439 2501; x_wconf 79' lang='lat' dir='ltr'>robis</span> <span class='ocrx_word' id='word_1_364' title='bbox 1454 2448 1514 2502; x_wconf 91' lang='lat' dir='ltr'>sinc</span> <span class='ocrx_word' id='word_1_365' title='bbox 1527 2463 1606 2501; x_wconf 89' lang='lat' dir='ltr'>mora</span> <span class='ocrx_word' id='word_1_366' title='bbox 1617 2445 1713 2516; x_wconf 86' lang='lat' dir='ltr'>aliqua</span> <span class='ocrx_word' id='word_1_367' title='bbox 1727 2443 1773 2498; x_wconf 87' lang='lat' dir='ltr'>de-</span> 
     </span>
     <span class='ocr_line' id='line_1_26' title="bbox 134 2511 1773 2605; baseline 0.018 -48"><span class='ocrx_word' id='word_1_368' title='bbox 134 2521 201 2576; x_wconf 87' lang='lat' dir='ltr'>erga</span> <span class='ocrx_word' id='word_1_369' title='bbox 215 2527 244 2562; x_wconf 89' lang='lat' dir='ltr'>sc</span> <span class='ocrx_word' id='word_1_370' title='bbox 258 2511 416 2584; x_wconf 87' lang='lat' dir='ltr'>dilectione,</span> <span class='ocrx_word' id='word_1_371' title='bbox 433 2523 546 2589; x_wconf 84' lang='lat' dir='ltr'>mittens</span> <span class='ocrx_word' id='word_1_372' title='bbox 561 2544 626 2582; x_wconf 88' lang='lat' dir='ltr'>suos</span> <span class='ocrx_word' id='word_1_373' title='bbox 641 2531 794 2601; x_wconf 81' lang='lat' dir='ltr'>rninistros,</span> <span class='ocrx_word' id='word_1_374' title='bbox 810 2537 862 2591; x_wconf 83' lang='lat' dir='ltr'>hoc</span> <span class='ocrx_word' id='word_1_375' title='bbox 878 2544 929 2605; x_wconf 71' lang='lat' dir='ltr'>est,</span> <span class='ocrx_word' id='word_1_376' title='bbox 972 2536 1143 2591; x_wconf 86' lang='lat' dir='ltr'>monstrabo.</span> <span class='ocrx_word' id='word_1_377' title='bbox 1154 2537 1332 2591; x_wconf 86' lang='lat' dir='ltr'>Sedintcrim</span> <span class='ocrx_word' id='word_1_378' title='bbox 1347 2554 1413 2592; x_wconf 91' lang='lat' dir='ltr'>eum</span> <span class='ocrx_word' id='word_1_379' title='bbox 1424 2537 1512 2591; x_wconf 89' lang='lat' dir='ltr'>habeo</span> <span class='ocrx_word' id='word_1_380' title='bbox 1522 2534 1730 2599; x_wconf 88' lang='lat' dir='ltr'>absconditum,</span> <span class='ocrx_word' id='word_1_381' title='bbox 1744 2539 1773 2603; x_wconf 84' lang='lat' dir='ltr'>et</span> 
     </span>
     <span class='ocr_line' id='line_1_27' title="bbox 134 2594 1775 2696; baseline 0.026 -51"><span class='ocrx_word' id='word_1_382' title='bbox 134 2594 292 2653; x_wconf 85' lang='lat' dir='ltr'>salutiferos</span> <span class='ocrx_word' id='word_1_383' title='bbox 303 2606 498 2675; x_wconf 85' lang='lat' dir='ltr'>angelos,cum</span> <span class='ocrx_word' id='word_1_384' title='bbox 509 2614 615 2684; x_wconf 86' lang='lat' dir='ltr'>ingenti</span> <span class='ocrx_word' id='word_1_385' title='bbox 627 2636 691 2674; x_wconf 58' lang='lat' dir='ltr'>rrum</span> <span class='ocrx_word' id='word_1_386' title='bbox 701 2622 806 2677; x_wconf 83' lang='lat' dir='ltr'>honore</span> <span class='ocrx_word' id='word_1_387' title='bbox 817 2625 931 2681; x_wconf 80' lang='lat' dir='ltr'>inillam</span> <span class='ocrx_word' id='word_1_388' title='bbox 972 2625 1074 2689; x_wconf 75' lang='lat' dir='ltr'>nescio,</span> <span class='ocrx_word' id='word_1_389' title='bbox 1090 2625 1113 2678; x_wconf 80' lang='lat' dir='ltr'>si</span> <span class='ocrx_word' id='word_1_390' title='bbox 1128 2626 1210 2679; x_wconf 82' lang='lat' dir='ltr'>mode</span> <span class='ocrx_word' id='word_1_391' title='bbox 1225 2642 1340 2696; x_wconf 70' lang='lat' dir='ltr'>pessum</span> <span class='ocrx_word' id='word_1_392' title='bbox 1355 2642 1419 2681; x_wconf 89' lang='lat' dir='ltr'>eum</span> <span class='ocrx_word' id='word_1_393' title='bbox 1434 2626 1499 2680; x_wconf 75' lang='lat' dir='ltr'>inde</span> <span class='ocrx_word' id='word_1_394' title='bbox 1520 2624 1631 2695; x_wconf 67' lang='lat' dir='ltr'>ejicere·</span> <span class='ocrx_word' id='word_1_395' title='bbox 1647 2623 1731 2693; x_wconf 66' lang='grc' dir='ltr'>Εΐὲθι</span> <span class='ocrx_word' id='word_1_396' title='bbox 1748 2620 1775 2676; x_wconf 77' lang='lat' dir='ltr'>Si</span> 
     </span>
     <span class='ocr_line' id='line_1_28' title="bbox 134 2682 1773 2787; baseline 0.018 -52"><span class='ocrx_word' id='word_1_397' title='bbox 134 2682 274 2742; x_wconf 78' lang='lat' dir='ltr'>civitatem</span> <span class='ocrx_word' id='word_1_398' title='bbox 285 2689 332 2745; x_wconf 93' lang='lat' dir='ltr'>ubi</span> <span class='ocrx_word' id='word_1_399' title='bbox 346 2693 405 2767; x_wconf 87' lang='lat' dir='ltr'>ipsc</span> <span class='ocrx_word' id='word_1_400' title='bbox 418 2698 580 2758; x_wconf 85' lang='lat' dir='ltr'>demoratur</span> <span class='ocrx_word' id='word_1_401' title='bbox 590 2711 752 2780; x_wconf 87' lang='lat' dir='ltr'>assumpsit,</span> <span class='ocrx_word' id='word_1_402' title='bbox 768 2720 800 2768; x_wconf 91' lang='lat' dir='ltr'>ut</span> <span class='ocrx_word' id='word_1_403' title='bbox 812 2714 850 2768; x_wconf 93' lang='lat' dir='ltr'>illi</span> <span class='ocrx_word' id='word_1_404' title='bbox 862 2733 931 2787; x_wconf 78' lang='lat' dir='ltr'>pne-</span> <span class='ocrx_word' id='word_1_405' title='bbox 971 2712 1048 2766; x_wconf 86' lang='lat' dir='ltr'>vobis</span> <span class='ocrx_word' id='word_1_406' title='bbox 1059 2714 1159 2783; x_wconf 82' lang='lat' dir='ltr'>placet,</span> <span class='ocrx_word' id='word_1_407' title='bbox 1176 2715 1210 2767; x_wconf 89' lang='lat' dir='ltr'>de</span> <span class='ocrx_word' id='word_1_408' title='bbox 1225 2715 1353 2769; x_wconf 91' lang='lat' dir='ltr'>noctibus</span> <span class='ocrx_word' id='word_1_409' title='bbox 1368 2730 1466 2769; x_wconf 87' lang='lat' dir='ltr'>carnus</span> <span class='ocrx_word' id='word_1_410' title='bbox 1478 2713 1512 2769; x_wconf 89' lang='lat' dir='ltr'>ad</span> <span class='ocrx_word' id='word_1_411' title='bbox 1524 2714 1627 2777; x_wconf 91' lang='lat' dir='ltr'>locum,</span> <span class='ocrx_word' id='word_1_412' title='bbox 1640 2718 1669 2765; x_wconf 87' lang='lat' dir='ltr'>et</span> <span class='ocrx_word' id='word_1_413' title='bbox 1684 2726 1773 2782; x_wconf 88' lang='lat' dir='ltr'>usque</span> 
     </span>
     <span class='ocr_line' id='line_1_29' title="bbox 134 2773 1772 2877; baseline 0.027 -55"><span class='ocrx_word' id='word_1_414' title='bbox 134 2773 189 2825; x_wconf 90' lang='lat' dir='ltr'>min</span> <span class='ocrx_word' id='word_1_415' title='bbox 206 2778 386 2848; x_wconf 86' lang='lat' dir='ltr'>sempiterna,</span> <span class='ocrx_word' id='word_1_416' title='bbox 402 2803 452 2857; x_wconf 91' lang='lat' dir='ltr'>pro</span> <span class='ocrx_word' id='word_1_417' title='bbox 468 2805 501 2842; x_wconf 89' lang='lat' dir='ltr'>eo</span> <span class='ocrx_word' id='word_1_418' title='bbox 516 2795 589 2862; x_wconf 86' lang='lat' dir='ltr'>quod</span> <span class='ocrx_word' id='word_1_419' title='bbox 604 2795 720 2853; x_wconf 86' lang='lat' dir='ltr'>viriliter</span> <span class='ocrx_word' id='word_1_420' title='bbox 730 2808 826 2857; x_wconf 83' lang='lat' dir='ltr'>contin</span> <span class='ocrx_word' id='word_1_421' title='bbox 843 2803 930 2874; x_wconf 89' lang='lat' dir='ltr'>ipsius</span> <span class='ocrx_word' id='word_1_422' title='bbox 971 2801 1006 2855; x_wconf 80' lang='lat' dir='ltr'>ed</span> <span class='ocrx_word' id='word_1_423' title='bbox 1025 2801 1115 2857; x_wconf 83' lang='lat' dir='ltr'>iucem</span> <span class='ocrx_word' id='word_1_424' title='bbox 1129 2802 1231 2858; x_wconf 80' lang='lat' dir='ltr'>ibidem</span> <span class='ocrx_word' id='word_1_425' title='bbox 1245 2820 1460 2877; x_wconf 74' lang='lat' dir='ltr'>pei&#39;iiiesseessius</span> <span class='ocrx_word' id='word_1_426' title='bbox 1479 2808 1638 2875; x_wconf 86' lang='lat' dir='ltr'>operantes,</span> <span class='ocrx_word' id='word_1_427' title='bbox 1654 2799 1772 2865; x_wconf 57' lang='lat' dir='ltr'>iOYSiiffll</span> 
     </span>
     <span class='ocr_line' id='line_1_30' title="bbox 134 2859 1773 2965; baseline 0.019 -54"><span class='ocrx_word' id='word_1_428' title='bbox 134 2859 308 2921; x_wconf 74' lang='lat' dir='ltr'>irrisor-serios</span> <span class='ocrx_word' id='word_1_429' title='bbox 323 2870 481 2931; x_wconf 86' lang='lat' dir='ltr'>decertatus</span> <span class='ocrx_word' id='word_1_430' title='bbox 497 2879 533 2933; x_wconf 88' lang='lat' dir='ltr'>sit</span> <span class='ocrx_word' id='word_1_431' title='bbox 546 2885 727 2941; x_wconf 86' lang='lat' dir='ltr'>condonaret.</span> <span class='ocrx_word' id='word_1_432' title='bbox 745 2890 778 2944; x_wconf 86' lang='lat' dir='ltr'>Et</span> <span class='ocrx_word' id='word_1_433' title='bbox 792 2891 855 2945; x_wconf 90' lang='lat' dir='ltr'>ideo</span> <span class='ocrx_word' id='word_1_434' title='bbox 872 2900 930 2948; x_wconf 88' lang='lat' dir='ltr'>tam</span> <span class='ocrx_word' id='word_1_435' title='bbox 971 2891 1125 2960; x_wconf 89' lang='lat' dir='ltr'>poterimus</span> <span class='ocrx_word' id='word_1_436' title='bbox 1135 2909 1199 2945; x_wconf 91' lang='lat' dir='ltr'>oum</span> <span class='ocrx_word' id='word_1_437' title='bbox 1212 2892 1345 2958; x_wconf 75' lang='lat' dir='ltr'>invenire,</span> <span class='ocrx_word' id='word_1_438' title='bbox 1361 2908 1394 2945; x_wconf 91' lang='lat' dir='ltr'>eo</span> <span class='ocrx_word' id='word_1_439' title='bbox 1410 2891 1483 2965; x_wconf 82' lang='lat' dir='ltr'>qnod</span> <span class='ocrx_word' id='word_1_440' title='bbox 1498 2889 1655 2945; x_wconf 83' lang='lat' dir='ltr'>satisillum</span> <span class='ocrx_word' id='word_1_441' title='bbox 1670 2889 1700 2942; x_wconf 89' lang='lat' dir='ltr'>in</span> <span class='ocrx_word' id='word_1_442' title='bbox 1711 2904 1773 2959; x_wconf 93' lang='lat' dir='ltr'>pro·</span> 
     </span>
     <span class='ocr_line' id='line_1_31' title="bbox 133 2949 1770 3053; baseline 0.029 -53"><span class='ocrx_word' id='word_1_443' title='bbox 133 2949 341 3012; x_wconf 83' lang='lat' dir='ltr'>Astionirestro</span> <span class='ocrx_word' id='word_1_444' title='bbox 352 2978 438 3032; x_wconf 90' lang='lat' dir='ltr'>quam</span> <span class='ocrx_word' id='word_1_445' title='bbox 452 2969 513 3037; x_wconf 89' lang='lat' dir='ltr'>ejus</span> <span class='ocrx_word' id='word_1_446' title='bbox 524 2970 670 3039; x_wconf 82' lang='lat' dir='ltr'>similibus,</span> <span class='ocrx_word' id='word_1_447' title='bbox 681 2983 858 3048; x_wconf 86' lang='lat' dir='ltr'>aptantnrea</span> <span class='ocrx_word' id='word_1_448' title='bbox 869 2999 930 3053; x_wconf 84' lang='lat' dir='ltr'>quae</span> <span class='ocrx_word' id='word_1_449' title='bbox 971 2978 1057 3033; x_wconf 84' lang='lat' dir='ltr'>fundo</span> <span class='ocrx_word' id='word_1_450' title='bbox 1076 2980 1216 3037; x_wconf 88' lang='lat' dir='ltr'>abscondi.</span> <span class='ocrx_word' id='word_1_451' title='bbox 1241 2981 1275 3039; x_wconf 89' lang='lat' dir='ltr'>Et</span> <span class='ocrx_word' id='word_1_452' title='bbox 1294 2998 1357 3035; x_wconf 91' lang='lat' dir='ltr'>cum</span> <span class='ocrx_word' id='word_1_453' title='bbox 1372 2981 1413 3043; x_wconf 82' lang='lat' dir='ltr'>sel</span> <span class='ocrx_word' id='word_1_454' title='bbox 1429 2979 1605 3044; x_wconf 67' lang='lat' dir='ltr'>declinasset,</span> <span class='ocrx_word' id='word_1_455' title='bbox 1622 2994 1770 3033; x_wconf 63' lang='lat' dir='ltr'>assumenss</span> 
     </span>
     <span class='ocr_line' id='line_1_32' title="bbox 133 3037 1770 3153; baseline 0.008 -46"><span class='ocrx_word' id='word_1_456' title='bbox 133 3037 225 3107; x_wconf 62' lang='lat' dir='ltr'>il&#39;gisii</span> <span class='ocrx_word' id='word_1_457' title='bbox 244 3057 420 3106; x_wconf 62' lang='lat' dir='ltr'>sacramente</span> <span class='ocrx_word' id='word_1_458' title='bbox 435 3071 441 3109; x_wconf 78' lang='lat'>2</span> <span class='ocrx_word' id='word_1_459' title='bbox 461 3056 497 3111; x_wconf 86' lang='lat' dir='ltr'>Ut</span> <span class='ocrx_word' id='word_1_460' title='bbox 511 3075 617 3130; x_wconf 76' lang='lat' dir='ltr'>omneS,</span> <span class='ocrx_word' id='word_1_461' title='bbox 634 3064 734 3136; x_wconf 90' lang='lat' dir='ltr'>inquit,</span> <span class='ocrx_word' id='word_1_462' title='bbox 751 3085 838 3124; x_wconf 91' lang='lat' dir='ltr'>unum</span> <span class='ocrx_word' id='word_1_463' title='bbox 863 3071 928 3136; x_wconf 85' lang='lat' dir='ltr'>sint,</span> <span class='ocrx_word' id='word_1_464' title='bbox 938 3091 959 3153; x_wconf 67' lang='lat'>0</span> <span class='ocrx_word' id='word_1_465' title='bbox 970 3083 1017 3121; x_wconf 88' lang='lat' dir='ltr'>eos</span> <span class='ocrx_word' id='word_1_466' title='bbox 1032 3069 1209 3138; x_wconf 65' lang='lat' dir='ltr'>vigilantius,</span> <span class='ocrx_word' id='word_1_467' title='bbox 1224 3070 1299 3124; x_wconf 81' lang='lat' dir='ltr'>toras</span> <span class='ocrx_word' id='word_1_468' title='bbox 1313 3070 1454 3124; x_wconf 85' lang='lat' dir='ltr'>civitatem</span> <span class='ocrx_word' id='word_1_469' title='bbox 1468 3085 1531 3122; x_wconf 91' lang='lat' dir='ltr'>cnm</span> <span class='ocrx_word' id='word_1_470' title='bbox 1545 3067 1600 3122; x_wconf 90' lang='lat' dir='ltr'>illis</span> <span class='ocrx_word' id='word_1_471' title='bbox 1615 3067 1770 3138; x_wconf 88' lang='lat' dir='ltr'>egreditur.</span> 
     </span>
     <span class='ocr_line' id='line_1_33' title="bbox 132 3125 1774 3230; baseline 0.029 -51"><span class='ocrx_word' id='word_1_472' title='bbox 132 3125 204 3182; x_wconf 90' lang='lat' dir='ltr'>sicut</span> <span class='ocrx_word' id='word_1_473' title='bbox 217 3136 247 3185; x_wconf 92' lang='lat' dir='ltr'>tu</span> <span class='ocrx_word' id='word_1_474' title='bbox 263 3134 387 3193; x_wconf 83' lang='lat' dir='ltr'>Pateria</span> <span class='ocrx_word' id='word_1_475' title='bbox 404 3159 457 3210; x_wconf 88' lang='lat' dir='ltr'>me,</span> <span class='ocrx_word' id='word_1_476' title='bbox 475 3155 503 3200; x_wconf 90' lang='lat' dir='ltr'>ot</span> <span class='ocrx_word' id='word_1_477' title='bbox 513 3165 564 3219; x_wconf 89' lang='lat' dir='ltr'>ego</span> <span class='ocrx_word' id='word_1_478' title='bbox 578 3151 606 3204; x_wconf 93' lang='lat' dir='ltr'>in</span> <span class='ocrx_word' id='word_1_479' title='bbox 622 3160 665 3221; x_wconf 81' lang='lat' dir='ltr'>te3</span> <span class='ocrx_word' id='word_1_480' title='bbox 686 3160 715 3210; x_wconf 92' lang='lat' dir='ltr'>et</span> <span class='ocrx_word' id='word_1_481' title='bbox 729 3157 783 3229; x_wconf 89' lang='lat' dir='ltr'>ipsi</span> <span class='ocrx_word' id='word_1_482' title='bbox 805 3159 835 3213; x_wconf 93' lang='lat' dir='ltr'>in</span> <span class='ocrx_word' id='word_1_483' title='bbox 850 3160 929 3217; x_wconf 91' lang='lat' dir='ltr'>nobis</span> <span class='ocrx_word' id='word_1_484' title='bbox 971 3157 1005 3210; x_wconf 76' lang='lat' dir='ltr'>Et</span> <span class='ocrx_word' id='word_1_485' title='bbox 1018 3158 1212 3229; x_wconf 74' lang='lat' dir='ltr'>pervenientes</span> <span class='ocrx_word' id='word_1_486' title='bbox 1226 3159 1261 3213; x_wconf 79' lang='lat' dir='ltr'>ed</span> <span class='ocrx_word' id='word_1_487' title='bbox 1276 3158 1435 3230; x_wconf 73' lang='lat' dir='ltr'>sepulerum</span> <span class='ocrx_word' id='word_1_488' title='bbox 1447 3162 1621 3222; x_wconf 87' lang='lat' dir='ltr'>sanctorum,</span> <span class='ocrx_word' id='word_1_489' title='bbox 1639 3156 1774 3211; x_wconf 63' lang='lat' dir='ltr'>adfflfflffli</span> 
     </span>
     <span class='ocr_line' id='line_1_34' title="bbox 132 3221 1770 3317; baseline 0.018 -49"><span class='ocrx_word' id='word_1_490' title='bbox 132 3232 219 3272; x_wconf 92' lang='lat' dir='ltr'>unum</span> <span class='ocrx_word' id='word_1_491' title='bbox 235 3221 300 3286; x_wconf 88' lang='lat' dir='ltr'>sint,</span> <span class='ocrx_word' id='word_1_492' title='bbox 315 3232 452 3287; x_wconf 85' lang='lat' dir='ltr'>utcredat</span> <span class='ocrx_word' id='word_1_493' title='bbox 466 3239 587 3293; x_wconf 91' lang='lat' dir='ltr'>mundus</span> <span class='ocrx_word' id='word_1_494' title='bbox 598 3243 704 3313; x_wconf 82' lang='lat' dir='ltr'>quintu</span> <span class='ocrx_word' id='word_1_495' title='bbox 717 3263 760 3300; x_wconf 89' lang='lat' dir='ltr'>me</span> <span class='ocrx_word' id='word_1_496' title='bbox 774 3247 874 3302; x_wconf 90' lang='lat' dir='ltr'>misisti</span> <span class='ocrx_word' id='word_1_497' title='bbox 885 3269 891 3313; x_wconf 90' lang='lat'>;</span> <span class='ocrx_word' id='word_1_498' title='bbox 903 3255 931 3305; x_wconf 87' lang='lat' dir='ltr'>et</span> <span class='ocrx_word' id='word_1_499' title='bbox 971 3261 1018 3300; x_wconf 89' lang='lat' dir='ltr'>cos</span> <span class='ocrx_word' id='word_1_500' title='bbox 1039 3263 1134 3301; x_wconf 88' lang='lat' dir='ltr'>secum</span> <span class='ocrx_word' id='word_1_501' title='bbox 1156 3254 1245 3303; x_wconf 89' lang='lat' dir='ltr'>totam</span> <span class='ocrx_word' id='word_1_502' title='bbox 1267 3253 1377 3301; x_wconf 89' lang='lat' dir='ltr'>noctem</span> <span class='ocrx_word' id='word_1_503' title='bbox 1392 3247 1421 3301; x_wconf 93' lang='lat' dir='ltr'>in</span> <span class='ocrx_word' id='word_1_504' title='bbox 1446 3245 1618 3301; x_wconf 89' lang='lat' dir='ltr'>orationibus</span> <span class='ocrx_word' id='word_1_505' title='bbox 1645 3245 1770 3317; x_wconf 85' lang='lat' dir='ltr'>vigilare.</span> 
     </span>
     <span class='ocr_line' id='line_1_35' title="bbox 132 3307 1773 3407; baseline 0.033 -51"><span class='ocrx_word' id='word_1_506' title='bbox 132 3319 183 3374; x_wconf 87' lang='lat' dir='ltr'>ego</span> <span class='ocrx_word' id='word_1_507' title='bbox 198 3307 352 3368; x_wconf 82' lang='lat' dir='ltr'>claritatem</span> <span class='ocrx_word' id='word_1_508' title='bbox 368 3336 451 3389; x_wconf 85' lang='lat' dir='ltr'>quarn</span> <span class='ocrx_word' id='word_1_509' title='bbox 466 3323 567 3382; x_wconf 90' lang='lat' dir='ltr'>dedisti</span> <span class='ocrx_word' id='word_1_510' title='bbox 581 3329 649 3384; x_wconf 88' lang='lat' dir='ltr'>milri</span> <span class='ocrx_word' id='word_1_511' title='bbox 662 3332 725 3387; x_wconf 91' lang='lat' dir='ltr'>dedi</span> <span class='ocrx_word' id='word_1_512' title='bbox 746 3335 811 3401; x_wconf 88' lang='lat' dir='ltr'>illis,</span> <span class='ocrx_word' id='word_1_513' title='bbox 830 3342 862 3390; x_wconf 93' lang='lat' dir='ltr'>ut</span> <span class='ocrx_word' id='word_1_514' title='bbox 874 3338 930 3394; x_wconf 85' lang='lat' dir='ltr'>sint</span> <span class='ocrx_word' id='word_1_515' title='bbox 972 3335 1097 3406; x_wconf 76' lang='lat' dir='ltr'>Cumque</span> <span class='ocrx_word' id='word_1_516' title='bbox 1110 3337 1170 3407; x_wconf 77' lang='lat' dir='ltr'>jem</span> <span class='ocrx_word' id='word_1_517' title='bbox 1186 3354 1288 3390; x_wconf 70' lang='lat' dir='ltr'>aurelii</span> <span class='ocrx_word' id='word_1_518' title='bbox 1301 3337 1473 3401; x_wconf 62' lang='lat' dir='ltr'>escenderet,</span> <span class='ocrx_word' id='word_1_519' title='bbox 1486 3341 1514 3390; x_wconf 66' lang='lat' dir='ltr'>ei</span> <span class='ocrx_word' id='word_1_520' title='bbox 1528 3335 1622 3389; x_wconf 58' lang='lat' dir='ltr'>1⁰⁰2?ss</span> <span class='ocrx_word' id='word_1_521' title='bbox 1635 3333 1773 3405; x_wconf 58' lang='grc' dir='ltr'>ῘῦΰῑΡθΓθι</span> 
     </span>
     <span class='ocr_line' id='line_1_36' title="bbox 131 3399 1770 3496; baseline 0.02 -51"><span class='ocrx_word' id='word_1_522' title='bbox 131 3409 229 3459; x_wconf 91' lang='lat' dir='ltr'>unum,</span> <span class='ocrx_word' id='word_1_523' title='bbox 251 3399 322 3456; x_wconf 90' lang='lat' dir='ltr'>sicut</span> <span class='ocrx_word' id='word_1_524' title='bbox 336 3419 364 3458; x_wconf 88' lang='lat' dir='ltr'>et</span> <span class='ocrx_word' id='word_1_525' title='bbox 377 3424 427 3462; x_wconf 91' lang='lat' dir='ltr'>nos</span> <span class='ocrx_word' id='word_1_526' title='bbox 446 3429 532 3469; x_wconf 79' lang='lat' dir='ltr'>rrnurn</span> <span class='ocrx_word' id='word_1_527' title='bbox 553 3434 658 3473; x_wconf 83' lang='lat' dir='ltr'>suiuus.</span> <span class='ocrx_word' id='word_1_528' title='bbox 681 3422 746 3477; x_wconf 85' lang='lat' dir='ltr'>Ideo</span> <span class='ocrx_word' id='word_1_529' title='bbox 770 3424 928 3496; x_wconf 87' lang='lat' dir='ltr'>quicunque</span> <span class='ocrx_word' id='word_1_530' title='bbox 969 3423 1038 3487; x_wconf 89' lang='lat' dir='ltr'>dies,</span> <span class='ocrx_word' id='word_1_531' title='bbox 1055 3440 1117 3477; x_wconf 89' lang='lat' dir='ltr'>ecce</span> <span class='ocrx_word' id='word_1_532' title='bbox 1138 3425 1234 3478; x_wconf 77' lang='lat' dir='ltr'>rident</span> <span class='ocrx_word' id='word_1_533' title='bbox 1252 3425 1344 3479; x_wconf 90' lang='lat' dir='ltr'>subito</span> <span class='ocrx_word' id='word_1_534' title='bbox 1365 3426 1438 3478; x_wconf 85' lang='lat' dir='ltr'>circa</span> <span class='ocrx_word' id='word_1_535' title='bbox 1457 3441 1487 3478; x_wconf 88' lang='lat' dir='ltr'>se</span> <span class='ocrx_word' id='word_1_536' title='bbox 1512 3425 1608 3479; x_wconf 87' lang='lat' dir='ltr'>lurnen</span> <span class='ocrx_word' id='word_1_537' title='bbox 1626 3422 1770 3477; x_wconf 78' lang='lat' dir='ltr'>refulsisse</span> 
     </span>
     <span class='ocr_line' id='line_1_37' title="bbox 131 3487 1770 3583; baseline 0.028 -48"><span class='ocrx_word' id='word_1_538' title='bbox 131 3487 287 3543; x_wconf 83' lang='lat' dir='ltr'>meruerint</span> <span class='ocrx_word' id='word_1_539' title='bbox 299 3512 359 3548; x_wconf 82' lang='lat' dir='ltr'>esse</span> <span class='ocrx_word' id='word_1_540' title='bbox 379 3497 413 3551; x_wconf 91' lang='lat' dir='ltr'>de</span> <span class='ocrx_word' id='word_1_541' title='bbox 429 3517 545 3558; x_wconf 90' lang='lat' dir='ltr'>numero</span> <span class='ocrx_word' id='word_1_542' title='bbox 562 3509 686 3563; x_wconf 87' lang='lat' dir='ltr'>Astionis</span> <span class='ocrx_word' id='word_1_543' title='bbox 702 3513 794 3578; x_wconf 78' lang='lat' dir='ltr'>rastri,</span> <span class='ocrx_word' id='word_1_544' title='bbox 811 3530 827 3566; x_wconf 94' lang='lat' dir='ltr'>o</span> <span class='ocrx_word' id='word_1_545' title='bbox 843 3515 927 3568; x_wconf 92' lang='lat' dir='ltr'>hono·</span> <span class='ocrx_word' id='word_1_546' title='bbox 968 3511 1146 3577; x_wconf 89' lang='lat' dir='ltr'>immensum,</span> <span class='ocrx_word' id='word_1_547' title='bbox 1161 3530 1193 3568; x_wconf 78' lang='lat' dir='ltr'>ec</span> <span class='ocrx_word' id='word_1_548' title='bbox 1208 3515 1327 3567; x_wconf 81' lang='lat' dir='ltr'>nimium</span> <span class='ocrx_word' id='word_1_549' title='bbox 1341 3513 1487 3567; x_wconf 69' lang='lat' dir='ltr'>Siliil&#39;iieiiss</span> <span class='ocrx_word' id='word_1_550' title='bbox 1503 3512 1617 3566; x_wconf 74' lang='lat' dir='ltr'>0d01&#39;0ffl</span> <span class='ocrx_word' id='word_1_551' title='bbox 1631 3511 1770 3583; x_wconf 79' lang='lat' dir='ltr'>fragrare,</span> 
     </span>
     <span class='ocr_line' id='line_1_38' title="bbox 130 3569 1767 3674; baseline 0.02 -52"><span class='ocrx_word' id='word_1_552' title='bbox 130 3569 225 3627; x_wconf 87' lang='lat' dir='ltr'>rabilis</span> <span class='ocrx_word' id='word_1_553' title='bbox 237 3585 326 3647; x_wconf 88' lang='lat' dir='ltr'>pater,</span> <span class='ocrx_word' id='word_1_554' title='bbox 342 3583 492 3642; x_wconf 68' lang='lat' dir='ltr'>Salvatoris</span> <span class='ocrx_word' id='word_1_555' title='bbox 506 3596 593 3648; x_wconf 92' lang='lat' dir='ltr'>nostri</span> <span class='ocrx_word' id='word_1_556' title='bbox 610 3605 748 3669; x_wconf 73' lang='lat' dir='ltr'>intirtyres</span> <span class='ocrx_word' id='word_1_557' title='bbox 759 3601 924 3656; x_wconf 78' lang='lat' dir='ltr'>vocitantur.</span> <span class='ocrx_word' id='word_1_558' title='bbox 969 3609 1134 3674; x_wconf 86' lang='lat' dir='ltr'>sanctosque</span> <span class='ocrx_word' id='word_1_559' title='bbox 1146 3610 1293 3674; x_wconf 72' lang='lat' dir='ltr'>umrtyres,</span> <span class='ocrx_word' id='word_1_560' title='bbox 1305 3603 1353 3674; x_wconf 86' lang='lat' dir='ltr'>qui</span> <span class='ocrx_word' id='word_1_561' title='bbox 1360 3604 1419 3673; x_wconf 87' lang='lat' dir='ltr'>jam</span> <span class='ocrx_word' id='word_1_562' title='bbox 1431 3602 1614 3667; x_wconf 88' lang='lat' dir='ltr'>dormierant,</span> <span class='ocrx_word' id='word_1_563' title='bbox 1630 3601 1660 3654; x_wconf 93' lang='lat' dir='ltr'>in</span> <span class='ocrx_word' id='word_1_564' title='bbox 1674 3616 1767 3671; x_wconf 91' lang='lat' dir='ltr'>corpo-</span> 
     </span>
     <span class='ocr_line' id='line_1_39' title="bbox 167 3659 1768 3761; baseline 0.018 -48"><span class='ocrx_word' id='word_1_565' title='bbox 167 3659 230 3715; x_wconf 79' lang='lat' dir='ltr'>Csr.</span> <span class='ocrx_word' id='word_1_566' title='bbox 244 3665 340 3722; x_wconf 87' lang='lat' dir='ltr'>XXIV.</span> <span class='ocrx_word' id='word_1_567' title='bbox 354 3701 386 3710; x_wconf 92' lang='lat'><em>-</em></span> <span class='ocrx_word' id='word_1_568' title='bbox 398 3673 433 3727; x_wconf 76' lang='lat' dir='ltr'>ln</span> <span class='ocrx_word' id='word_1_569' title='bbox 443 3684 534 3732; x_wconf 83' lang='lat' dir='ltr'>niater</span> <span class='ocrx_word' id='word_1_570' title='bbox 544 3683 580 3735; x_wconf 89' lang='lat' dir='ltr'>ad</span> <span class='ocrx_word' id='word_1_571' title='bbox 590 3684 648 3739; x_wconf 81' lang='lat' dir='ltr'>hac</span> <span class='ocrx_word' id='word_1_572' title='bbox 660 3705 665 3739; x_wconf 92' lang='lat'>:</span> <span class='ocrx_word' id='word_1_573' title='bbox 678 3687 729 3752; x_wconf 81' lang='lat' dir='ltr'>Ne,</span> <span class='ocrx_word' id='word_1_574' title='bbox 739 3687 839 3760; x_wconf 82' lang='lat' dir='ltr'>inquit,</span> <span class='ocrx_word' id='word_1_575' title='bbox 852 3707 927 3745; x_wconf 91' lang='lat' dir='ltr'>mor·</span> <span class='ocrx_word' id='word_1_576' title='bbox 969 3708 998 3744; x_wconf 92' lang='lat' dir='ltr'>re</span> <span class='ocrx_word' id='word_1_577' title='bbox 1010 3693 1091 3761; x_wconf 88' lang='lat' dir='ltr'>juxta</span> <span class='ocrx_word' id='word_1_578' title='bbox 1105 3709 1135 3745; x_wconf 90' lang='lat' dir='ltr'>se</span> <span class='ocrx_word' id='word_1_579' title='bbox 1149 3693 1311 3758; x_wconf 88' lang='lat' dir='ltr'>consistere,</span> <span class='ocrx_word' id='word_1_580' title='bbox 1328 3708 1360 3745; x_wconf 91' lang='lat' dir='ltr'>ac</span> <span class='ocrx_word' id='word_1_581' title='bbox 1381 3691 1532 3748; x_wconf 84' lang='lat' dir='ltr'>Dominum</span> <span class='ocrx_word' id='word_1_582' title='bbox 1552 3705 1648 3744; x_wconf 90' lang='lat' dir='ltr'>secum</span> <span class='ocrx_word' id='word_1_583' title='bbox 1665 3688 1768 3742; x_wconf 87' lang='lat' dir='ltr'>collau·</span> 
     </span>
     <span class='ocr_line' id='line_1_40' title="bbox 130 3750 1766 3851; baseline 0.02 -53"><span class='ocrx_word' id='word_1_584' title='bbox 130 3750 196 3800; x_wconf 90' lang='lat' dir='ltr'>tuns</span> <span class='ocrx_word' id='word_1_585' title='bbox 210 3761 261 3813; x_wconf 84' lang='lat' dir='ltr'>est,</span> <span class='ocrx_word' id='word_1_586' title='bbox 274 3762 302 3808; x_wconf 86' lang='lat' dir='ltr'>ct</span> <span class='ocrx_word' id='word_1_587' title='bbox 314 3774 370 3812; x_wconf 93' lang='lat' dir='ltr'>non</span> <span class='ocrx_word' id='word_1_588' title='bbox 385 3761 424 3816; x_wconf 80' lang='lat' dir='ltr'>xis</span> <span class='ocrx_word' id='word_1_589' title='bbox 442 3765 522 3822; x_wconf 88' lang='lat' dir='ltr'>nobis</span> <span class='ocrx_word' id='word_1_590' title='bbox 537 3770 626 3826; x_wconf 81' lang='lat' dir='ltr'>iacere</span> <span class='ocrx_word' id='word_1_591' title='bbox 642 3776 842 3832; x_wconf 80' lang='lat' dir='ltr'>manifestum?</span> <span class='ocrx_word' id='word_1_592' title='bbox 853 3779 926 3851; x_wconf 88' lang='lat' dir='ltr'>Vigi-</span> <span class='ocrx_word' id='word_1_593' title='bbox 968 3781 1044 3834; x_wconf 85' lang='lat' dir='ltr'>darc.</span> <span class='ocrx_word' id='word_1_594' title='bbox 1060 3781 1138 3835; x_wconf 87' lang='lat' dir='ltr'>Tunc</span> <span class='ocrx_word' id='word_1_595' title='bbox 1161 3787 1274 3835; x_wconf 88' lang='lat' dir='ltr'>sanctus</span> <span class='ocrx_word' id='word_1_596' title='bbox 1297 3781 1396 3835; x_wconf 82' lang='lat' dir='ltr'>Astion</span> <span class='ocrx_word' id='word_1_597' title='bbox 1419 3780 1529 3834; x_wconf 90' lang='lat' dir='ltr'>irruens</span> <span class='ocrx_word' id='word_1_598' title='bbox 1545 3779 1574 3832; x_wconf 95' lang='lat' dir='ltr'>in</span> <span class='ocrx_word' id='word_1_599' title='bbox 1591 3777 1766 3849; x_wconf 83' lang='lat' dir='ltr'>amplexibus</span> 
     </span>
     <span class='ocr_line' id='line_1_41' title="bbox 130 3832 1765 3940; baseline 0.021 -56"><span class='ocrx_word' id='word_1_600' title='bbox 130 3832 234 3891; x_wconf 90' lang='lat' dir='ltr'>lantins</span> <span class='ocrx_word' id='word_1_601' title='bbox 252 3848 414 3915; x_wconf 88' lang='lat' dir='ltr'>respondit:</span> <span class='ocrx_word' id='word_1_602' title='bbox 435 3853 537 3911; x_wconf 88' lang='lat' dir='ltr'>Mortui</span> <span class='ocrx_word' id='word_1_603' title='bbox 563 3876 613 3914; x_wconf 88' lang='lat' dir='ltr'>nos</span> <span class='ocrx_word' id='word_1_604' title='bbox 628 3880 735 3929; x_wconf 70' lang='lat' dir='ltr'>snmus</span> <span class='ocrx_word' id='word_1_605' title='bbox 752 3867 800 3937; x_wconf 90' lang='lat' dir='ltr'>qui</span> <span class='ocrx_word' id='word_1_606' title='bbox 821 3868 849 3921; x_wconf 92' lang='lat' dir='ltr'>in</span> <span class='ocrx_word' id='word_1_607' title='bbox 875 3869 926 3923; x_wconf 87' lang='lat' dir='ltr'>lmc</span> <span class='ocrx_word' id='word_1_608' title='bbox 968 3867 1341 3940; x_wconf 60' lang='lat' dir='ltr'>trratris‘zzasuaemoepit</span> <span class='ocrx_word' id='word_1_609' title='bbox 1356 3867 1475 3922; x_wconf 90' lang='lat' dir='ltr'>osculari</span> <span class='ocrx_word' id='word_1_610' title='bbox 1490 3866 1765 3933; x_wconf 86' lang='lat' dir='ltr'>eam,dicens:Benc</span> 
     </span>
     <span class='ocr_line' id='line_1_42' title="bbox 130 3927 1763 4030; baseline 0.022 -57"><span class='ocrx_word' id='word_1_611' title='bbox 130 3927 242 3979; x_wconf 89' lang='lat' dir='ltr'>mortali</span> <span class='ocrx_word' id='word_1_612' title='bbox 256 3948 339 3987; x_wconf 83' lang='lat' dir='ltr'>mrne</span> <span class='ocrx_word' id='word_1_613' title='bbox 353 3936 490 4008; x_wconf 71' lang='lat' dir='ltr'>degimus</span> <span class='ocrx_word' id='word_1_614' title='bbox 508 3953 536 3999; x_wconf 86' lang='lat' dir='ltr'>et</span> <span class='ocrx_word' id='word_1_615' title='bbox 551 3947 578 4001; x_wconf 94' lang='lat' dir='ltr'>in</span> <span class='ocrx_word' id='word_1_616' title='bbox 588 3949 641 4004; x_wconf 91' lang='lat' dir='ltr'>hoc</span> <span class='ocrx_word' id='word_1_617' title='bbox 654 3954 754 4008; x_wconf 79' lang='lat' dir='ltr'>saeculo</span> <span class='ocrx_word' id='word_1_618' title='bbox 769 3972 849 4021; x_wconf 82' lang='lat' dir='ltr'>rano,</span> <span class='ocrx_word' id='word_1_619' title='bbox 866 3957 926 4011; x_wconf 88' lang='lat' dir='ltr'>abs·</span> <span class='ocrx_word' id='word_1_620' title='bbox 967 3956 1103 4011; x_wconf 81' lang='lat' dir='ltr'>advenisti</span> <span class='ocrx_word' id='word_1_621' title='bbox 1111 3974 1143 4010; x_wconf 85' lang='lat' dir='ltr'>ex</span> <span class='ocrx_word' id='word_1_622' title='bbox 1153 3956 1276 4012; x_wconf 86' lang='lat' dir='ltr'>Orientis</span> <span class='ocrx_word' id='word_1_623' title='bbox 1288 3957 1423 4028; x_wconf 88' lang='lat' dir='ltr'>partibus,</span> <span class='ocrx_word' id='word_1_624' title='bbox 1434 3974 1450 4011; x_wconf 96' lang='lat' dir='ltr'>o</span> <span class='ocrx_word' id='word_1_625' title='bbox 1460 3955 1597 4030; x_wconf 87' lang='lat' dir='ltr'>discipula</span> <span class='ocrx_word' id='word_1_626' title='bbox 1610 3954 1727 4019; x_wconf 84' lang='lat' dir='ltr'>Christi,</span> <span class='ocrx_word' id='word_1_627' title='bbox 1736 3958 1763 4021; x_wconf 82' lang='lat' dir='ltr'>ct</span> 
     </span>
     <span class='ocr_line' id='line_1_43' title="bbox 130 4019 1764 4117; baseline 0.02 -54"><span class='ocrx_word' id='word_1_628' title='bbox 130 4027 184 4080; x_wconf 88' lang='lat' dir='ltr'>que</span> <span class='ocrx_word' id='word_1_629' title='bbox 193 4019 386 4078; x_wconf 86' lang='lat' dir='ltr'>notitianostri</span> <span class='ocrx_word' id='word_1_630' title='bbox 396 4027 508 4086; x_wconf 83' lang='lat' dir='ltr'>lactoris</span> <span class='ocrx_word' id='word_1_631' title='bbox 519 4036 852 4101; x_wconf 73' lang='lat' dir='ltr'>existeresidcmurNam</span> <span class='ocrx_word' id='word_1_632' title='bbox 862 4064 927 4100; x_wconf 84' lang='lat' dir='ltr'>rora</span> <span class='ocrx_word' id='word_1_633' title='bbox 967 4060 1030 4098; x_wconf 87' lang='lat' dir='ltr'>mea</span> <span class='ocrx_word' id='word_1_634' title='bbox 1040 4051 1131 4099; x_wconf 85' lang='lat' dir='ltr'>mater</span> <span class='ocrx_word' id='word_1_635' title='bbox 1142 4045 1307 4101; x_wconf 87' lang='lat' dir='ltr'>ldarccllina.</span> <span class='ocrx_word' id='word_1_636' title='bbox 1324 4046 1461 4100; x_wconf 90' lang='lat' dir='ltr'>Similiter</span> <span class='ocrx_word' id='word_1_637' title='bbox 1471 4051 1500 4098; x_wconf 90' lang='lat' dir='ltr'>et</span> <span class='ocrx_word' id='word_1_638' title='bbox 1514 4043 1695 4097; x_wconf 88' lang='lat' dir='ltr'>beatissimus</span> <span class='ocrx_word' id='word_1_639' title='bbox 1704 4042 1764 4117; x_wconf 87' lang='lat' dir='ltr'>Epi-</span> 
     </span>
     <span class='ocr_line' id='line_1_44' title="bbox 129 4098 1761 4206; baseline 0.02 -55"><span class='ocrx_word' id='word_1_640' title='bbox 129 4098 231 4157; x_wconf 82' lang='lat' dir='ltr'>xitaibi</span> <span class='ocrx_word' id='word_1_641' title='bbox 248 4115 299 4175; x_wconf 89' lang='lat' dir='ltr'>est,</span> <span class='ocrx_word' id='word_1_642' title='bbox 307 4118 335 4166; x_wconf 90' lang='lat' dir='ltr'>et</span> <span class='ocrx_word' id='word_1_643' title='bbox 348 4131 428 4172; x_wconf 81' lang='lat' dir='ltr'>rarus</span> <span class='ocrx_word' id='word_1_644' title='bbox 443 4120 520 4176; x_wconf 86' lang='lat' dir='ltr'>cibus</span> <span class='ocrx_word' id='word_1_645' title='bbox 530 4132 668 4199; x_wconf 90' lang='lat' dir='ltr'>potusque</span> <span class='ocrx_word' id='word_1_646' title='bbox 678 4130 781 4186; x_wconf 89' lang='lat' dir='ltr'>ibidem</span> <span class='ocrx_word' id='word_1_647' title='bbox 794 4133 922 4201; x_wconf 87' lang='lat' dir='ltr'>habetur,</span> <span class='ocrx_word' id='word_1_648' title='bbox 965 4138 1055 4187; x_wconf 86' lang='lat' dir='ltr'>otetus</span> <span class='ocrx_word' id='word_1_649' title='bbox 1077 4135 1251 4206; x_wconf 88' lang='lat' dir='ltr'>apprehenso</span> <span class='ocrx_word' id='word_1_650' title='bbox 1271 4135 1362 4205; x_wconf 86' lang='lat' dir='ltr'>capito</span> <span class='ocrx_word' id='word_1_651' title='bbox 1387 4134 1436 4188; x_wconf 90' lang='lat' dir='ltr'>viri</span> <span class='ocrx_word' id='word_1_652' title='bbox 1452 4135 1523 4204; x_wconf 86' lang='lat' dir='ltr'>ejus,</span> <span class='ocrx_word' id='word_1_653' title='bbox 1548 4131 1761 4187; x_wconf 80' lang='lat' dir='ltr'>exosculabatur</span> 
     </span>
     <span class='ocr_line' id='line_1_45' title="bbox 127 4190 1760 4296; baseline 0.034 -56"><span class='ocrx_word' id='word_1_654' title='bbox 127 4203 160 4242; x_wconf 87' lang='lat' dir='ltr'>ac</span> <span class='ocrx_word' id='word_1_655' title='bbox 173 4190 295 4262; x_wconf 87' lang='lat' dir='ltr'>dignitas</span> <span class='ocrx_word' id='word_1_656' title='bbox 307 4201 368 4256; x_wconf 93' lang='lat' dir='ltr'>sinc</span> <span class='ocrx_word' id='word_1_657' title='bbox 379 4207 442 4272; x_wconf 87' lang='lat' dir='ltr'>tine,</span> <span class='ocrx_word' id='word_1_658' title='bbox 458 4209 502 4264; x_wconf 90' lang='lat' dir='ltr'>bis</span> <span class='ocrx_word' id='word_1_659' title='bbox 513 4215 559 4283; x_wconf 91' lang='lat' dir='ltr'>qui</span> <span class='ocrx_word' id='word_1_660' title='bbox 573 4226 809 4276; x_wconf 88' lang='lat' dir='ltr'>meruerunteam</span> <span class='ocrx_word' id='word_1_661' title='bbox 819 4224 924 4296; x_wconf 86' lang='lat' dir='ltr'>accipe·</span> <span class='ocrx_word' id='word_1_662' title='bbox 965 4238 1039 4290; x_wconf 69' lang='lat' dir='ltr'>euin,</span> <span class='ocrx_word' id='word_1_663' title='bbox 1048 4222 1158 4277; x_wconf 58' lang='lat' dir='ltr'>dietim:</span> <span class='ocrx_word' id='word_1_664' title='bbox 1175 4225 1280 4283; x_wconf 60' lang='lat' dir='ltr'>laetere</span> <span class='ocrx_word' id='word_1_665' title='bbox 1291 4222 1453 4288; x_wconf 64' lang='lat' dir='ltr'>iiiDOfflissQ</span> <span class='ocrx_word' id='word_1_666' title='bbox 1470 4238 1486 4274; x_wconf 94' lang='lat'>⁰</span> <span class='ocrx_word' id='word_1_667' title='bbox 1499 4220 1661 4275; x_wconf 54' lang='lat' dir='ltr'>‘iustissime</span> <span class='ocrx_word' id='word_1_668' title='bbox 1674 4219 1760 4272; x_wconf 54' lang='lat' dir='ltr'><strong>frates</strong></span> 
     </span>
     <span class='ocr_line' id='line_1_46' title="bbox 128 4281 1761 4391; baseline 0.019 -61"><span class='ocrx_word' id='word_1_669' title='bbox 128 4294 173 4347; x_wconf 88' lang='lat' dir='ltr'>re;</span> <span class='ocrx_word' id='word_1_670' title='bbox 191 4281 228 4336; x_wconf 92' lang='lat' dir='ltr'>ibi</span> <span class='ocrx_word' id='word_1_671' title='bbox 239 4292 281 4339; x_wconf 89' lang='lat' dir='ltr'>est</span> <span class='ocrx_word' id='word_1_672' title='bbox 296 4288 341 4345; x_wconf 92' lang='lat' dir='ltr'>ubi</span> <span class='ocrx_word' id='word_1_673' title='bbox 357 4312 468 4367; x_wconf 89' lang='lat' dir='ltr'>semper</span> <span class='ocrx_word' id='word_1_674' title='bbox 482 4300 679 4361; x_wconf 87' lang='lat' dir='ltr'>immortalitas</span> <span class='ocrx_word' id='word_1_675' title='bbox 693 4317 800 4380; x_wconf 81' lang='lat' dir='ltr'>regnat.</span> <span class='ocrx_word' id='word_1_676' title='bbox 816 4317 844 4364; x_wconf 90' lang='lat' dir='ltr'>et</span> <span class='ocrx_word' id='word_1_677' title='bbox 859 4330 922 4383; x_wconf 88' lang='lat' dir='ltr'>per-</span> <span class='ocrx_word' id='word_1_678' title='bbox 934 4310 1128 4391; x_wconf 76' lang='lat' dir='ltr'>Dillexander,</span> <span class='ocrx_word' id='word_1_679' title='bbox 1138 4328 1170 4365; x_wconf 91' lang='lat' dir='ltr'>eo</span> <span class='ocrx_word' id='word_1_680' title='bbox 1181 4312 1254 4382; x_wconf 69' lang='lat' dir='ltr'>&lt;pund</span> <span class='ocrx_word' id='word_1_681' title='bbox 1270 4313 1371 4382; x_wconf 86' lang='lat' dir='ltr'>dignus</span> <span class='ocrx_word' id='word_1_682' title='bbox 1385 4311 1498 4365; x_wconf 87' lang='lat' dir='ltr'>habitus</span> <span class='ocrx_word' id='word_1_683' title='bbox 1511 4327 1541 4363; x_wconf 88' lang='lat' dir='ltr'>es</span> <span class='ocrx_word' id='word_1_684' title='bbox 1555 4309 1584 4363; x_wconf 94' lang='lat' dir='ltr'>in</span> <span class='ocrx_word' id='word_1_685' title='bbox 1600 4325 1718 4363; x_wconf 86' lang='lat' dir='ltr'>nurnero</span> <span class='ocrx_word' id='word_1_686' title='bbox 1731 4308 1761 4361; x_wconf 87' lang='lat' dir='ltr'>a·</span> 
     </span>
     <span class='ocr_line' id='line_1_47' title="bbox 127 4375 1761 4472; baseline 0.018 -51"><span class='ocrx_word' id='word_1_687' title='bbox 127 4375 212 4437; x_wconf 88' lang='lat' dir='ltr'>petua</span> <span class='ocrx_word' id='word_1_688' title='bbox 226 4377 330 4442; x_wconf 89' lang='lat' dir='ltr'>gaudia</span> <span class='ocrx_word' id='word_1_689' title='bbox 343 4395 646 4450; x_wconf 82' lang='lat' dir='ltr'>connnorantur.&#39;l&#39;unc</span> <span class='ocrx_word' id='word_1_690' title='bbox 660 4404 764 4452; x_wconf 89' lang='lat' dir='ltr'>mater:</span> <span class='ocrx_word' id='word_1_691' title='bbox 779 4400 922 4468; x_wconf 88' lang='lat' dir='ltr'>Volebam,</span> <span class='ocrx_word' id='word_1_692' title='bbox 965 4399 1069 4455; x_wconf 90' lang='lat' dir='ltr'>delium</span> <span class='ocrx_word' id='word_1_693' title='bbox 1085 4401 1222 4471; x_wconf 87' lang='lat' dir='ltr'>deputari,</span> <span class='ocrx_word' id='word_1_694' title='bbox 1234 4406 1262 4454; x_wconf 86' lang='lat' dir='ltr'>et</span> <span class='ocrx_word' id='word_1_695' title='bbox 1272 4417 1423 4472; x_wconf 90' lang='lat' dir='ltr'>perennem</span> <span class='ocrx_word' id='word_1_696' title='bbox 1438 4398 1641 4454; x_wconf 87' lang='lat' dir='ltr'>beatitudinem</span> <span class='ocrx_word' id='word_1_697' title='bbox 1652 4413 1761 4469; x_wconf 88' lang='lat' dir='ltr'>prome·</span> 
     </span>
     <span class='ocr_line' id='line_1_48' title="bbox 126 4456 1761 4559; baseline 0.017 -48"><span class='ocrx_word' id='word_1_698' title='bbox 126 4456 227 4529; x_wconf 86' lang='lat' dir='ltr'>inquit,</span> <span class='ocrx_word' id='word_1_699' title='bbox 237 4467 319 4521; x_wconf 92' lang='lat' dir='ltr'>modo</span> <span class='ocrx_word' id='word_1_700' title='bbox 332 4487 396 4525; x_wconf 91' lang='lat' dir='ltr'>oum</span> <span class='ocrx_word' id='word_1_701' title='bbox 406 4475 499 4530; x_wconf 78' lang='lat' dir='ltr'>sidere</span> <span class='ocrx_word' id='word_1_702' title='bbox 510 4478 537 4532; x_wconf 93' lang='lat' dir='ltr'>in</span> <span class='ocrx_word' id='word_1_703' title='bbox 550 4480 597 4535; x_wconf 88' lang='lat' dir='ltr'>illa</span> <span class='ocrx_word' id='word_1_704' title='bbox 610 4485 700 4553; x_wconf 86' lang='lat' dir='ltr'>gloria</span> <span class='ocrx_word' id='word_1_705' title='bbox 713 4488 920 4544; x_wconf 80' lang='lat' dir='ltr'>consistentem.</span> <span class='ocrx_word' id='word_1_706' title='bbox 965 4489 1029 4541; x_wconf 90' lang='lat' dir='ltr'>reri.</span> <span class='ocrx_word' id='word_1_707' title='bbox 1046 4489 1100 4542; x_wconf 89' lang='lat' dir='ltr'>Sed</span> <span class='ocrx_word' id='word_1_708' title='bbox 1115 4495 1143 4542; x_wconf 90' lang='lat' dir='ltr'>ct</span> <span class='ocrx_word' id='word_1_709' title='bbox 1157 4490 1191 4543; x_wconf 89' lang='lat' dir='ltr'>ad</span> <span class='ocrx_word' id='word_1_710' title='bbox 1207 4490 1389 4559; x_wconf 76' lang='lat' dir='ltr'>vigilantium</span> <span class='ocrx_word' id='word_1_711' title='bbox 1405 4489 1535 4543; x_wconf 73' lang='lat' dir='ltr'>eliserunt</span> <span class='ocrx_word' id='word_1_712' title='bbox 1551 4506 1557 4540; x_wconf 92' lang='lat'>:</span> <span class='ocrx_word' id='word_1_713' title='bbox 1575 4486 1674 4541; x_wconf 86' lang='lat' dir='ltr'>Gaude</span> <span class='ocrx_word' id='word_1_714' title='bbox 1687 4491 1717 4540; x_wconf 90' lang='lat' dir='ltr'>et</span> <span class='ocrx_word' id='word_1_715' title='bbox 1731 4492 1761 4539; x_wconf 88' lang='lat' dir='ltr'>tn</span> 
     </span>
     <span class='ocr_line' id='line_1_49' title="bbox 128 4545 1761 4648; baseline 0.021 -50"><span class='ocrx_word' id='word_1_716' title='bbox 128 4545 250 4605; x_wconf 88' lang='lat' dir='ltr'>Putasne</span> <span class='ocrx_word' id='word_1_717' title='bbox 278 4573 429 4628; x_wconf 88' lang='lat' dir='ltr'>agnoscere</span> <span class='ocrx_word' id='word_1_718' title='bbox 454 4582 498 4620; x_wconf 87' lang='lat' dir='ltr'>me</span> <span class='ocrx_word' id='word_1_719' title='bbox 520 4568 630 4638; x_wconf 88' lang='lat' dir='ltr'>babeat,</span> <span class='ocrx_word' id='word_1_720' title='bbox 648 4591 679 4629; x_wconf 92' lang='lat' dir='ltr'>co</span> <span class='ocrx_word' id='word_1_721' title='bbox 708 4578 781 4646; x_wconf 91' lang='lat' dir='ltr'>quod</span> <span class='ocrx_word' id='word_1_722' title='bbox 803 4580 923 4647; x_wconf 74' lang='lat' dir='ltr'>genitrix</span> <span class='ocrx_word' id='word_1_723' title='bbox 964 4577 992 4630; x_wconf 93' lang='lat' dir='ltr'>in</span> <span class='ocrx_word' id='word_1_724' title='bbox 1012 4578 1140 4639; x_wconf 84' lang='lat' dir='ltr'>Domino,</span> <span class='ocrx_word' id='word_1_725' title='bbox 1164 4579 1358 4633; x_wconf 89' lang='lat' dir='ltr'>odulcissime</span> <span class='ocrx_word' id='word_1_726' title='bbox 1374 4579 1460 4632; x_wconf 85' lang='lat' dir='ltr'>l&#39;rater</span> <span class='ocrx_word' id='word_1_727' title='bbox 1476 4577 1620 4648; x_wconf 69' lang='lat' dir='ltr'>vigilanti,</span> <span class='ocrx_word' id='word_1_728' title='bbox 1636 4594 1670 4630; x_wconf 91' lang='lat' dir='ltr'>co</span> <span class='ocrx_word' id='word_1_729' title='bbox 1686 4572 1761 4648; x_wconf 85' lang='lat' dir='ltr'>qued</span> 
     </span>
     <span class='ocr_line' id='line_1_50' title="bbox 127 4635 1762 4743; baseline 0.032 -53"><span class='ocrx_word' id='word_1_730' title='bbox 127 4635 188 4703; x_wconf 85' lang='lat' dir='ltr'>ejus</span> <span class='ocrx_word' id='word_1_731' title='bbox 207 4638 308 4699; x_wconf 81' lang='lat' dir='ltr'>luerim</span> <span class='ocrx_word' id='word_1_732' title='bbox 327 4649 496 4723; x_wconf 86' lang='lat' dir='ltr'>aliqnando?</span> <span class='ocrx_word' id='word_1_733' title='bbox 510 4661 567 4714; x_wconf 77' lang='lat' dir='ltr'>Aut</span> <span class='ocrx_word' id='word_1_734' title='bbox 587 4661 659 4716; x_wconf 86' lang='lat' dir='ltr'>forte</span> <span class='ocrx_word' id='word_1_735' title='bbox 678 4663 706 4716; x_wconf 91' lang='lat' dir='ltr'>in</span> <span class='ocrx_word' id='word_1_736' title='bbox 725 4670 804 4719; x_wconf 88' lang='lat' dir='ltr'>tanto</span> <span class='ocrx_word' id='word_1_737' title='bbox 819 4667 923 4722; x_wconf 83' lang='lat' dir='ltr'>horrore</span> <span class='ocrx_word' id='word_1_738' title='bbox 964 4666 1065 4736; x_wconf 86' lang='lat' dir='ltr'>dignus</span> <span class='ocrx_word' id='word_1_739' title='bbox 1080 4669 1194 4721; x_wconf 81' lang='lat' dir='ltr'>allectus</span> <span class='ocrx_word' id='word_1_740' title='bbox 1207 4685 1236 4722; x_wconf 89' lang='lat' dir='ltr'>es</span> <span class='ocrx_word' id='word_1_741' title='bbox 1249 4674 1281 4722; x_wconf 92' lang='lat' dir='ltr'>ut</span> <span class='ocrx_word' id='word_1_742' title='bbox 1293 4667 1481 4743; x_wconf 83' lang='lat' dir='ltr'>impleaturin</span> <span class='ocrx_word' id='word_1_743' title='bbox 1491 4673 1528 4731; x_wconf 59' lang='grc' dir='ltr'>ἴθ’</span> <span class='ocrx_word' id='word_1_744' title='bbox 1540 4665 1614 4737; x_wconf 67' lang='lat' dir='ltr'>il⁰0d</span> <span class='ocrx_word' id='word_1_745' title='bbox 1625 4665 1762 4738; x_wconf 66' lang='grc' dir='ltr'>80ΓίΡιιιῐῙΙ</span> 
     </span>
     <span class='ocr_line' id='line_1_51' title="bbox 128 4720 1763 4828; baseline 0.023 -57"><span class='ocrx_word' id='word_1_746' title='bbox 128 4720 230 4781; x_wconf 90' lang='lat' dir='ltr'>ibidem</span> <span class='ocrx_word' id='word_1_747' title='bbox 244 4735 361 4803; x_wconf 88' lang='lat' dir='ltr'>positus,</span> <span class='ocrx_word' id='word_1_748' title='bbox 373 4747 404 4794; x_wconf 92' lang='lat' dir='ltr'>ut</span> <span class='ocrx_word' id='word_1_749' title='bbox 415 4742 494 4810; x_wconf 91' lang='lat' dir='ltr'>dicis,</span> <span class='ocrx_word' id='word_1_750' title='bbox 507 4749 589 4802; x_wconf 92' lang='lat' dir='ltr'>modo</span> <span class='ocrx_word' id='word_1_751' title='bbox 604 4749 740 4821; x_wconf 86' lang='lat' dir='ltr'>inspicere</span> <span class='ocrx_word' id='word_1_752' title='bbox 752 4760 922 4824; x_wconf 88' lang='lat' dir='ltr'>contemnet,</span> <span class='ocrx_word' id='word_1_753' title='bbox 965 4761 1024 4808; x_wconf 91' lang='lat' dir='ltr'>ost:</span> <span class='ocrx_word' id='word_1_754' title='bbox 1039 4756 1111 4820; x_wconf 86' lang='lat' dir='ltr'>Quia</span> <span class='ocrx_word' id='word_1_755' title='bbox 1125 4757 1172 4827; x_wconf 90' lang='lat' dir='ltr'>qni</span> <span class='ocrx_word' id='word_1_756' title='bbox 1187 4757 1309 4811; x_wconf 79' lang='lat' dir='ltr'>conserti</span> <span class='ocrx_word' id='word_1_757' title='bbox 1324 4757 1420 4811; x_wconf 84' lang='lat' dir='ltr'>fecerit</span> <span class='ocrx_word' id='word_1_758' title='bbox 1433 4762 1607 4828; x_wconf 83' lang='lat' dir='ltr'>peccatorem</span> <span class='ocrx_word' id='word_1_759' title='bbox 1620 4752 1656 4808; x_wconf 89' lang='lat' dir='ltr'>nb</span> <span class='ocrx_word' id='word_1_760' title='bbox 1666 4768 1763 4823; x_wconf 82' lang='lat' dir='ltr'>errore</span> 
     </span>
     <span class='ocr_line' id='line_1_52' title="bbox 127 4819 1764 4915; baseline 0.022 -55"><span class='ocrx_word' id='word_1_761' title='bbox 127 4823 160 4861; x_wconf 91' lang='lat' dir='ltr'>eo</span> <span class='ocrx_word' id='word_1_762' title='bbox 176 4819 248 4882; x_wconf 92' lang='lat' dir='ltr'>quod</span> <span class='ocrx_word' id='word_1_763' title='bbox 263 4824 499 4893; x_wconf 88' lang='lat' dir='ltr'>pulchritudinem</span> <span class='ocrx_word' id='word_1_764' title='bbox 515 4837 571 4891; x_wconf 88' lang='lat' dir='ltr'>mei</span> <span class='ocrx_word' id='word_1_765' title='bbox 583 4841 683 4905; x_wconf 88' lang='lat' dir='ltr'>vultus,</span> <span class='ocrx_word' id='word_1_766' title='bbox 699 4841 792 4913; x_wconf 90' lang='lat' dir='ltr'>ipsum</span> <span class='ocrx_word' id='word_1_767' title='bbox 802 4844 923 4913; x_wconf 89' lang='lat' dir='ltr'>lugendo</span> <span class='ocrx_word' id='word_1_768' title='bbox 964 4843 1013 4897; x_wconf 74' lang='lat' dir='ltr'>xia.1</span> <span class='ocrx_word' id='word_1_769' title='bbox 1027 4861 1093 4909; x_wconf 76' lang='lat' dir='ltr'>sua,</span> <span class='ocrx_word' id='word_1_770' title='bbox 1109 4844 1228 4899; x_wconf 77' lang='lat' dir='ltr'>salvabit</span> <span class='ocrx_word' id='word_1_771' title='bbox 1242 4847 1365 4900; x_wconf 87' lang='lat' dir='ltr'>animam</span> <span class='ocrx_word' id='word_1_772' title='bbox 1390 4846 1450 4915; x_wconf 86' lang='lat' dir='ltr'>ejus</span> <span class='ocrx_word' id='word_1_773' title='bbox 1465 4861 1482 4898; x_wconf 89' lang='lat' dir='ltr'>a</span> <span class='ocrx_word' id='word_1_774' title='bbox 1497 4850 1597 4909; x_wconf 87' lang='lat' dir='ltr'>morte,</span> <span class='ocrx_word' id='word_1_775' title='bbox 1617 4849 1648 4897; x_wconf 90' lang='lat' dir='ltr'>et</span> <span class='ocrx_word' id='word_1_776' title='bbox 1670 4841 1764 4915; x_wconf 87' lang='lat' dir='ltr'>operit</span> 
     </span>
     <span class='ocr_line' id='line_1_53' title="bbox 128 4901 1366 5007; baseline 0.027 -57"><span class='ocrx_word' id='word_1_777' title='bbox 128 4901 229 4958; x_wconf 84' lang='lat' dir='ltr'>amisi?</span> <span class='ocrx_word' id='word_1_778' title='bbox 239 4908 273 4963; x_wconf 84' lang='lat' dir='ltr'>Et</span> <span class='ocrx_word' id='word_1_779' title='bbox 284 4912 466 4985; x_wconf 70' lang='lat' dir='ltr'>vigilantius:</span> <span class='ocrx_word' id='word_1_780' title='bbox 484 4925 512 4989; x_wconf 83' lang='lat' dir='ltr'>Si</span> <span class='ocrx_word' id='word_1_781' title='bbox 527 4927 625 4984; x_wconf 84' lang='lat' dir='ltr'>feceris</span> <span class='ocrx_word' id='word_1_782' title='bbox 637 4930 731 5001; x_wconf 87' lang='lat' dir='ltr'>itaque</span> <span class='ocrx_word' id='word_1_783' title='bbox 744 4948 806 5002; x_wconf 83' lang='lat' dir='ltr'>quae</span> <span class='ocrx_word' id='word_1_784' title='bbox 820 4933 924 5006; x_wconf 86' lang='lat' dir='ltr'>scripta</span> <span class='ocrx_word' id='word_1_785' title='bbox 963 4932 1171 4987; x_wconf 89' lang='lat' dir='ltr'>multitudinem</span> <span class='ocrx_word' id='word_1_786' title='bbox 1180 4940 1366 5007; x_wconf 83' lang='lat' dir='ltr'>pcccatorum.</span> 
     </span>
     <span class='ocr_line' id='line_1_54' title="bbox 127 4991 1763 5093; baseline 0.024 -54"><span class='ocrx_word' id='word_1_787' title='bbox 127 4995 193 5045; x_wconf 90' lang='lat' dir='ltr'>sunt</span> <span class='ocrx_word' id='word_1_788' title='bbox 202 4991 231 5047; x_wconf 93' lang='lat' dir='ltr'>in</span> <span class='ocrx_word' id='word_1_789' title='bbox 247 4997 298 5053; x_wconf 93' lang='lat' dir='ltr'>hoc</span> <span class='ocrx_word' id='word_1_790' title='bbox 308 5002 387 5074; x_wconf 90' lang='lat' dir='ltr'>libro,</span> <span class='ocrx_word' id='word_1_791' title='bbox 400 5026 484 5079; x_wconf 88' lang='lat' dir='ltr'>quern</span> <span class='ocrx_word' id='word_1_792' title='bbox 495 5014 563 5069; x_wconf 85' lang='lat' dir='ltr'>milri</span> <span class='ocrx_word' id='word_1_793' title='bbox 575 5017 724 5090; x_wconf 88' lang='lat' dir='ltr'>dereliquit</span> <span class='ocrx_word' id='word_1_794' title='bbox 738 5027 850 5075; x_wconf 89' lang='lat' dir='ltr'>sanctus</span> <span class='ocrx_word' id='word_1_795' title='bbox 861 5021 923 5093; x_wconf 87' lang='lat' dir='ltr'>Epi·</span> <span class='ocrx_word' id='word_1_796' title='bbox 1000 5022 1168 5077; x_wconf 60' lang='lat' dir='ltr'>cccxxvi.</span> <span class='ocrx_word' id='word_1_797' title='bbox 1177 5024 1294 5079; x_wconf 87' lang='lat' dir='ltr'>-Tunc</span> <span class='ocrx_word' id='word_1_798' title='bbox 1309 5030 1422 5079; x_wconf 88' lang='lat' dir='ltr'>sanctus</span> <span class='ocrx_word' id='word_1_799' title='bbox 1437 5024 1535 5093; x_wconf 80' lang='lat' dir='ltr'>hstion</span> <span class='ocrx_word' id='word_1_800' title='bbox 1544 5022 1599 5076; x_wconf 91' lang='lat' dir='ltr'>hoc</span> <span class='ocrx_word' id='word_1_801' title='bbox 1614 5023 1700 5077; x_wconf 90' lang='lat' dir='ltr'>modo</span> <span class='ocrx_word' id='word_1_802' title='bbox 1711 5037 1763 5077; x_wconf 82' lang='lat' dir='ltr'>cte·</span> 
     </span>
     <span class='ocr_line' id='line_1_55' title="bbox 128 5086 1764 5180; baseline 0.019 -46"><span class='ocrx_word' id='word_1_803' title='bbox 128 5086 217 5140; x_wconf 80' lang='lat' dir='ltr'>ctetus</span> <span class='ocrx_word' id='word_1_804' title='bbox 233 5094 261 5142; x_wconf 94' lang='lat' dir='ltr'>et</span> <span class='ocrx_word' id='word_1_805' title='bbox 274 5093 381 5160; x_wconf 82' lang='lat' dir='ltr'>hstion,</span> <span class='ocrx_word' id='word_1_806' title='bbox 399 5108 427 5152; x_wconf 93' lang='lat' dir='ltr'>ct</span> <span class='ocrx_word' id='word_1_807' title='bbox 440 5103 591 5158; x_wconf 88' lang='lat' dir='ltr'>credideris</span> <span class='ocrx_word' id='word_1_808' title='bbox 608 5124 639 5160; x_wconf 91' lang='lat' dir='ltr'>ex</span> <span class='ocrx_word' id='word_1_809' title='bbox 659 5110 815 5165; x_wconf 90' lang='lat' dir='ltr'>totocorde</span> <span class='ocrx_word' id='word_1_810' title='bbox 835 5111 863 5164; x_wconf 94' lang='lat' dir='ltr'>in</span> <span class='ocrx_word' id='word_1_811' title='bbox 879 5113 922 5165; x_wconf 88' lang='lat' dir='ltr'>le·</span> <span class='ocrx_word' id='word_1_812' title='bbox 964 5110 1005 5180; x_wconf 91' lang='lat' dir='ltr'>pit</span> <span class='ocrx_word' id='word_1_813' title='bbox 1023 5110 1115 5164; x_wconf 87' lang='lat' dir='ltr'>dicere</span> <span class='ocrx_word' id='word_1_814' title='bbox 1130 5111 1164 5164; x_wconf 87' lang='lat' dir='ltr'>ad</span> <span class='ocrx_word' id='word_1_815' title='bbox 1181 5119 1298 5166; x_wconf 86' lang='lat' dir='ltr'>matrem</span> <span class='ocrx_word' id='word_1_816' title='bbox 1318 5131 1323 5165; x_wconf 91' lang='lat'>:</span> <span class='ocrx_word' id='word_1_817' title='bbox 1346 5112 1368 5167; x_wconf 94' lang='lat'>0</span> <span class='ocrx_word' id='word_1_818' title='bbox 1388 5111 1549 5166; x_wconf 88' lang='lat' dir='ltr'>dulcissima</span> <span class='ocrx_word' id='word_1_819' title='bbox 1568 5128 1600 5166; x_wconf 88' lang='lat' dir='ltr'>ac</span> <span class='ocrx_word' id='word_1_820' title='bbox 1614 5110 1764 5166; x_wconf 85' lang='lat' dir='ltr'>benedicto</span> 
     </span>
     <span class='ocr_line' id='line_1_56' title="bbox 127 5176 1763 5271; baseline 0.019 -47"><span class='ocrx_word' id='word_1_821' title='bbox 127 5188 188 5226; x_wconf 88' lang='lat' dir='ltr'>sum</span> <span class='ocrx_word' id='word_1_822' title='bbox 197 5176 339 5235; x_wconf 85' lang='lat' dir='ltr'>Christum</span> <span class='ocrx_word' id='word_1_823' title='bbox 348 5201 442 5253; x_wconf 86' lang='lat' dir='ltr'>regem</span> <span class='ocrx_word' id='word_1_824' title='bbox 454 5189 550 5259; x_wconf 82' lang='lat' dir='ltr'>ipsius,</span> <span class='ocrx_word' id='word_1_825' title='bbox 562 5194 591 5248; x_wconf 91' lang='lat' dir='ltr'>in</span> <span class='ocrx_word' id='word_1_826' title='bbox 600 5212 682 5266; x_wconf 90' lang='lat' dir='ltr'>quem</span> <span class='ocrx_word' id='word_1_827' title='bbox 695 5203 723 5251; x_wconf 84' lang='lat' dir='ltr'>et</span> <span class='ocrx_word' id='word_1_828' title='bbox 732 5197 919 5266; x_wconf 90' lang='lat' dir='ltr'>istecredidit,</span> <span class='ocrx_word' id='word_1_829' title='bbox 963 5199 1076 5253; x_wconf 87' lang='lat' dir='ltr'>domina</span> <span class='ocrx_word' id='word_1_830' title='bbox 1090 5217 1153 5253; x_wconf 85' lang='lat' dir='ltr'>mea</span> <span class='ocrx_word' id='word_1_831' title='bbox 1170 5208 1268 5268; x_wconf 89' lang='lat' dir='ltr'>mater,</span> <span class='ocrx_word' id='word_1_832' title='bbox 1285 5201 1332 5254; x_wconf 88' lang='lat' dir='ltr'>illa</span> <span class='ocrx_word' id='word_1_833' title='bbox 1353 5201 1447 5255; x_wconf 87' lang='lat' dir='ltr'>omnia</span> <span class='ocrx_word' id='word_1_834' title='bbox 1461 5218 1522 5271; x_wconf 83' lang='lat' dir='ltr'>quae</span> <span class='ocrx_word' id='word_1_835' title='bbox 1537 5200 1566 5271; x_wconf 82' lang='lat' dir='ltr'>in</span> <span class='ocrx_word' id='word_1_836' title='bbox 1581 5205 1763 5255; x_wconf 86' lang='lat' dir='ltr'>sacrosancto</span> 
     </span>
     <span class='ocr_line' id='line_1_57' title="bbox 125 5264 1763 5360; baseline 0.018 -47"><span class='ocrx_word' id='word_1_837' title='bbox 125 5264 230 5330; x_wconf 88' lang='lat' dir='ltr'>poteris</span> <span class='ocrx_word' id='word_1_838' title='bbox 251 5285 314 5323; x_wconf 90' lang='lat' dir='ltr'>enm</span> <span class='ocrx_word' id='word_1_839' title='bbox 330 5270 433 5328; x_wconf 85' lang='lat' dir='ltr'>videre.</span> <span class='ocrx_word' id='word_1_840' title='bbox 448 5277 495 5331; x_wconf 88' lang='lat' dir='ltr'>Sin</span> <span class='ocrx_word' id='word_1_841' title='bbox 511 5296 575 5336; x_wconf 87' lang='lat' dir='ltr'>vero</span> <span class='ocrx_word' id='word_1_842' title='bbox 590 5285 713 5338; x_wconf 90' lang='lat' dir='ltr'>nolueris</span> <span class='ocrx_word' id='word_1_843' title='bbox 726 5287 848 5354; x_wconf 85' lang='lat' dir='ltr'>credere,</span> <span class='ocrx_word' id='word_1_844' title='bbox 866 5290 919 5343; x_wconf 92' lang='lat' dir='ltr'>im-</span> <span class='ocrx_word' id='word_1_845' title='bbox 961 5288 1109 5358; x_wconf 77' lang='lat' dir='ltr'>Evangelio</span> <span class='ocrx_word' id='word_1_846' title='bbox 1125 5288 1227 5342; x_wconf 89' lang='lat' dir='ltr'>Christi</span> <span class='ocrx_word' id='word_1_847' title='bbox 1243 5289 1353 5343; x_wconf 89' lang='lat' dir='ltr'>Domini</span> <span class='ocrx_word' id='word_1_848' title='bbox 1377 5290 1464 5344; x_wconf 89' lang='lat' dir='ltr'>nostri</span> <span class='ocrx_word' id='word_1_849' title='bbox 1483 5289 1588 5360; x_wconf 86' lang='lat' dir='ltr'>scripta</span> <span class='ocrx_word' id='word_1_850' title='bbox 1602 5294 1681 5358; x_wconf 89' lang='lat' dir='ltr'>sunt,</span> <span class='ocrx_word' id='word_1_851' title='bbox 1697 5304 1763 5343; x_wconf 81' lang='lat' dir='ltr'>vera</span> 
     </span>
     <span class='ocr_line' id='line_1_58' title="bbox 124 5353 1762 5453; baseline 0.02 -50"><span class='ocrx_word' id='word_1_852' title='bbox 124 5353 255 5420; x_wconf 90' lang='lat' dir='ltr'>possibile</span> <span class='ocrx_word' id='word_1_853' title='bbox 279 5366 321 5411; x_wconf 90' lang='lat' dir='ltr'>est</span> <span class='ocrx_word' id='word_1_854' title='bbox 340 5367 370 5414; x_wconf 90' lang='lat' dir='ltr'>ut</span> <span class='ocrx_word' id='word_1_855' title='bbox 386 5368 416 5415; x_wconf 92' lang='lat' dir='ltr'>tu</span> <span class='ocrx_word' id='word_1_856' title='bbox 430 5364 509 5418; x_wconf 91' lang='lat' dir='ltr'>illum</span> <span class='ocrx_word' id='word_1_857' title='bbox 521 5368 631 5438; x_wconf 73' lang='lat' dir='ltr'>uideas,</span> <span class='ocrx_word' id='word_1_858' title='bbox 650 5374 691 5427; x_wconf 85' lang='lat' dir='ltr'>vel</span> <span class='ocrx_word' id='word_1_859' title='bbox 705 5381 823 5429; x_wconf 87' lang='lat' dir='ltr'>matrem</span> <span class='ocrx_word' id='word_1_860' title='bbox 839 5393 919 5432; x_wconf 88' lang='lat' dir='ltr'>suam</span> <span class='ocrx_word' id='word_1_861' title='bbox 960 5385 1026 5430; x_wconf 91' lang='lat' dir='ltr'>sunt</span> <span class='ocrx_word' id='word_1_862' title='bbox 1040 5384 1069 5431; x_wconf 91' lang='lat' dir='ltr'>et</span> <span class='ocrx_word' id='word_1_863' title='bbox 1079 5380 1168 5434; x_wconf 84' lang='lat' dir='ltr'>lirina.</span> <span class='ocrx_word' id='word_1_864' title='bbox 1181 5379 1294 5432; x_wconf 79' lang='lat' dir='ltr'>Festina</span> <span class='ocrx_word' id='word_1_865' title='bbox 1306 5395 1371 5450; x_wconf 89' lang='lat' dir='ltr'>ergo</span> <span class='ocrx_word' id='word_1_866' title='bbox 1386 5396 1420 5431; x_wconf 88' lang='lat' dir='ltr'>ea</span> <span class='ocrx_word' id='word_1_867' title='bbox 1432 5381 1493 5434; x_wconf 86' lang='lat' dir='ltr'>sine</span> <span class='ocrx_word' id='word_1_868' title='bbox 1509 5396 1589 5434; x_wconf 89' lang='lat' dir='ltr'>mora</span> <span class='ocrx_word' id='word_1_869' title='bbox 1603 5379 1702 5453; x_wconf 87' lang='lat' dir='ltr'>aliqua</span> <span class='ocrx_word' id='word_1_870' title='bbox 1715 5377 1762 5447; x_wconf 80' lang='lat' dir='ltr'>nd·</span> 
     </span>
     <span class='ocr_line' id='line_1_59' title="bbox 125 5441 1760 5557; baseline 0.018 -64"><span class='ocrx_word' id='word_1_871' title='bbox 125 5441 250 5497; x_wconf 87' lang='lat' dir='ltr'>nominet</span> <span class='ocrx_word' id='word_1_872' title='bbox 264 5447 424 5526; x_wconf 88' lang='lat' dir='ltr'>aliquande,</span> <span class='ocrx_word' id='word_1_873' title='bbox 441 5469 473 5506; x_wconf 88' lang='lat' dir='ltr'>eo</span> <span class='ocrx_word' id='word_1_874' title='bbox 495 5458 567 5525; x_wconf 86' lang='lat' dir='ltr'>quod</span> <span class='ocrx_word' id='word_1_875' title='bbox 587 5459 731 5518; x_wconf 88' lang='lat' dir='ltr'>incredula</span> <span class='ocrx_word' id='word_1_876' title='bbox 745 5465 875 5521; x_wconf 88' lang='lat' dir='ltr'>exstitisti</span> <span class='ocrx_word' id='word_1_877' title='bbox 890 5466 919 5520; x_wconf 92' lang='lat' dir='ltr'>in</span> <span class='ocrx_word' id='word_1_878' title='bbox 960 5466 1086 5536; x_wconf 88' lang='lat' dir='ltr'>implore,</span> <span class='ocrx_word' id='word_1_879' title='bbox 1103 5474 1134 5522; x_wconf 92' lang='lat' dir='ltr'>ut</span> <span class='ocrx_word' id='word_1_880' title='bbox 1148 5485 1181 5521; x_wconf 89' lang='lat' dir='ltr'>ea</span> <span class='ocrx_word' id='word_1_881' title='bbox 1194 5485 1255 5538; x_wconf 83' lang='lat' dir='ltr'>quae</span> <span class='ocrx_word' id='word_1_882' title='bbox 1272 5467 1330 5522; x_wconf 89' lang='lat' dir='ltr'>illic</span> <span class='ocrx_word' id='word_1_883' title='bbox 1346 5469 1450 5539; x_wconf 89' lang='lat' dir='ltr'>scripta</span> <span class='ocrx_word' id='word_1_884' title='bbox 1464 5475 1531 5523; x_wconf 91' lang='lat' dir='ltr'>sunt</span> <span class='ocrx_word' id='word_1_885' title='bbox 1544 5468 1679 5540; x_wconf 87' lang='lat' dir='ltr'>consequi</span> <span class='ocrx_word' id='word_1_886' title='bbox 1695 5485 1760 5557; x_wconf 84' lang='lat' dir='ltr'>pro·</span> 
     </span>
     <span class='ocr_line' id='line_1_60' title="bbox 125 5532 1760 5628; baseline 0.016 -43"><span class='ocrx_word' id='word_1_887' title='bbox 125 5532 264 5601; x_wconf 82' lang='lat' dir='ltr'>mandatis</span> <span class='ocrx_word' id='word_1_888' title='bbox 275 5535 366 5593; x_wconf 88' lang='lat' dir='ltr'>Patris</span> <span class='ocrx_word' id='word_1_889' title='bbox 377 5538 473 5610; x_wconf 85' lang='lat' dir='ltr'>ipsius.</span> <span class='ocrx_word' id='word_1_890' title='bbox 485 5544 520 5598; x_wconf 82' lang='lat' dir='ltr'>lit</span> <span class='ocrx_word' id='word_1_891' title='bbox 530 5551 621 5602; x_wconf 85' lang='lat' dir='ltr'>mater</span> <span class='ocrx_word' id='word_1_892' title='bbox 630 5567 635 5601; x_wconf 92' lang='lat'>:</span> <span class='ocrx_word' id='word_1_893' title='bbox 644 5550 721 5616; x_wconf 89' lang='lat' dir='ltr'>Eece,</span> <span class='ocrx_word' id='word_1_894' title='bbox 733 5553 833 5627; x_wconf 89' lang='lat' dir='ltr'>inquit,</span> <span class='ocrx_word' id='word_1_895' title='bbox 840 5561 920 5627; x_wconf 90' lang='lat' dir='ltr'>pater</span> <span class='ocrx_word' id='word_1_896' title='bbox 961 5556 1105 5610; x_wconf 84' lang='lat' dir='ltr'>merearis.</span> <span class='ocrx_word' id='word_1_897' title='bbox 1122 5556 1212 5627; x_wconf 85' lang='lat' dir='ltr'>Igitur</span> <span class='ocrx_word' id='word_1_898' title='bbox 1229 5557 1386 5628; x_wconf 82' lang='lat' dir='ltr'>portionem</span> <span class='ocrx_word' id='word_1_899' title='bbox 1403 5557 1472 5612; x_wconf 92' lang='lat' dir='ltr'>mihi</span> <span class='ocrx_word' id='word_1_900' title='bbox 1488 5558 1522 5617; x_wconf 86' lang='lat' dir='ltr'>de</span> <span class='ocrx_word' id='word_1_901' title='bbox 1536 5563 1586 5615; x_wconf 88' lang='lat' dir='ltr'>tua</span> <span class='ocrx_word' id='word_1_902' title='bbox 1600 5557 1760 5627; x_wconf 79' lang='lat' dir='ltr'>substantia</span> 
     </span>
    </p>
   </div>
   <div class='ocr_carea' id='block_1_3' title="bbox 0 0 1914 6119">
    <p class='ocr_par' dir='ltr' id='par_1_3' title="bbox 0 0 1914 6119">
     <span class='ocr_line' id='line_1_61' title="bbox 0 0 1914 6119; baseline 0 0"><span class='ocrx_word' id='word_1_903' title='bbox 0 0 1914 6119; x_wconf 95' lang='lat' dir='ltr'> </span> 
     </span>
    </p>
   </div>
  </div>
 </body>
</html>
