3832 6120
131 329 169 390 573
481 317 567 375 VITA
586 314 737 374 SANC'I'AE
754 310 881 373 MARIAE
898 304 1135 373 AEGYPTIAOAE,
1155 303 1381 362 aaaarnlcls.
1702 304 1754 366 orl

130 452 250 528 indicium,
276 448 325 523 qni
353 444 502 502 adomino
525 444 665 499 talentum
687 441 836 515 accipiens,
853 436 961 493 fodiens
984 433 1014 495 in
1037 437 1143 488 terram
1162 430 1316 497 abscondit,
1342 436 1370 486 et
1386 431 1483 486 datum
1505 431 1542 486 ad
1560 433 1751 504 operationem

132 542 207 602 celant
221 546 299 595 ema
312 536 533 609 negotiationem
553 534 663 604 (notra.
681 534 753 602 xxv),
771 545 878 585 sacram
900 526 934 580 ad
951 541 995 579 nae
1010 524 1148 595 prolatam
1167 522 1360 578 narrationem
1381 538 1560 595 nequaquam
1576 522 1673 578 silebo.
1697 524 1752 578 Sed

133 633 204 689 nullus
220 629 288 683 mihi
298 628 336 683 sit
349 625 510 681 incredulus
526 622 659 678 scribenti
674 623 708 677 de
722 622 762 675 eis
777 637 838 691 quae
854 615 956 680 audivi,
971 629 1023 668 nec
1044 613 1191 684 quisquam
1208 629 1256 672 me⁴
1267 612 1381 668 mentiri
1393 612 1520 680 aestimet,
1538 614 1572 667 de
1587 613 1627 668 rei
1643 615 1753 685 magni·

134 721 207 778 tudine
219 717 359 773 dubitans.
373 714 441 770 Mihi
462 713 540 768 enim
555 710 631 767 absit
644 711 731 766 sacris
747 706 859 764 mentiri
874 703 968 771 rebus,
981 707 1009 757 et
1024 703 1177 757 adulterari
1190 702 1316 767 verbum,
1332 701 1380 756 ubi
1395 702 1469 757 Deus
1484 710 1668 758 memoratur.
1685 704 1752 774 Ejus

135 814 214 873 autem,
224 808 270 879 qui
287 805 407 861 minima
424 802 566 873 intelligit,
580 808 610 857 et
628 800 770 872 indignius
785 799 820 853 de
834 796 885 854 Dei
901 791 1105 863 magnitudine,
1121 791 1169 863 qui
1184 808 1297 846 carnem
1312 793 1476 862 assumpsit,
1492 797 1521 846 et
1535 793 1696 848 incredulus
1711 799 1753 849 cst

136 897 287 963 istadicenti,
304 912 361 951 non
376 894 446 949 mihi
462 889 614 964 pertinebit
627 890 791 961 periculum.
809 888 838 942 Si
854 886 903 957 qui
917 888 1012 936 autern
1032 880 1072 935 illi
1094 887 1161 935 sunt
1174 881 1221 951 qui
1238 881 1322 951 hujus
1342 880 1487 951 scripturae
1500 881 1621 952 legerint
1634 887 1751 950 textum,

138 988 313 1061 gloriosamque
330 984 372 1038 rei
386 981 602 1039 admirationem
617 996 684 1034 sanc
699 979 813 1032 credere
827 976 982 1039 renuerint,
1006 980 1034 1031 et
1051 971 1105 1026 illis
1124 972 1260 1027 Dominus
1285 972 1462 1039 misereatur,
1482 972 1621 1045 faciatque
1637 992 1753 1047 capaces

137 1077 201 1132 sancb'
211 1075 293 1141 verbi,
308 1091 343 1128 ne
358 1073 400 1127 rei
421 1071 543 1126 existant
557 1069 607 1124 Dei
623 1067 835 1132 miraculorum,
854 1082 915 1136 quae
933 1065 1014 1136 plura
1028 1063 1057 1118 in
1073 1061 1131 1117 suis
1147 1062 1208 1116 fieri
1223 1061 1431 1133 pradestinavit
1446 1061 1560 1116 electis:
1577 1065 1709 1135 quoniam
1726 1072 1755 1121 et

138 1166 175 1238 ipsi
181 1166 300 1219 humanae
315 1168 424 1217 naturae
438 1159 552 1213 inlirma
567 1157 784 1222 considerantes,
799 1153 983 1226 impossibilia
998 1153 1155 1208 decernunt
1169 1168 1202 1205 ea
1219 1168 1281 1222 quae
1296 1152 1331 1205 de
1343 1150 1506 1207 hominibus
1521 1152 1623 1207 sanctis
1632 1154 1755 1224 gloriosa

140 1254 411 1310 dimatandssumam
429 1249 577 1304 decaetero
592 1246 793 1309 narrationem,
812 1244 902 1315 ipsam
927 1260 987 1298 rem
1007 1242 1140 1302 referens,
1163 1258 1224 1313 quas
1239 1241 1269 1296 in
1284 1241 1336 1295 hac
1359 1247 1456 1297 nostra
1477 1242 1659 1312 generatione
1683 1243 1757 1301 facta

139 1343 290 1415 dignoscitur,
307 1357 392 1413 quam
406 1355 485 1393 sacer
508 1336 560 1402 vir,
576 1335 670 1390 divina
692 1340 721 1389 et
737 1351 820 1405 agere
842 1338 870 1387 et
890 1333 990 1387 docere
1014 1332 1158 1398 educatus,
1178 1331 1312 1386 narravit.
1335 1330 1390 1386 Sed
1412 1335 1444 1386 ut
1467 1332 1680 1403 supradictum
1703 1340 1754 1402 cst,

140 1431 206 1488 nulus
218 1432 275 1487 haec
289 1430 325 1486 ad
339 1427 564 1485 incredulitatem
574 1425 679 1491 hahet,
695 1424 875 1478 considerans
890 1421 1062 1494 impossibile
1077 1422 1138 1476 fieri
1154 1421 1182 1475 in
1199 1420 1251 1475 hnc
1264 1425 1362 1475 nostra
1376 1420 1559 1492 generatione
1574 1426 1633 1476 tam
1648 1423 1756 1492 grande

138 1523 286 1590 amentum,
303 1520 370 1593 quia
388 1518 482 1590 gratia
497 1516 549 1572 Dei
563 1533 614 1587 per
628 1530 725 1569 omnes
740 1511 938 1584 generationes
950 1511 979 1565 in
994 1516 1106 1566 sanctas
1124 1510 1316 1584 pertransiens
1331 1510 1448 1578 animas,
1466 1510 1570 1566 amicos
1583 1511 1634 1565 Dei
1647 1511 1714 1567 lacit
1728 1518 1757 1568 et

136 1614 267 1687 propbetas,
282 1607 522 1684 quemadmodum
533 1606 666 1662 Salomon
679 1603 834 1659 secundum
844 1603 935 1657 Deum
945 1600 1055 1656 edocuit
1068 1599 1141 1672 (Sap.
1156 1607 1213 1670 vn).
1226 1601 1348 1672 Tempus
1356 1617 1478 1673 namque
1489 1606 1625 1656 estsaerae
1636 1601 1755 1672 prodere

135 1702 278 1759 narrationis
296 1699 420 1766 initium,
436 1712 573 1769 magnum
586 1694 722 1767 virileque
741 1697 886 1748 certarnen
899 1691 1068 1748 venerabilis
1083 1691 1179 1747 Mariae
1194 1691 1367 1765 AEgyptiacae
1382 1691 1512 1748 videlicet
1527 1692 1648 1766 qualiter
1660 1692 1756 1764 exple·

133 1792 187 1849 vait
195 1799 319 1866 tempora
340 1789 404 1844 vitae
419 1804 486 1844 sua.

791 2043 1080 2180 VITA.

162 2240 368 2300 decurramus.
376 2241 624 2298 -Inmonasterio
635 2238 850 2294 Palestinorum
861 2235 946 2294 luith
958 2238 990 2289 ut
998 2235 1039 2290 ita
1046 2235 1147 2304 dicam,
1159 2237 1375 2294 maternisulnis
1385 2239 1414 2294 in
1424 2238 1578 2296 hocseesse
1586 2241 1757 2299 monasterio

129 2333 232 2389 virvitae
242 2332 367 2388 moribus
377 2338 406 2386 et
420 2330 504 2386 verbo
511 2337 636 2397 ornatus,
649 2329 696 2401 qui
707 2328 742 2383 ab
753 2328 820 2399 ipsis
833 2344 916 2382 cuna·
957 2326 1103 2394 traditum,
1121 2332 1150 2382 ct
1171 2344 1260 2399 usque
1283 2329 1319 2383 ad
1346 2329 1611 2401 quinquagesimum
1640 2331 1757 2388 tertium

130 2420 200 2489 bulis,
212 2421 383 2478 monachicis
398 2427 441 2477 est
464 2420 572 2476 actibus
586 2420 736 2492 diligenter
750 2418 913 2480 instructus,
958 2432 1064 2471 annum
1077 2416 1106 2472 in
1121 2433 1153 2472 co
1170 2434 1283 2473 cursum
1297 2419 1492 2474 monachicum
1514 2421 1666 2493 peregisse.
1691 2421 1758 2477 Post

132 2510 414 2568 eteonversationibus
427 2511 563 2566 veraciter
578 2510 722 2575 educatus,
738 2507 849 2562 nomine
864 2507 914 2561 Zo-
958 2507 1017 2562 hac
1032 2512 1125 2562 autern
1141 2508 1269 2580 pulsatus
1279 2513 1322 2562 est
1332 2508 1523 2581 aquibusdam
1530 2510 1757 2582 cogitationibus,

136 2598 203 2655 duas
217 2600 263 2671 (a).
280 2601 316 2655 Et
329 2600 424 2656 nullus
445 2616 496 2655 nos
519 2599 640 2654 aestimct
658 2598 750 2653 dicere
777 2597 916 2653 Zosimam
959 2597 1039 2668 quasi
1050 2598 1111 2668 jam
1125 2597 1154 2651 in
1169 2597 1297 2652 omnibus
1313 2603 1386 2652 esset
1398 2597 1547 2671 perlectus,
1564 2600 1681 2655 alterius
1702 2618 1759 2656 non

137 2687 236 2746 illumin
250 2689 457 2762 predicationis
472 2705 596 2744 erronea
610 2688 787 2760 dogmatibus
803 2703 916 2742 accusa·
958 2686 1087 2758 indigens
1102 2687 1131 2740 in
1143 2686 1200 2742 ullo
1213 2687 1350 2743 doctrina.
1362 2688 1429 2742 Haec
1442 2693 1548 2757 autem,
1557 2693 1589 2744 ut
1599 2689 1717 2758 dicebat,
1730 2691 1759 2745 in

139 2783 271 2835 tunsectae
286 2779 421 2835 alterius:
438 2778 510 2834 alius
522 2778 597 2833 enirn
617 2777 671 2845 hic,
688 2783 717 2833 et
731 2777 803 2832 alius
816 2777 873 2844 ille,
890 2781 918 2831 et
958 2767 1162 2847 se'cogitabat:
1180 2776 1314 2848 Nunquid
1330 2777 1415 2831 estin
1431 2779 1515 2833 terris
1531 2778 1694 2847 monachus,
1711 2780 1760 2851 qui

142 2867 209 2924 multa
222 2870 296 2924 inter
309 2873 445 2940 utrosque
457 2867 599 2934 distantia,
616 2867 682 2922 lieet
695 2883 784 2923 unum
799 2872 917 2938 uterque
959 2882 1061 2921 novum
1073 2866 1179 2938 aliquid
1190 2866 1278 2938 possit
1288 2866 1400 2921 tradere
1410 2866 1489 2934 mihi,
1499 2868 1599 2938 juvare
1611 2885 1657 2922 me
1665 2868 1760 2924 valens

144 2957 212 3012 ortu
225 2958 282 3014 sint
294 2957 421 3013 vocabuli
437 2974 549 3013 nomen.
567 2957 619 3012 Hic
634 2957 729 3029 itaque
745 2956 867 3010 Zosimas
882 2955 917 3010 ab
959 2954 988 3009 in
1004 2955 1097 3027 aliquo
1113 2954 1187 3027 quod
1199 2955 1478 3028 ignorem,autquod
1489 2972 1541 3026 ego
1551 2957 1580 3011 in
1595 2957 1758 3013 monachico

146 3041 204 3101 initio
210 3047 238 3102 iu
249 3065 304 3103 uno
315 3046 529 3102 Palestinorum
540 3052 718 3102 conversatus
729 3052 771 3101 cst
779 3051 918 3101 monaste·
959 3060 1015 3098 uon
1030 3044 1197 3116 expleverim
1206 3045 1306 3115 opere?
1316 3046 1341 3100 N
1343 3045 1450 3116 unquid
1460 3045 1760 3118 invenitureorumqui

148 3132 323 3201 macunen
330 3137 521 3209 pertransiens
530 3136 720 3191 monachicam
730 3136 916 3208 disciplinam,
959 3133 1141 3189 solitudinem
1152 3134 1295 3190 duxerunt
1306 3135 1350 3187 vir
1362 3134 1410 3206 qui
1425 3134 1587 3206 priormein
1595 3134 1703 3190 actibus
1710 3134 1760 3189 sit?

149 3220 338 3282 habetinentiae
352 3243 436 3298 opere
452 3226 577 3282 omniurn
589 3226 680 3281 lactus
691 3231 734 3280 est
752 3225 916 3298 probatissi-
959 3225 1024 3281 llaec
1034 3231 1063 3280 et
1075 3225 1119 3279 his
1127 3229 1222 3291 888
1234 3224 1377 3279 similiaco
1387 3223 1760 3297 cogitante,astititquidam

150 3325 198 3368 nus.
211 3315 299 3372 Omne
316 3316 392 3371 enim
407 3321 576 3388 praeceptum
591 3314 643 3370 sibi
658 3314 793 3369 traditum
802 3315 917 3370 canonis
959 3319 987 3369 et
1000 3313 1071 3368 dixit
1085 3314 1110 3368 ei
1128 3314 1302 3381 :OZosima,
1318 3313 1389 3368 bene
1404 3313 1528 3386 quidem,
1544 3321 1572 3369 et
1587 3314 1659 3369 sicut
1673 3314 1761 3386 possi-

150 3398 214 3458 vbhis
227 3407 273 3477 qui
283 3405 320 3460 ab
334 3403 570 3460 iulantiaeducati
583 3410 659 3470 sunt,
670 3405 773 3458 luctam
788 3403 918 3476 perlectae
958 3403 1014 3458 bilc
1028 3403 1082 3458 init
1096 3404 1212 3471 homini,
1229 3403 1389 3470 decertasti,
1405 3403 1477 3459 bene
1490 3421 1604 3460 cursum
1619 3403 1761 3459 monachi·

151 3487 272 3565 discipline
287 3494 459 3550 monachicae
475 3493 756 3567 irreprehensibiliter
770 3510 917 3548 conserva·
960 3509 1024 3547 cum
1043 3493 1254 3548 consummasti.
1271 3492 1377 3546 'lamen
1391 3492 1486 3547 nullus
1500 3497 1543 3547 cst
1554 3492 1584 3547 in
1598 3491 1760 3548 hominihus

151 3573 188 3635 ta.
199 3584 282 3640 llnlta
295 3584 381 3640 etiarn
394 3589 423 3639 et
436 3584 497 3655 ipse
508 3582 560 3637 sibi
570 3582 705 3655 adjiciens
714 3583 950 3658 superaddidit,13
962 3582 1010 3655 qui
1024 3599 1054 3637 se
1068 3582 1222 3655 perlectum
1233 3582 1483 3638 essedemonstret.
1496 3582 1587 3653 Major
1596 3581 1671 3636 enirn
1684 3582 1762 3636 lucta

95 3661 97 3736 ζ
151 3670 235 3742 cupiens
249 3689 365 3728 carnem
377 3673 490 3746 spiritui
498 3672 658 3744 subJugare.
672 3672 697 3726 N
699 3688 729 3726 cc
740 3672 815 3727 enim
828 3672 857 3726 in
870 3672 920 3727 ali·
961 3671 1231 3745 praescnsquamilla
1245 3689 1306 3744 quae
1321 3670 1467 3743 praeteriit,
1479 3671 1545 3727 licet
1555 3676 1587 3725 tu
1597 3670 1713 3725 nescias.
1725 3671 1763 3726 Ut

151 3761 556 3834 uomenltssecomprobamr.
574 3763 618 3817 lta
628 3761 703 3816 enirn
711 3760 764 3816 luit
774 3761 803 3816 in
813 3762 920 3817 cunctis
962 3766 1056 3818 autern
1070 3778 1222 3834 cognoscas
1236 3767 1348 3833 quantae
1369 3762 1426 3816 sint
1447 3766 1475 3816 et
1496 3761 1558 3816 aliae
1576 3761 1626 3815 viae
1651 3760 1761 3827 salutis,

151 3848 259 3916 ltffedus
269 3851 440 3908 monachicis
451 3851 569 3918 actibus,
578 3856 610 3907 ut
618 3851 760 3906 multoties
770 3851 851 3907 multi
859 3868 921 3906 mo·
962 3853 1095 3924 egredere
1109 3851 1144 3906 dc
1154 3857 1230 3907 terra
1245 3856 1273 3906 et
1287 3851 1322 3905 de
1336 3850 1503 3922 cognatione
1517 3856 1576 3916 tua,
1593 3850 1665 3905 etde
1680 3850 1763 3904 domo

151 3937 209 3995 nobi
220 3941 254 3997 de
268 3940 395 4015 praedicti
407 3941 461 3996 loci
475 3941 653 3996 monasteriis
668 3945 697 3995 et
710 3940 744 3995 de
760 3941 920 4013 longinquis
963 3942 1051 4015 patris
1063 3941 1114 4009 tui,
1131 3948 1162 3996 ut
1176 3941 1319 3996 Abraham
1339 3941 1386 3995 ille
1402 3941 1625 4012 patriarcharum
1646 3938 1763 3994 eximius

151 4027 248 4095 tutibus
259 4031 296 4086 ad
311 4047 377 4086 eum
393 4031 577 4096 conduentes,
595 4031 656 4101 ejus
680 4031 813 4103 exemplis
837 4036 921 4102 atque
965 4032 1037 4102 [Gen.
1054 4036 1115 4098 xuj,
1132 4036 1161 4085 et
1175 4031 1236 4086 veni
1250 4030 1285 4084 ad
1300 4031 1503 4086 monasterinm
1519 4029 1593 4103 quod
1604 4031 1686 4100 juxta
1700 4029 1763 4084 Jor-

151 4110 296 4176 loelu'nisse
310 4119 545 4191 constringerent,
563 4120 637 4176 etad
651 4120 726 4174 illius
735 4120 921 4175 imitationem
964 4121 1066 4176 danem
1080 4120 1190 4192 adjacet
1207 4120 1321 4174 llumen.

152 4201 300 4266 &incubas
315 4226 345 4264 se
360 4209 450 4264 multo
465 4209 555 4280 magis
567 4208 760 4281 subjugarent.
1000 4210 1065 4264 Car.
1078 4209 1128 4264 ΙΙΙ.
1140 4237 1168 4246 -
1181 4209 1244 4264 Mox
1257 4208 1343 4278 igitur
1354 4213 1466 4263 secutus
1477 4208 1626 4274 dicentem,
1634 4222 1764 4277 egressus

174 4294 226 4352 liar.
242 4299 278 4354 ll.
295 4324 327 4335 -
339 4298 405 4353 tlaec
416 4297 511 4369 itaque
521 4299 617 4352 omnia
630 4299 660 4353 in
670 4316 699 4353 se
712 4297 827 4368 habens,
841 4316 925 4354 ame·
965 4298 1000 4353 de
1015 4296 1195 4364 monasterie,
1208 4298 1238 4351 in
1254 4312 1309 4367 quo
1322 4295 1357 4350 ab
1371 4296 1490 4350 infantia
1506 4302 1686 4351 conversatus
1710 4300 1762 4365 est,

152 4377 261 4442 mne
282 4387 355 4442 sacri
379 4386 483 4458 eloquii
505 4404 651 4459 nunquam
671 4387 806 4455 discessit,
825 4389 874 4444 scd
896 4388 925 4443 in
966 4393 993 4442 ct
1008 4387 1173 4459 perveniens
1183 4385 1218 4440 ad
1233 4384 1394 4452 lordanem,
1409 4384 1526 4440 lluvium
1547 4385 1674 4440 omnium
1697 4401 1765 4440 san·

152 4473 438 4547 manuquiescens,
447 4475 503 4530 sive
511 4493 640 4548 surgens,
650 4482 818 4549 autoperam
826 4484 925 4533 tenens
966 4477 1092 4543 ctiorem,
1109 4475 1241 4547 dirigitur
1250 4474 1285 4529 ab
1294 4492 1327 4531 eo
1338 4475 1386 4547 qui
1394 4473 1574 4530 vocavitcum
1582 4474 1612 4529 in
1622 4479 1764 4529 monaste-

152 4563 264 4634 unibus,
279 4565 324 4620 vel
338 4564 440 4632 cibum,
454 4565 478 4620 si
492 4565 674 4621 conveniebat
684 4575 715 4622 ut
729 4573 861 4634 sumeret,
879 4567 926 4621 bo·
967 4566 1040 4622 rium
1054 4567 1083 4621 in
1097 4565 1171 4637 quod
1186 4565 1265 4619 illum
1284 4565 1361 4620 Deus
1374 4564 1469 4620 venire
1482 4564 1624 4637 pracepit.
1645 4562 1765 4618 Pulsans

152 4660 208 4722 van,
215 4671 269 4729 quo
278 4655 327 4710 ille
337 4655 577 4723 uticonsueverat,
589 4656 772 4727 spiritualiter
782 4656 923 4726 utebatur,
967 4655 1054 4728 igitur
1068 4654 1232 4709 monasterii
1246 4655 1374 4726 januam,
1391 4653 1517 4727 loquitur
1531 4652 1609 4726 prius
1628 4653 1765 4709 monacho

152 4750 216 4799 hum
225 4761 296 4817 opus
304 4743 427 4799 habebat
436 4743 585 4800 intacitum
595 4750 624 4799 et
632 4762 775 4818 nunquam
783 4747 924 4815 deficiens,
968 4745 1016 4818 qui
1027 4746 1145 4817 januam
1153 4743 1326 4811 observabat,
1340 4744 1424 4799 etille
1438 4741 1578 4798 nuntiavit
1589 4741 1765 4798 enmabbati.

151 4831 245 4898 habere
254 4834 419 4906 frequenter
429 4838 457 4890 et
466 4834 679 4889 meditationem
689 4836 780 4891 lacere
790 4836 862 4892 sacri
872 4837 927 4891 elo·
968 4834 1022 4900 Qui
1037 4834 1190 4906 suspiciens
1204 4850 1279 4901 eum,
1289 4832 1444 4906 habituque
1454 4839 1482 4887 ct
1492 4831 1584 4904 specie
1603 4832 1766 4903 religiosum

150 4920 199 4990 tili.
210 4923 348 4980 llultoties
357 4923 433 4979 enim
445 4930 575 4979 asserunt
584 4925 651 4996 quia
659 4930 687 4979 et
696 4925 794 4980 divinae
805 4926 927 4981 illustra·
937 4918 1150 4996 Gconspiciens,
1162 4929 1313 4996 postquam
1325 4923 1493 4994 llexitgenu,
1506 4927 1537 4977 ut
1547 4937 1609 4977 mos
1618 4928 1661 4977 est
1671 4938 1768 4978 mona·

150 5006 215 5068 lionis
226 5014 329 5086 dignus
344 5013 468 5081 allectus,
486 5031 503 5069 a
524 5015 582 5070 Deo
597 5014 650 5070 sibi
670 5015 789 5071 visiones
809 5022 926 5073 ostensa
968 5015 1036 5081 chis,
1053 5020 1167 5086 accepta
1182 5014 1318 5080 oratione,
1334 5012 1459 5067 hoceum
1470 5012 1670 5084 interrogavit:
1687 5012 1768 5068 Unde

146 5105 205 5168 luit,
217 5107 245 5157 et
258 5102 364 5158 mirum
379 5118 436 5157 non
451 5108 493 5157 est
503 5120 554 5158 nec
563 5103 735 5159 incredibile.
752 5105 782 5160 Si
796 5104 881 5173 enirn,
897 5110 928 5160 ut
967 5105 1064 5171 frater,
1081 5103 1240 5158 advenisti?
1257 5107 1381 5174 etqnam
1395 5101 1504 5158 obrem
1519 5102 1593 5174 apud
1607 5102 1729 5157 humiles
1739 5107 1769 5158 te

145 5183 322 5259 titllominus,
333 5190 409 5246 beati
420 5191 765 5266 mundocorde,quoniam
774 5193 828 5265 ipsi
837 5194 927 5249 Deum
968 5193 1136 5265 conjunxisti
1149 5191 1324 5247 monachos?
1338 5191 1461 5246 Zosimas
1484 5196 1579 5246 autern
1603 5191 1765 5264 respondit:

144 5274 257 5335 videbam
273 5281 379 5349 (Mettis.
395 5283 442 5350 v);
463 5285 568 5353 quanta
579 5283 669 5354 magis
681 5283 818 5354 quisnam
832 5284 928 5354 puriti-
968 5283 1047 5341 Unde
1061 5282 1173 5354 quidem
1192 5281 1265 5347 veni,
1283 5297 1338 5336 non
1360 5285 1429 5354 puto
1444 5280 1634 5336 necessarium
1656 5281 1766 5348 dicere;

140 5368 249 5425 marim
262 5386 389 5437 caruem,
406 5370 492 5426 sobrii
506 5386 626 5443 semper,
636 5372 851 5445 animorumque
866 5391 928 5445 pcr—
968 5372 1160 5429 aedificationis
1174 5376 1268 5426 autem
1279 5369 1380 5442 gratia,
1389 5368 1484 5438 Pater,
1496 5371 1606 5426 adveni.
1621 5370 1722 5425 Audivi
1733 5366 1768 5422 de

138 5454 233 5532 dgiles,
265 5461 362 5516 oculos
389 5461 489 5517 divinas
522 5462 696 5535 prospiciunt
720 5462 924 5530 illustrationis,
968 5463 1046 5519 vobis
1066 5461 1207 5532 magnalia
1221 5459 1769 5534 etlaudedigna‚etposseDeoanimam

131 5546 241 5606 naonis
254 5547 392 5605 indicium
405 5536 472 5604 hinc
490 5556 654 5623 praeparatae
673 5551 774 5606 suturae
793 5551 928 5609 bonitatis
969 5552 1078 5609 sociari.
1096 5551 1171 5606 Dixit
1185 5556 1282 5605 autem
1297 5549 1434 5606 ciabbas:
1450 5551 1535 5619 Deus,
1550 5549 1645 5614 irater,
1660 5546 1708 5620 qni
1721 5562 1768 5600 so-

131 5637 316 5713 ulpicum?
329 5637 551 5699 Dicebatautem
562 5641 622 5714 ipse
641 5643 776 5714 Zosimas,
797 5642 833 5699 ab
848 5644 926 5717 ipsis,
969 5634 1013 5702 lus
1026 5645 1109 5700 sanat
1122 5641 1223 5698 anima
1239 5640 1444 5710 infirmitatem,
1455 5639 1516 5712 ipse
1527 5645 1556 5695 te
1569 5642 1598 5694 at
1609 5652 1660 5693 nos
1670 5634 1770 5700 doceat
