3832 6120
131 261 181 320 545
334 263 421 320 VITA
438 259 658 319 SANOI'ORUM
675 251 848 317 naaman
866 260 1035 318 EREMITAE
1053 262 1098 318 ΒΓ
1115 261 1298 318 Josapuau
1316 262 1429 320 INDlAE
1445 265 1564 323 REGIS.
1715 269 1770 326 546

130 396 188 456 tur,
204 404 422 460 rerumaprava
431 388 634 443 cousuetudine
644 394 729 459 atque
743 406 761 443 a
774 388 882 443 vitiosis
889 388 1015 449 af-Asit.
1032 390 1102 443 Cum
1113 389 1201 460 igitur
1216 406 1263 444 rer
1275 391 1303 444 in
1319 391 1376 446 alto
1391 398 1475 464 atque
1489 394 1565 450 edito
1584 396 1655 451 solio
1671 414 1769 453 conse·

129 479 306 544 sectionibus,
330 495 450 550 quarum
474 478 603 533 habitum
624 484 810 544 contraxerat,
828 484 931 549 atquae
973 478 1068 544 disset,
1083 479 1172 533 silium
1182 496 1239 533 uua
1249 480 1346 534 sedere
1358 483 1453 551 jussit.
1469 484 1506 537 nt
1516 484 1561 538 ille
1572 502 1623 556 pro
1638 503 1689 541 suo
1704 504 1771 559 erga

130 585 193 623 eum
213 569 290 623 velut
304 584 384 622 camo
402 574 431 622 et
446 568 524 622 freno
542 567 716 635 coercebant,
732 585 784 622 nee
807 568 932 622 veritatis
973 572 1081 638 patrem
1091 569 1196 622 bonore
1211 586 1243 623 ac
1257 571 1415 624 reverentia
1429 571 1456 624 id
1469 572 1558 628 faeere
1573 576 1770 639 recusavit,at-

130 659 224 712 lumen
235 658 394 728 perspicere
406 654 542 722 sinebant,
555 657 585 711 in
599 657 740 712 diversum
755 657 929 712 trahebatur.
974 673 1027 728 que
1037 657 1066 710 in
1079 661 1156 711 terra
1167 674 1223 712 nou
1239 658 1320 728 longe
1334 658 1410 712 abeo
1425 660 1505 714 sedit.
1514 663 1673 718 Astiterunt
1682 665 1770 735 igitur

131 749 167 802 Ac
179 753 332 818 propterea
346 746 454 800 nullum
470 762 526 799 nou
535 745 666 816 lapidem,
678 746 773 800 utdici
785 747 864 811 solet,
874 762 932 799 mo-
972 745 1024 799 viri
1044 745 1187 800 infatuatae
1202 763 1218 799 a
1235 747 1293 800 Deo
1316 747 1459 817 sapientiae
1474 751 1567 820 periti,
1588 769 1717 822 quorum,
1737 760 1770 808 ut

132 853 205 899 reus,
223 836 254 889 in
268 852 302 889 eo
324 835 397 907 quod
419 834 497 906 prius
515 834 569 888 sibi
589 841 774 906 proposuerat
795 835 928 899 baerebat,
971 835 1097 906 Apostoli
1109 835 1198 889 verbis
1208 840 1282 895 utar,
1291 835 1426 906 insipiens
1440 854 1487 891 cor
1501 840 1604 894 erravit
1620 844 1645 907 (Ι
1659 843 1719 896 Cor.
1736 845 1767 911 1).

132 925 278 979 consilium
298 924 442 989 nimirum,
458 924 611 995 quodcum
635 925 744 978 Aracha
763 929 885 995 ceperat,
901 923 930 977 in
972 924 1107 978 Putantes
1121 924 1195 977 enim
1212 941 1241 978 se
1257 942 1317 979 esse
1327 926 1478 996 sapientes,
1494 929 1572 982 stulti
1583 928 1649 983 sacti
1660 937 1771 994 suntet

133 1032 200 1086 opus
211 1014 496 1085 perducerecupiens.
509 1014 650 1084 ltaquend
665 1013 754 1067 silium
769 1013 826 1067 ait:
844 1013 931 1084 Opor-
971 1019 1151 1067 mutarerunt
1172 1014 1292 1084 gloriam
1319 1014 1538 1086 incorruptibilis
1564 1018 1614 1071 Dei
1632 1019 1660 1072 in
1675 1020 1771 1074 simili-

133 1102 399 1174 lebatquidem,sili,
413 1108 442 1155 te
455 1101 525 1155 meis
533 1101 658 1172 imperiis
669 1102 798 1156 omnibus
806 1102 835 1156 in
847 1101 930 1155 rebus
971 1102 1098 1157 tudinem
1105 1102 1329 1173 corruptibilium
1338 1103 1494 1170 hominum,
1507 1110 1535 1159 et
1545 1106 1777 1179 quadrupedum,

133 1192 297 1263 simpliciter
309 1191 436 1263 obsequi.
447 1191 585 1255 Quoniam
594 1197 689 1246 autem
704 1209 754 1262 pro
768 1197 818 1245 tua
827 1192 932 1246 duritia
972 1197 1001 1245 et
1014 1191 1185 1262 serpentium
1196 1194 1281 1260 (dora.
1298 1193 1328 1257 η.
1345 1193 1389 1256 lli,
1406 1199 1438 1247 ut
1449 1210 1513 1247 cum
1523 1195 1597 1264 regis
1606 1196 1673 1262 filio,
1686 1204 1770 1268 atque

136 1287 216 1353 atque
238 1281 417 1335 contumacia
436 1281 506 1334 mibi
530 1280 570 1334 ita
591 1282 770 1335 vehementer
790 1281 929 1347 restitisti,
972 1279 1007 1334 iis
1018 1280 1067 1350 qui
1079 1279 1113 1332 ab
1126 1280 1214 1350 ipsius
1226 1280 1352 1351 partibus
1366 1281 1487 1346 stabant,
1502 1300 1659 1338 sermonem
1677 1302 1772 1341 conse·

136 1371 183 1426 boc
193 1388 280 1425 unum
292 1371 473 1435 contendens
484 1375 516 1423 ut
525 1369 720 1424 tuasententia
732 1370 846 1440 majoris
857 1370 931 1441 apud
972 1375 1075 1433 rerent,
1093 1369 1122 1422 in
1136 1386 1224 1423 unum
1233 1373 1528 1442 conveneruntlltque
1538 1372 1567 1425 in
1578 1373 1619 1426 eis
1629 1373 1698 1427 illud
1707 1375 1772 1428 ada·

137 1458 929 1531 tequamomniaaliaponderisatqueauctoritatisesset,
972 1457 1051 1528 giurn
1062 1458 1231 1529 implebatur
1247 1476 1253 1510 ε
1271 1459 1457 1529 Caprearum
1473 1461 1553 1515 leone
1570 1479 1693 1532 pugnam
1709 1463 1772 1518 iniit

138 1564 194 1619 age,
209 1548 288 1602 inani
310 1548 488 1602 contentione
511 1549 602 1601 valere
621 1549 710 1618 jussa,
727 1547 882 1602 rationibus
897 1549 931 1602 ad
972 1544 1039 1616 (ll).
1061 1547 1171 1601 Etenim
1193 1547 1252 1618 ipse
1275 1548 1451 1602 altissimum
1476 1556 1608 1619 posuerat
1630 1551 1771 1621 refugium

140 1637 360 1709 persuadendum
374 1637 448 1707 aptis
464 1653 589 1706 agamus.
612 1638 654 1690 lle
676 1636 743 1707 quia
758 1637 898 1702 Barlaam,
915 1654 932 1690 a
973 1652 1065 1701 suum,
1077 1641 1105 1689 et
1118 1635 1146 1689 in
1156 1635 1465 1707 alarumipsiusumbra
1474 1638 1605 1708 sperabat
1614 1639 1699 1707 (Psal.
1716 1648 1770 1709 xc).

140 1743 189 1797 quo
202 1726 253 1780 tibi
267 1726 347 1779 fucus
362 1725 451 1779 sactus
465 1730 517 1791 est,
535 1725 642 1779 rinctus
654 1743 672 1778 a
684 1741 729 1780 me
739 1731 860 1792 tenetur,
873 1743 962 1807 am-B
973 1725 1017 1778 llli
1031 1730 1125 1778 autem
1135 1725 1164 1778 in
1180 1725 1366 1795 liujussaeeuli
1379 1726 1550 1797 principibus
1565 1727 1613 1798 qui
1623 1729 1771 1784 destruun-

141 1814 257 1886 plissimo
272 1821 345 1868 coetu
361 1813 466 1879 habito,
484 1820 569 1885 atque
585 1814 716 1868 omnibus
742 1820 802 1868 tum
826 1815 931 1869 nostris
973 1819 1030 1879 tur,
1052 1830 1084 1867 ac
1112 1814 1209 1868 mundi
1233 1813 1359 1885 principe
1380 1815 1572 1882 tenebrarum,
1589 1817 1634 1870 cui
1649 1834 1679 1871 se
1694 1817 1768 1888 ipsos

143 1904 458 1958 tumGalilaeisinunum
467 1904 807 1975 coactispraeconibusque
818 1905 931 1959 disertis
973 1902 1074 1957 misere
1108 1902 1306 1973 subjecerunt,
1332 1904 1464 1957 fiduciam
1490 1921 1570 1959 suam
1599 1906 1771 1961 collocabant

145 1993 224 2048 verbis
238 1993 346 2047 edicere
354 1992 451 2062 jussis,
477 2009 512 2046 ne
537 1993 685 2063 quisquam
708 1993 931 2047 Christianorum
974 1993 1054 2061 (Prot.
1070 2007 1131 2059 urr;
1148 1993 1242 2060 prrs.
1259 1995 1306 2057 vr).

148 2080 218 2135 allius
231 2080 348 2152 periculi
362 2085 441 2133 metu
463 2079 611 2146 afficiatur,
628 2097 725 2134 verum
745 2097 842 2134 omnes
855 2081 932 2134 omni
1008 2081 1175 2135 Producitur
1183 2080 1278 2151 itaque
1288 2082 1408 2139 Nachor.
1426 2082 1699 2152 quillarlaamumse
1710 2101 1770 2140 esse

150 2175 214 2223 metu
228 2169 305 2223 vacui
329 2186 379 2240 per
402 2169 532 2222 sodalitia
552 2174 581 2222 et
599 2169 779 2239 cognationes
799 2170 827 2223 in
844 2185 932 2224 unum
974 2169 1133 2223 simulabat.
1149 2171 1188 2223 Ac
1203 2186 1251 2223 rex
1264 2170 1378 2240 quidem
1393 2172 1445 2224 hoc
1461 2172 1513 2225 sibi
1532 2173 1704 2243 propositum
1720 2175 1771 2228 ha·

153 2264 242 2324 meant,
251 2257 392 2312 communi
408 2257 524 2311 consilio
535 2274 594 2311 rem
609 2258 827 2312 consideremus.
840 2259 931 2329 Atque
973 2258 1069 2324 bebat;
1085 2275 1182 2313 verum
1194 2258 1305 2329 sapiens
1315 2259 1366 2312 Dei
1378 2259 1553 2330 providentia
1567 2261 1675 2315 coelitus
1689 2263 1766 2316 aliud

156 2351 243 2401 autres
257 2352 286 2401 et
300 2353 392 2401 vester
405 2347 545 2413 Barlaam,
567 2347 646 2401 nobis
661 2347 690 2401 iu
704 2347 872 2402 seutentiam
885 2365 932 2401 ve·
973 2347 1369 2402 administrabatnstantibus
1384 2347 1459 2401 enim
1473 2349 1517 2402 bis
1526 2349 1665 2415 omnibus,
1674 2367 1721 2404 rex
1735 2351 1770 2405 ad

157 2441 224 2490 stram
237 2436 375 2502 adductis,
392 2452 426 2490 ea
439 2453 502 2506 qum
524 2435 626 2507 optatis
646 2437 865 2508 consequimini,
883 2442 934 2491 aut
974 2442 1099 2491 oratores
1109 2442 1210 2490 suoset
1224 2436 1412 2508 philosophos,
1421 2438 1464 2490 vel
1477 2438 1571 2508 potius
1585 2438 1673 2509 plebis
1687 2441 1771 2493 sedu-

159 2531 236 2580 contra
254 2542 303 2579 vos
320 2525 350 2579 iu
370 2525 540 2579 sententiam
564 2530 689 2579 nostram
709 2526 833 2592 adducti,
846 2527 932 2596 jussis
974 2531 1066 2580 ctores
1080 2531 1108 2579 et
1121 2525 1311 2580 stolidocorde
1322 2525 1525 2597 praeditos,ait:
1539 2532 1632 2593 304
1643 2529 1684 2582 En
1694 2528 1773 2582 vobis

159 2614 212 2668 ueis
221 2621 318 2686 sponte
334 2632 365 2669 ac
381 2620 509 2686 prompto
522 2614 616 2670 anirno
631 2615 774 2686 parebitis.
975 2620 1128 2680 certamen,
1137 2619 1166 2669 et
1176 2614 1289 2686 quidem
1300 2615 1452 2669 maximum
1463 2615 1636 2687 propositum
1646 2619 1773 2671 est.Duo-

184 2703 297 2759 madens
311 2710 408 2758 autem
424 2720 520 2758 revera
530 2709 558 2757 et
568 2704 700 2758 cordatus
704 2704 814 2774 juvenis
829 2721 879 2775 per
893 2705 934 2758 ri·
976 2720 1038 2757 rum
1054 2703 1129 2757 enim
1144 2704 1263 2757 alterum
1284 2704 1361 2757 robis
1380 2704 1532 2773 continget,
1556 2721 1656 2776 nempe
1679 2712 1711 2760 ut
1730 2706 1773 2760 vel

161 2807 205 2846 suu
216 2792 284 2863 quod
294 2793 486 2864 divinitusipsi
498 2793 663 2863 contigerat,
676 2793 749 2864 regis
759 2793 881 2848 versutia
890 2810 934 2847 co·
975 2792 1102 2846 doctrina
1112 2798 1209 2846 nostra
1218 2792 1393 2856 confirmata,
1406 2793 1564 2864 errorisque
1574 2795 1699 2849 convicto
1707 2796 1773 2850 Bar-

160 2881 227 2950 guita,
240 2883 299 2937 ait:
315 2882 429 2936 Domini
439 2882 635 2947 voluntasfiat,
645 2882 736 2953 sitque
751 2883 934 2953 quemadmo·
974 2881 1218 2952 laamoipsiusque
1229 2881 1320 2947 soeiiS,
1337 2881 1488 2935 maximam
1508 2883 1626 2951 gloriam
1642 2889 1670 2937 et
1683 2884 1772 2938 hono-

160 2968 211 3023 dam
221 2971 407 3042 jussisti.lpse
422 2975 517 3025 autom
528 2970 618 3025 bonus
628 2971 702 3025 Deus
715 2988 747 3025 ae
756 2971 867 3026 divinus
882 2971 934 3026 hoc
974 2987 1034 3024 rem
1050 2976 1110 3024 tum
1121 2986 1139 3023 a
1152 2969 1232 3024 nobis
1242 2975 1303 3023 tum
1318 2987 1335 3023 a
1349 2976 1448 3024 senatu
1459 2972 1719 3041 consequamini,ao
1733 2973 1774 3026 ri-

161 3058 222 3113 nobis
233 3061 375 3127 concedat,
395 3077 431 3114 ne
446 3076 463 3114 a
478 3065 555 3114 recta
570 3060 615 3114 via
625 3058 803 3127 aberremus3
825 3078 890 3115 nam
904 3061 934 3115 in
945 3059 1106 3124 [letricibus
1117 3058 1227 3113 coronis
1241 3059 1396 3124 ornemini;
1421 3060 1463 3112 vel
1486 3058 1566 3113 fracti
1590 3061 1771 3131 comparati,

159 3147 205 3218 ipso
215 3150 323 3204 confidit
335 3149 431 3203 anima
451 3165 525 3215 mea,
546 3155 574 3203 et
598 3150 658 3220 ipse
672 3149 728 3203 mei
745 3150 933 3205 miserebitur.
976 3147 1122 3202 cumomni
1133 3147 1772 3220 ignominiagravissimammortemoppetatis,

161 3235 220 3291 lbnc
226 3239 307 3307 igitur
321 3255 380 3304 rex,
392 3254 489 3292 omnes
496 3243 556 3292 tarn
570 3237 711 3293 idolorum
722 3240 842 3294 cultores
852 3256 936 3309 quam
977 3243 1062 3309 atque
1076 3253 1173 3291 omnes
1188 3240 1288 3290 vestra!
1307 3236 1453 3290 facultates
1473 3237 1576 3308 populo
1594 3237 1773 3304 addicantur,

163 3323 936 3398 destianosinunumconvenirijubet,litterisnimirum
977 3344 1032 3398 quo
1047 3326 1185 3380 memoria
1195 3330 1288 3379 vestra
1303 3341 1417 3395 prorsus
1431 3331 1533 3379 eterra
1548 3325 1684 3380 deleatur.
1701 3327 1775 3380 Nam

163 3430 364 3485 quaquaversum
374 3415 477 3482 missis,
494 3433 526 3469 ac
539 3417 713 3488 praeconibus
721 3416 769 3488 qui
780 3434 830 3489 per
843 3418 938 3471 omnia
978 3422 1007 3471 et
1019 3432 1138 3487 corpora
1153 3420 1244 3469 vestm
1259 3413 1355 3468 bestiis
1369 3414 1527 3468 devoranda
1541 3413 1680 3484 objiciam,
1702 3420 1730 3469 et
1743 3415 1776 3469 li·

164 3503 243 3573 oppida
255 3506 471 3576 proclamarent,
492 3521 527 3558 ne
546 3505 608 3575 quis
625 3505 859 3572 Christianorum,
876 3512 938 3560 tan·
977 3505 1059 3559 beros
1071 3510 1175 3559 vestros
1192 3509 1327 3575 perpetua
1341 3503 1474 3558 servitute
1490 3502 1624 3557 multabo.

164 3605 228 3660 mam
238 3593 373 3664 inopinati
384 3593 490 3664 aliquid
500 3610 694 3664 perpessurus,
710 3594 740 3648 in
754 3601 831 3649 metu
845 3612 938 3650 versa·
1013 3595 1072 3648 llac
1086 3593 1212 3647 oratione
1227 3609 1244 3646 a
1258 3609 1324 3662 rege
1333 3591 1439 3658 habita,
1447 3591 1534 3661 ipsius
1545 3592 1619 3645 illius
1630 3592 1673 3646 bis
1684 3591 1775 3647 verbis

165 3686 235 3750 retru5
248 3700 344 3738 rerum
358 3699 456 3737 omnes
471 3700 523 3753 per
533 3683 663 3737 sodalitia
673 3689 703 3737 et
713 3685 893 3755 cognationes
907 3685 936 3739 in
977 3699 1045 3737 usus
1056 3688 1100 3737 est
1114 3702 1121 3736 ε
1136 3683 1254 3752 AEquam
1270 3680 1438 3734 sententiam
1461 3681 1596 3734 hodierno
1615 3680 1659 3735 die
1674 3681 1774 3748 tulisti,

166 3782 232 3824 unum
239 3771 353 3837 coirent,
366 3772 442 3842 quod
452 3771 578 3826 veritatis
592 3772 727 3838 studiosa,
737 3789 768 3826 ac
778 3790 834 3827 non
842 3778 938 3828 coacta
979 3788 1065 3838 orex,
1082 3788 1200 3842 eamque
1215 3770 1297 3824 velim
1307 3771 1551 3836 Deusconsrrmet3
1568 3775 1652 3840 atque
1668 3787 1775 3840 egaea·

166 3858 302 3914 alviolenta
317 3860 461 3931 inquisitio
481 3876 537 3914 una
562 3877 626 3914 cum
647 3878 744 3916 eorum
766 3863 938 3934 deceatque
979 3862 1042 3915 dem
1050 3859 1337 3931 magistromeodico.
1350 3859 1776 3930 conversusqueadNacborem,

166 3948 324 4019 antesignano
334 3949 584 4003 Barlaamofutura
595 3956 677 4004 esset.
686 3951 846 4023 Eodemque
855 3953 938 4007 modo
980 3951 1028 4021 qui
1042 3950 1171 4004 Barlaam
1182 3966 1243 4003 csse
1253 3948 1415 4020 putabatur,
1429 3949 1464 4001 ad
1479 3965 1543 4002 eum
1552 3948 1607 4002 ait:
1623 3950 1686 4003 Non
1698 3955 1726 4003 te
1737 3949 1778 4005 fu-

167 4032 280 4092 idolorum
293 4039 382 4093 etiam
401 4039 522 4093 cultores
549 4056 581 4093 ac
601 4040 770 4107 sacerdotes,
792 4041 938 4096 Chaldaeo·
980 4039 1031 4109 git,
1048 4039 1215 4103 oBarlaam,
1231 4038 1261 4091 in
1276 4054 1332 4108 qua
1346 4037 1436 4108 gloria
1447 4037 1603 4109 quibusque
1614 4038 1720 4091 deliciis
1731 4055 1777 4093 me

167 4129 438 4197 rumqueetludorum
449 4129 654 4201 sapientes,qui
669 4131 698 4184 in
711 4130 840 4185 universo
851 4131 938 4202 ipsius
978 4127 1127 4182 inveneris.
1142 4129 1184 4182 Tu
1198 4132 1295 4180 tamen
1309 4127 1457 4196 permultis
1471 4124 1647 4179 sermonibus
1666 4143 1712 4180 ma
1726 4127 1777 4180 ad·

168 4209 260 4283 imperio
273 4222 362 4281 erant,
382 4217 575 4288 quosdamque
589 4217 675 4272 etiam
690 4235 821 4289 augures,
830 4224 857 4272 et
866 4235 938 4289 prae·
979 4217 1082 4271 duxisti
1093 4222 1125 4270 ut
1136 4233 1154 4270 a
1167 4215 1267 4286 patriis
1278 4214 1387 4284 legibus
1397 4219 1426 4267 et
1435 4214 1571 4268 institutis
1586 4213 1776 4281 abscederem,

168 4298 310 4370 digmores,
323 4321 357 4359 ac
373 4308 450 4359 vates
465 4305 634 4372 convocarit,
655 4312 687 4361 ut
708 4307 841 4361 adversus
860 4307 938 4362 chri·
979 4311 1063 4376 atque
1077 4305 1205 4376 ignotum
1219 4304 1307 4358 Deum
1320 4303 1449 4359 colerem.
1462 4318 1628 4357 arcanorum
1644 4317 1778 4371 quorum-

169 4387 248 4446 dianoa
265 4393 409 4448 victoriam
424 4393 592 4448 obtinerent.
945 4383 1043 4449 Ddam
1054 4394 1221 4447 videlicetac
1236 4392 1472 4464 sempiternorum
1487 4390 1624 4445 bonorum
1639 4407 1688 4461 spa
1701 4406 1779 4445 men·

103 4479 106 4492 '
194 4476 220 4532 Εἰ
230 4481 338 4551 quidem
352 4483 451 4552 ingens
463 4483 497 4537 ad
509 4501 603 4554 regem
613 4485 786 4539 exsecrandae
799 4485 886 4556 ipsius
897 4501 939 4539 re-
979 4489 1035 4538 tem
1051 4499 1144 4536 meam
1154 4482 1189 4535 ad
1200 4480 1343 4552 sequenda
1354 4485 1403 4534 tua
1413 4481 1555 4552 dogmata,
1574 4485 1603 4534 et
1613 4478 1779 4534 exacerban-

169 4560 416 4634 ligionismultitudo
429 4573 564 4627 confluxit
579 4592 585 4626 :
607 4573 830 4628 Christianorum
844 4579 938 4628 autem
979 4573 1046 4627 dum
1062 4571 1151 4643 patris
1165 4571 1220 4624 mei
1236 4587 1267 4624 ac
1282 4570 1390 4624 domini
1400 4571 1524 4624 animum
1542 4586 1586 4623 me
1600 4569 1776 4639 pertrahens.

170 4665 223 4708 unus
235 4664 350 4721 tantum,
368 4660 518 4716 Baraehias
533 4663 657 4727 nomine,
672 4662 801 4717 iuventus
820 4667 872 4728 est,
891 4663 939 4733 qui
980 4660 1115 4726 Quocirca
1125 4659 1309 4726 itaexistima,
1321 4665 1432 4713 tenunc
1446 4658 1560 4712 velutin
1576 4657 1776 4712 trutinastara.

171 4738 686 4820 Beuum(mquidemexistimabatur)
696 4752 938 4822 suppetiasferret.
980 4750 1053 4805 Nam
1068 4750 1091 4803 si
1102 4767 1134 4803 ex
1147 4748 1288 4820 proposito
1304 4747 1457 4802 certamine
1467 4745 1776 4817 superiordiscesseris,

171 4825 223 4886 Nan
234 4835 269 4906 pii
284 4837 335 4891 viri
345 4839 448 4907 partim
464 4845 588 4894 extremo
598 4840 660 4894 vitae
671 4840 716 4894 die
723 4841 812 4894 suncti
818 4840 939 4904 fuerant,
981 4854 1044 4893 eam
1059 4838 1164 4893 scilicet
1183 4854 1268 4909 quam
1283 4836 1352 4891 mihi
1363 4835 1502 4890 tradidisti
1514 4835 1671 4889 doctrinam
1684 4852 1779 4889 veram

170 4917 287 4979 aroneis
309 4926 416 4981 scilicet
435 4927 548 4983 urbium
575 4929 740 4999 praetoribus
762 4929 939 4992 obtruncati;
982 4927 1257 4992 essedomonstrans,
1270 4931 1353 4996 atque
1372 4941 1419 4978 eos
1432 4924 1480 4995 qui
1495 4924 1632 4978 hodierna
1645 4923 1690 4977 die
1700 4923 1781 4978 nobis

170 5010 248 5074 aarum
258 5014 479 5086 impendentium
489 5008 941 5088 periculorummetuinmontibus
982 5018 1174 5080 adversantur,
1183 5015 1211 5069 in
1223 5031 1317 5069 errore
1332 5013 1436 5067 versari
1448 5013 1610 5079 ostendens,
1622 5019 1653 5067 tn
1667 5012 1780 5084 quidem

169 5110 193 5148 2⁰
202 5103 330 5170 speluncis
340 5104 556 5173 delitescebant;
567 5108 669 5178 partim
680 5108 799 5180 denique
809 5108 941 5178 regismi-
983 5108 1120 5177 majorem
1129 5121 1213 5176 quam
1225 5104 1300 5158 ullus
1314 5119 1439 5173 unquam
1455 5102 1594 5169 babuerit,
1603 5102 1723 5172 gloriam
1739 5119 1781 5157 re·

169 5199 206 5238 uas
217 5192 438 5259 pertimescentes
453 5196 482 5249 in
495 5196 586 5250 lucem
600 5196 712 5267 prodire
727 5197 844 5250 minime
858 5197 942 5251 aude·
981 5196 1063 5260 seraa,
1083 5212 1115 5248 uc
1138 5193 1262 5247 veritatis
1288 5208 1378 5263 praeco
1395 5191 1556 5260 vocaberis3
1576 5198 1661 5263 atque
1686 5208 1738 5262 ego
1752 5191 1781 5245 in

103 5269 105 5306 ἶ
167 5268 942 5355 lantaeruunoeturnipietatiscultoroserant,inoccu1t0
982 5292 1032 5340 tua
1043 5271 1169 5337 doctrina
1177 5281 1316 5353 perstabo,
1326 5281 1535 5352 Christumque,
1545 5281 1782 5352 quemadmodum

103 5424 105 5442 Ε
165 5360 282 5424 duntaxat
292 5370 435 5427 Obristum
444 5375 577 5439 colentes,
594 5391 650 5429 non
660 5374 848 5430 autemlibere
856 5375 943 5445 ipsius
984 5371 1194 5445 praedicasti,ad
1211 5375 1366 5425 extremum
1377 5387 1466 5441 usque
1476 5369 1608 5441 spiritum
1615 5371 1713 5424 colam.
1733 5369 1783 5423 Sin

163 5451 230 5510 fidem
245 5461 415 5529 prolitentes.
425 5462 475 5517 Ille
485 5469 581 5518 autem
591 5465 678 5531 solus,
694 5469 793 5534 utpote
808 5480 943 5534 generoso
985 5467 1088 5526 autem,
1114 5460 1172 5514 sive
1200 5460 1273 5527 dolo,
1298 5459 1355 5514 sive
1382 5459 1455 5514 serio
1484 5477 1517 5514 ac
1536 5477 1600 5514 vere
1624 5462 1781 5529 superatus,

103 5545 105 5551 '
159 5543 242 5601 inimo
254 5551 384 5620 praeditos
397 5551 434 5608 ad
448 5554 684 5624 propugnandam
693 5553 839 5608 veritatem
855 5570 945 5608 acees-
984 5550 1170 5623 ignominiam
1192 5549 1262 5604 mihi
1285 5550 1459 5617 conllaveris,
1479 5548 1679 5605 contumeliam
1690 5559 1783 5600 meam
