3818 6120
176 315 227 389 ltt
684 302 730 371 ot
748 297 844 370 oms
862 293 1011 366 raram
1029 295 1136 366 Lista
1155 293 1299 367 lethus.
1760 302 1811 366 aar

175 439 333 510 S'uccedunt'
348 444 467 501 orationi
487 441 626 506 lacry'rna'e,
644 439 735 492 rn'e'tiis
750 437 851 506 ingens
865 417 1166 498 inraditllcesserunt,
1184 439 1213 488 et
1228 419 1263 488 ad
1278 435 1381 491 Christi
1408 429 1458 492 Dei
1482 438 1569 491 nostri
1590 438 1812 492 nominationem

174 537 334 615 presentes,
347 533 536 597 obsecrantur
546 531 630 583 tantae
640 524 807 581 calamitatis
823 525 974 593 exponeret
1013 539 1125 593 semper
1140 523 1268 578 universa
1281 522 1403 595 perlecta
1417 532 1492 580 sunt.
1504 528 1592 580 Nonio
1601 526 1762 597 sapientum
1770 544 1813 580 sa-

175 619 467 694 risionern.Singultus
478 623 616 689 occupant
630 620 735 680 iucem,
749 614 845 683 lingua
861 610 975 690 lletibus'
1014 611 1134 665 nitatem
1146 613 1361 668 admirationem
1372 614 1681 679 ascribatAntonio,sed
1692 608 1812 668 Domino

175 717 353 794 praepeditur,
366 718 394 767 et
408 713 437 765 in
447 710 539 764 medio
554 709 756 761 conatusermo
768 701 874 772 gemitu
883 700 972 752 inter·
1013 688 1089 765 lesu,
1102 701 1149 771 qui
1164 702 1275 755 solitam
1290 720 1357 772 erga
1371 709 1515 757 creaturas
1530 721 1593 757 suas
1614 699 1747 757 exhibens
1762 702 1812 757 be·

175 808 325 879 rumpitur.
337 798 490 856 Virtamen
502 788 968 851 cumvociserationeluctuosaait:
1013 787 1215 853 nescientiam,
1243 809 1317 845 nunc
1337 809 1447 863 quoque
1468 811 1519 864 per
1537 793 1655 846 electum
1673 790 1812 846 famulum

175 886 275 954 llelius
291 897 361 957 erat,
374 908 389 944 0
401 885 663 956 tiliol,i,impendens'
669 880 809 953 piaculum
818 879 872 932 cita
883 880 972 930 morte
1014 895 1095 932 suum
1105 871 1283 949 indulgenter
1290 882 1420 937 exercuit.
1429 881 1569 935 Antonius
1579 887 1689 935 tantum
1703 878 1811 940 orabat,

175 985 288 1043 lucrari.
305 983 351 1037 Sic
364 978 500 1049 incipiens
515 979 627 1029 rursum
642 969 774 1041 lacrymis
793 967 922 1030 vincitur,
945 963 974 1018 et
1014 968 1042 1021 et
1057 967 1092 1021 ob
1107 969 1168 1021 ritae
1180 970 1241 1038 ejus
1251 970 1352 1022 merita
1366 977 1465 1024 cuncta
1480 969 1613 1023 Dominus
1628 969 1811 1040 largiebatur.

175 1072 249 1131 int'cr
263 1089 338 1143 tegra
356 1067 476 1139 suspiria
489 1063 604 1118 tandem
620 1058 725 1143 pociori
741 1057 973 1137 commodansvo-
1050 1054 1115 1110 C'ar.
1126 1050 1198 1112 Llll.
1213 1058 1333 1129 —·Srepe
1351 1064 1454 1126 autem,
1472 1066 1500 1113 ct
1514 1068 1611 1113 contra
1627 1059 1811 1121 voluntatem,

175 1183 236 1221 cem
249 1182 255 1216 :
269 1154 520 1231 lltagnum,inquit,
529 1146 669 1223 quoddam
680 1151 708 1202 et
717 1145 855 1200 universis
865 1143 973 1197 saeculis
1015 1136 1050 1200 ad
1067 1147 1232 1200 exteriorem
1244 1144 1449 1218 montemtl‘lll
1466 1168 1483 1202 a
1496 1135 1629 1202 fratribus
1643 1146 1814 1219 perduceba.

177 1245 335 1309 inauditum
345 1239 568 1301 imminetnetas.
579 1240 680 1309 Magno
688 1234 757 1290 sides
767 1222 904 1289 catholica
913 1236 974 1285 tur·
1016 1242 1071 1289 tur.
1090 1231 1124 1289 Et
1136 1253 1197 1289 cum
1211 1236 1329 1305 judices,
1347 1237 1393 1307 qui
1414 1238 1449 1292 ad
1469 1238 1587 1291 interius
1615 1230 1813 1290 archisterium

176 1332 241 1398 bine
251 1339 437 1399 subvertetur,
446 1335 474 1387 et
484 1329 611 1384 homines
616 1320 974 1397 jumentissimilesthristi
1014 1316 1088 1393 (lii)
1104 1327 1218 1395 propter
1226 1325 1404 1396 asperitatem
1417 1326 1534 1392 itineris,
1549 1331 1577 1379 et
1590 1326 1624 1379 ob
1634 1325 1813 1395 sequentium

177 1424 426 1497 sanctadiripient.
444 1420 507 1474 Vidi
522 1418 596 1472 enim
612 1417 701 1469 altere
709 1411 822 1467 Domini
833 1410 974 1464 mulorum
1016 1406 1235 1476 multitudinem,
1253 1420 1281 1467 et
1291 1404 1434 1468 horridam
1446 1409 1626 1470 solitudinem
1638 1415 1679 1468 ire
1690 1430 1746 1468 non
1762 1431 1812 1483 po-

177 1518 381 1576 circumdatum
394 1508 572 1564 multitudine
582 1503 607 1575 (l
617 1509 623 1556 l
632 1504 669 1573 ἵ),
682 1502 729 1574 qui
744 1501 848 1554 crebris
857 1499 974 1553 calcium
1016 1506 1118 1564 terant,
1131 1502 1318 1572 pervenirent,
1332 1509 1360 1556 et
1369 1510 1568 1573 quaererentut
1581 1505 1641 1574 ejus
1652 1504 1816 1556 fruerentur

178 1609 279 1665 ictibus
293 1603 388 1660 emma
402 1596 585 1669 dissipabant·
598 1585 805 1647 Haeceslcausa
817 1589 974 1659 gemituum
1016 1587 1183 1661 aspectibus,
1195 1608 1245 1644 nec
1258 1591 1408 1662 impetrare
1419 1593 1610 1663 possentquia
1620 1583 1815 1645 molestissime

179 1712 315 1758 meorum,
333 1709 401 1764 quos
412 1687 538 1742 audistis.
554 1680 589 1738 st
601 1683 671 1737 lacta
688 1683 731 1735 est
745 1697 793 1733 vox
807 1677 919 1732 Domini
933 1676 975 1730 di·
1017 1679 1125 1732 screbat
1145 1679 1317 1733 vexationem
1345 1681 1533 1742 discursuum,
1560 1681 1633 1751 ipsos
1657 1687 1812 1738 catenatos,

109 1828 113 1835 ι
179 1805 245 1843 cens
262 1807 268 1840 ι
285 1774 638 1838 Abominabituraltarium
650 1772 753 1824 ineam.
770 1766 827 1821 Nec
838 1783 926 1831 mora,
940 1765 976 1817 vi·
989 1737 1087 1839 fdquos
1102 1776 1151 1822 aut
1160 1755 1296 1829 noxietas,
1312 1775 1361 1823 aut
1372 1771 1448 1839 rigor
1461 1769 1813 1840 publicusconstrinxerat,

179 1878 288 1932 sionem
299 1869 426 1940 sequitur
436 1865 566 1924 effecum:
580 1877 645 1914 llam
654 1862 718 1930 post
727 1872 815 1910 annos
825 1855 894 1909 duos
904 1851 974 1922 (1¹18)
1017 1852 1054 1910 ad
1067 1874 1131 1910 eum
1146 1856 1333 1918 destinabant,
1353 1858 1470 1912 scientes
1485 1860 1555 1912 talus
1570 1852 1605 1912 ab
1620 1856 1742 1911 Antonio
1758 1873 1814 1910 non

180 1974 254 2019 saera
268 1954 436 2015 Arienorum
451 1952 554 2022 irrupit
569 1949 687 2004 insania.
704 1936 782 2000 'lunc
796 1940 975 1998 ecclesiarum
1018 1962 1099 2016 posse
1114 1947 1274 2008 conternni;
1289 1964 1407 2017 quorum
1417 1947 1528 2000 tlctibus
1543 1953 1693 2018 superatus
1703 1951 1815 2017 pertra-

180 2041 295 2109 fuerunt¹
305 2046 419 2118 rapinae,
431 2048 497 2097 tunc
508 2039 665 2094 divinorum
677 2034 824 2090 temeratio
835 2049 974 2088 rasorum.
1018 2026 1137 2088 bebatur
1151 2025 1185 2088 ad
1200 2036 1365 2089 exteriorem
1376 2041 1510 2101 montem,
1524 2053 1676 2106 agnoscens
1691 2034 1817 2089 laborem

180 2147 249 2196 tunc
259 2136 372 2210 pollutis
382 2131 556 2187 ethnicorum
568 2125 697 2180 manibus
708 2120 979 2194 sacrapollutasunt
1019 2140 1102 2177 suum
1116 2123 1213 2177 utilem
1232 2125 1340 2179 miseris
1364 2125 1436 2192 tore,
1460 2124 1649 2195 suadebatque
1662 2120 1815 2196 judicibus,

181 2221 598 2291 ministeria,tuncpaganorum
608 2206 874 2286 opiticumpraesidia
883 2210 979 2264 adver·
1020 2213 1068 2283 qui
1083 2230 1147 2265 curn
1160 2213 1354 2279 inritaverant,
1368 2215 1438 2268 utin
1451 2199 1776 2284 sententiaprolerenda,
1790 2219 1820 2266 ct

181 2335 230 2373 sus
238 2308 617 2379 Christumcomparatacum
625 2300 980 2373 assumptionepalmaium
1021 2301 1084 2355 odio
1094 2307 1122 2355 et
1133 2302 1239 2371 gratim,
1252 2300 1302 2356 Dei
1312 2302 1441 2356 timorem
1452 2296 1668 2374 anteponerent,
1680 2319 1730 2356 nec
1741 2302 1819 2372 igno-

182 2396 268 2479 (quod
275 2399 439 2457 idololatriae
455 2396 528 2468 apud
538 2392 735 2449 Alexandriam
747 2390 856 2459 insigne
864 2392 928 2456 est),
944 2386 979 2441 ad
1021 2406 1083 2444 rare
1097 2407 1144 2443 rios
1158 2387 1259 2445 debere
1273 2392 1347 2462 quod
1363 2393 1497 2462 scriptum
1514 2399 1557 2445 est
1571 2411 1576 2443 :
1590 2390 1762 2462 Quocunque
1769 2392 1819 2460 ju-

183 2493 328 2550 ecclesiam
355 2503 471 2561 pergere
498 2480 737 2554 compellebantur
765 2476 928 2542 Christiani,
949 2481 980 2530 ut
1021 2478 1093 2532 dicio
1106 2468 1308 2548 judicaveritis,
1324 2469 1817 2550 ineojudicabiturdorolris(dimili.

182 2575 350 2639 Arianorurn
365 2575 460 2649 populi
475 2571 656 2627 crederentur
671 2568 693 2635 (l
703 2566 752 2638 19).
775 2566 850 2622 Proh
873 2565 978 2619 scelus!
1021 2571 1086 2637 ru);
1103 2573 1227 2621 attamen
1239 2570 1313 2623 inter
1327 2569 1582 2623 mediossermones
1592 2567 1740 2623 charmsibi
1751 2568 1819 2620 soli·

184 2674 280 2728 horret
295 2667 407 2723 animus
418 2663 553 2734 replicare
568 2677 629 2731 qum
643 2660 724 2729 gesta
737 2662 804 2710 sunt
819 2675 825 2708 :
840 2654 981 2723 virginum
1021 2656 1127 2710 tudinis
1141 2656 1349 2710 recordabatur.
1368 2658 1434 2710 Post
1444 2665 1568 2711 coactam
1584 2657 1679 2727 itaque
1694 2672 1820 2726 praesen-

185 2766 434 2824 matronarumque
445 2749 558 2823 ereptus
568 2744 892 2820 pudor;sangu'isoviam
903 2742 981 2797 Chri-
1022 2745 1101 2810 tiam,
1119 2762 1203 2815 quam
1218 2744 1297 2800 ducis
1308 2763 1413 2816 preces,
1431 2752 1468 2809 et,
1480 2745 1553 2817 quod
1566 2745 1657 2799 verius
1671 2751 1722 2810 est,
1734 2744 1820 2797 mise-

183 2839 219 2905 sti
233 2849 262 2903 in
277 2844 380 2901 Christi
395 2839 499 2912 templo
511 2832 615 2892 effusus
630 2834 788 2889 veneranda
797 2832 930 2904 respersit
939 2831 981 2885 al·
1023 2851 1118 2887 rorum
1136 2834 1217 2887 dctus
1232 2839 1395 2897 extorserat,
1413 2841 1475 2906 post
1485 2834 1745 2899 salutarianion'rta,
1757 2838 1822 2904 post

182 2938 269 3005 tarla3
279 2930 473 3006 baptisterium
481 2924 678 3006 provoluntate
688 2915 834 2994 gentilium
844 2912 981 2992 pollutum
1023 2940 1135 2976 reorum
1149 2911 1430 2989 commendationem,
1442 2919 1627 2993 quorumdam
1638 2924 1723 2977 etiam
1739 2921 1822 2976 abso·

184 3033 236 3085 est.
253 3023 328 3081 Nihil
339 3012 428 3076 deluit
441 3017 555 3072 visionis
564 3014 684 3080 veritati,
696 3015 728 3067 ut
741 3010 906 3066 monstrarit
916 3004 982 3091 cde·
1024 3011 1169 3075 lutionem,
1185 3012 1339 3082 postulanti
1358 3004 1431 3076 duci,
1449 3019 1481 3066 ut
1497 3006 1580 3082 paulo
1602 3012 1708 3082 largius
1729 3010 1821 3064 eidem

184 3111 255 3180 ctus,
273 3113 347 3186 quod
366 3106 573 3164 calcitrantiiim
596 3104 748 3157 multorum
764 3096 982 3170 indisciplinatio
990 3118 1103 3198 Gsuam
1115 3101 1293 3171 praesentiam
1304 3101 1516 3171 indulgeret-,ait
1524 3105 1578 3156 iton
1586 3118 1665 3172 posse
1676 3118 1705 3155 se
1715 3099 1821 3154 diutius

184 3204 352 3262 halanorum
369 3200 442 3254 esset
452 3195 590 3267 impietas·
1025 3183 1086 3255 '5'ss
1099 3178 1202 3243 ibidem
1214 3189 1327 3252 morari,
1336 3194 1416 3259 grato
1427 3207 1494 3245 usus
1506 3190 1641 3261 ei‘emplo,
1655 3190 1730 3260 quod
1740 3187 1824 3243 sicuti

221 3290 276 3347 Sed
300 3291 383 3344 istam
412 3285 556 3340 tristitiam
584 3278 779 3350 consequentis
805 3274 983 3331 revelationis
1024 3277 1114 3350 pisces
1129 3278 1163 3331 ab
1179 3285 1252 3349 aqua
1261 3279 1386 3338 extracti,
1402 3296 1465 3332 mox
1488 3279 1517 3333 in
1534 3267 1625 3333 arenti
1639 3277 1715 3332 terra
1729 3284 1821 3331 more-

185 3379 371 3454 prosperitate
387 3376 493 3429 solatus
509 3376 560 3438 est,
578 3375 606 3425 et
616 3369 656 3424 ait
672 3387 677 3420 :
695 3363 797 3425 Nolite,
814 3365 901 3429 filioli,
913 3372 983 3417 ina·
1025 3366 1123 3421 rentur
1149 3370 1342 3435 (Pelop.,t.1i,
1362 3360 1441 3437 aab),
1468 3370 1507 3422 ita
1529 3371 1557 3422 et
1581 3360 1732 3421 monachos
1758 3380 1822 3420 cum

187 3470 245 3526 rori
261 3487 309 3523 vos
324 3465 436 3539 penitus
450 3463 533 3527 dm'e;
550 3466 582 3515 ul
596 3457 669 3512 enim
682 3458 771 3510 italus
782 3460 825 3507 est
837 3453 982 3518 Dominus,
1025 3454 1203 3510 sacularibus
1214 3456 1399 3522 retardantes,
1410 3457 1541 3511 humanis
1551 3459 1645 3510 statim
1652 3456 1823 3511 resolricon-

186 3549 226 3614 ⁸30
241 3568 354 3612 rursum
367 3550 553 3613 miserebitur,
571 3550 600 3600 Ol
618 3551 699 3599 Suum
710 3544 765 3598 0510
776 3541 897 3596 Ecclesia
906 3556 985 3628 rcell-
1026 3544 1252 3598 fabulationibus.
1265 3545 1306 3599 Ob
1317 3546 1344 3598 id
1358 3563 1433 3616 ergo,
1446 3546 1546 3616 inquit,
1555 3545 1684 3599 convenit
1693 3547 1724 3598 ut
1733 3544 1823 3616 pisces

187 3646 296 3720 perabit
312 3640 443 3699 ornatum
457 3659 462 3706 ;
475 3652 588 3707 eosque.
601 3635 648 3706 qni
659 3635 687 3687 in
700 3630 940 3703 persecutionibus
950 3630 983 3683 fi·
1026 3634 1060 3686 ad
1075 3639 1161 3695 marc,
1179 3634 1218 3687 ita
1230 3639 1280 3687 nos
1294 3634 1330 3687 ad
1343 3633 1648 3696 montemtcstinemus,
1657 3639 1693 3687 nc'
1706 3630 1823 3687 tardan-

187 3736 251 3789 dem
266 3731 379 3788 Domini
389 3725 570 3788 servaverint,
588 3722 670 3777 subto
687 3719 814 3773 ridebitis
825 3717 932 3788 fulgore
944 3734 986 3772 re·
1026 3721 1101 3774 tibus
1118 3720 1197 3775 nobis
1212 3721 1307 3792 aliqua
1321 3722 1455 3792 propositi
1468 3723 1597 3776 succedat
1616 3721 1716 3775 oblitio
1737 3714 1821 3790 (its).

187 3812 322 3878 lucentes·
352 3810 539 3872 Revertantur
565 3811 600 3866 ‘dd
628 3811 720 3865 soleas
743 3812 983 3879 summittentes,
1026 3810 1080 3863 Pro
1095 3810 1311 3864 tantaliomin'is
1326 3809 1824 3882 sapientiaduxmiratusjustamde

189 3918 218 3967 et
230 3899 328 3981 religio
342 3902 454 3976 longius
467 3899 685 3974 propagabitur;
709 3901 820 3952 tantum
833 3897 932 3962 videte,
951 3902 985 3949 ne
1027 3915 1059 3951 eo
1075 3898 1141 3952 tulit
1151 3905 1299 3970 roremque
1309 3900 1487 3965 sententiam,
1505 3894 1600 3954 dicens
1616 3919 1621 3952 :
1638 3899 1710 3952 Vere
1714 3900 1825 3968 justum

189 3991 255 4056 fidei
274 4002 372 4052 vestrm
391 3991 537 4048 sinceritas
555 3989 661 4044 Ariana
679 3985 741 4040 labe
755 3986 906 4040 sordescat.
924 3985 986 4038 Nori
1028 3992 1089 4041 ess'e
1103 3987 1153 4041 Dei
1169 3985 1314 4053 famulum,
1334 4002 1384 4043 nec
1403 3989 1431 4042 in
1446 3990 1551 4043 rustico
1565 3979 1679 4043 homine
1700 3987 1826 4060 potuisse

190 4088 390 4162 apostolorum,
407 4083 455 4137 sed
470 4081 629 4135 damonum
640 4079 668 4130 et
678 4074 764 4148 patris
779 4071 986 4129 eorumdiaboli
1028 4082 1136 4130 tantam
1161 4074 1314 4147 aliquando
1330 4079 1421 4131 inesse
1443 4078 1619 4149 sapientiam,
1651 4077 1704 4132 nisi
1732 4077 1826 4131 divino

189 4165 245 4234 ieta
253 4170 429 4231 doctrinaest
439 4191 445 4238 ;
454 4163 489 4224 ob
499 4169 528 4223 id
538 4174 590 4239 per
596 4164 787 4236 insipientiam
794 4165 988 4233 jumentorum
1028 4174 1123 4218 aniore
1137 4171 1291 4234 regeretur.
1516 4167 1522 4177 ’

190 4255 290 4323 similis
304 4261 445 4336 pecudum
459 4275 556 4313 eorum
571 4271 718 4328 expressus
733 4244 906 4307 estanimus.
1065 4251 1129 4307 (lar.
1149 4248 1221 4310 LlV.
1241 4284 1273 4292 —
1289 4241 1429 4307 Praeterea
1443 4268 1506 4307 cum
1523 4242 1651 4309 Balae'ius
1671 4250 1754 4324 rtet),
1778 4255 1830 4325 qui

226 4350 292 4411 (inp.
306 4343 364 4409 LII.
376 4381 408 4391 -
418 4342 569 4417 Hucusque
578 4334 725 4399 Antonius.
738 4336 793 4396 Sed
812 4348 861 4394 nos
872 4340 987 4394 minime
998 4334 1080 4396 Dsub
1096 4343 1224 4396 Nestorio
1236 4332 1550 4413 praetecto‘lllerandriae
1565 4332 1620 4396 dux
1634 4333 1747 4416 AEgypti
1762 4342 1826 4407 tuit,

190 4434 320 4501 convenit
329 4437 533 4502 diffidere,tam
545 4427 652 4506 grande
662 4432 830 4486 miraculum
842 4428 987 4501 perhomi-
1029 4430 1113 4484 ltomo
1126 4431 1236 4485 arianae
1253 4432 1409 4502 iniquitatis
1424 4420 1645 4487 studiosissimus
1668 4432 1769 4498 fautor,
1787 4432 1828 4486 ita

191 4552 255 4590 nem
265 4530 391 4605 potuisse
401 4515 986 4600 portendi.Salratorisenimpromissioest‚
1030 4512 1134 4573 Cltrlstl
1153 4519 1303 4573 Ecclesiam
1319 4526 1544 4590 persequeretur,
1565 4526 1597 4575 ut
1616 4522 1710 4575 animo
1725 4525 1828 4576 vesano

191 4623 232 4677 ita
245 4612 364 4676 dlcentis
376 4638 383 4672 :
394 4613 423 4671 S'i
434 4611 588 4669 habueritis
598 4608 682 4663 tidem
699 4611 731 4662 nt
739 4613 859 4677 granum
872 4605 987 4677 sinapis,
1033 4607 1151 4677 virgines
1159 4608 1492 4678 monachosquenudatos
1500 4602 1659 4664 verberaret
1669 4599 1827 4681 i'npu'blico,

191 4702 292 4765 dicetis
304 4706 369 4762 huic
386 4702 484 4767 monti,
500 4690 633 4756 ‘lransler
646 4701 684 4761 te,
705 4700 734 4750 et
751 4692 945 4759 transferetur,
962 4698 992 4747 et
1031 4695 1138 4750 adeum
1147 4697 1286 4751 antonius
1298 4686 1409 4751 litteras
1424 4689 1509 4762 misit,
1522 4706 1642 4769 quarum
1652 4686 1706 4752 ista
1716 4695 1830 4753 senten.

192 4797 263 4854 nihil
271 4791 443 4868 impossibile
459 4791 512 4846 erit
525 4787 602 4843 vobis
613 4787 719 4854 (macic.
732 4776 855 4867 xvir).itt
865 4783 968 4866 iterum
981 4789 989 4836 :'
1031 4783 1073 4840 tla'
1085 4788 1145 4840 est:
1163 4774 1251 4840 Video
1259 4786 1330 4839 iram
1345 4775 1394 4841 liet
1409 4787 1566 4841 venientem
1578 4791 1710 4859 superte,
1731 4773 1830 4841 desine

192 4882 282 4943 limen
297 4900 380 4938 amen
389 4868 543 4945 diceretis
554 4880 635 4932 omne
649 4872 723 4946 quod
734 4871 870 4944 petieritis
877 4872 990 4926 Patrem
1031 4875 1160 4945 persequi
1174 4866 1359 4943 Christianos,
1370 4891 1405 4929 ne
1417 4880 1445 4929 te
1456 4875 1498 4928 ira'
1512 4880 1636 4949 occupet,
1654 4892 1715 4946 qua
1734 4875 1830 4946 proxi.

192 4976 222 5029 iss
238 4972 352 5028 ¹¹0¹1¹l¹le
378 4985 450 5033 ¹³00,
472 4965 549 5021 dabit
576 4963 664 5019 Vobis·
688 4959 778 5017 Petite
799 4968 828 5015 et
849 4960 993 5032 accipietis
1031 4953 1834 5045 mumJ'amtibiminaturinteritumLegitintelix'epistoae

195 5053 284 5132 (scon.
301 5063 369 5126 xvi).
385 5049 447 5128 lpse
465 5056 540 5109 enim
562 5055 620 5108 suis
645 5049 790 5123 discipulis
812 5053 841 5104 et
861 5049 991 5104 universo
1027 5050 1104 5117 lum3
1123 5048 1156 5106 et
1168 5042 1267 5113 irrisit,
1282 5056 1366 5122 atque
1380 5053 1410 5106 in
1425 5069 1486 5106 eam
1501 5060 1649 5125 exspuens,
1671 5052 1789 5124 projecit
1800 5053 1832 5107 in

194 5147 369 5207 credentium
383 5146 462 5217 gregi
478 5147 552 5198 iiunc'
562 5141 763 5213 subjectionem
778 5139 989 5205 demoniorum,
1032 5139 1155 5207 terram;
1171 5140 1322 5210 portitores
1331 5155 1441 5212 quoqne
1454 5141 1551 5195 multis
1567 5136 1691 5196 afficiens
1706 5129 1830 5211 injuriis,

195 5248 269 5296 nunc
283 5237 424 5292 variarum
440 5233 637 5289 infirmitatum
652 5230 786 5301 pollicens
805 5227 991 5292 mirationem,
1033 5227 1394 5284 antoniotali‘arenuntiarl'
1405 5229 1696 5302 praecepimtluoniam
1706 5216 1834 5284 curatibi

194 5328 303 5384 aiebat:
313 5325 406 5381 Gratis
416 5323 570 5394 accepistis,
578 5320 665 5392 gratis
673 5319 738 5404 date
747 5316 997 5403 liltcttbxlhumff
1034 5318 1180 5389 tantopere
1192 5317 1392 5374 inonaclrormn
1402 5324 1454 5384 est,
1467 5319 1553 5373 etiam
1568 5320 1603 5373 ad
1614 5324 1641 5373 te
1659 5320 1715 5373 mei
1726 5318 1837 5390 rigoris

195 5402 992 5490 quidsuaevmutisimperiocurabatnntontusmumquid
1032 5399 1833 5480 transibitrlisciplina.Sedconfestimminatoremoppres·

108 5536 122 5587 „⁴
195 5525 252 5562 suae
271 5502 464 5578 possibilitatis
482 5496 672 5579 arbitrabatur
697 5509 757 5548 essc
778 5490 851 5565 quod
866 5494 992 5548 tecera'tl
1033 5495 1070 5548 sit
1083 5496 1261 5567 supplicium,
1276 5497 1304 5550 et
1323 5503 1386 5568 post
1403 5498 1525 5569 quinque
1540 5495 1600 5551 dies
1614 5514 1645 5569 os
1663 5496 1833 5552 effrenatum

196 5593 448 5658 Orationibusnon
459 5584 605 5660 preceptis
615 5579 688 5654 (tto)
698 5579 993 5653 damonesmortique
1031 5582 1395 5657 amcminacompescnit.
1412 5580 1562 5656 Egreditur
1572 5586 1647 5640 enirn
1660 5575 1695 5640 ad
1710 5574 1833 5658 prinam
